date_utc,amount,direction,indexPrice,instrument,iv,price,quantity,tickDirection,timeStamp,tradeId,tradeSeq
2019-02-15 11:53:01.538,0.5,sell,3574.09,BTC-29MAR19-4750-C,54.74,0.0055,0.5,1,1550231581538,15386634,1
2019-02-15 14:23:42.703,0.3,buy,3552.44,BTC-29MAR19-4750-C,57.65,0.0065,0.3,1,1550240622703,15392718,3
2019-02-15 14:23:42.703,4.7,buy,3552.44,BTC-29MAR19-4750-C,57.65,0.0065,4.7,0,1550240622703,15392717,2
2019-02-15 14:24:13.069,3.0,buy,3555.3,BTC-29MAR19-4750-C,57.53,0.0065,3.0,1,1550240653069,15393352,4
2019-02-15 16:40:16.509,0.3,buy,3559.69,BTC-29MAR19-4750-C,58.56,0.006999999999999999,0.3,0,1550248816509,15400221,5
2019-02-16 02:27:35.321,0.2,sell,3574.07,BTC-29MAR19-4750-C,56.14,0.006,0.2,2,1550284055321,15404886,6
2019-02-17 04:54:08.664,3.0,buy,3593.51,BTC-29MAR19-4750-C,56.83,0.0065,3.0,0,1550379248664,15427671,7
2019-02-18 00:58:10.344,0.5,buy,3663.47,BTC-29MAR19-4750-C,55.29,0.006999999999999999,0.5,0,1550451490344,15466382,8
2019-02-18 17:02:34.257,21.5,buy,3851.19,BTC-29MAR19-4750-C,56.05,0.0125,21.5,0,1550509354257,15566235,11
2019-02-18 17:02:34.257,0.1,buy,3851.19,BTC-29MAR19-4750-C,55.37,0.012,0.1,0,1550509354257,15566233,9
2019-02-18 17:02:34.257,3.8,buy,3851.19,BTC-29MAR19-4750-C,55.37,0.012,3.8,1,1550509354257,15566234,10
2019-02-18 17:02:34.264,6.6000000000000005,sell,3851.19,BTC-29MAR19-4750-C,56.05,0.0125,6.6000000000000005,1,1550509354264,15566236,12
2019-02-18 17:02:35.345,10.0,buy,3850.33,BTC-29MAR19-4750-C,56.06,0.0125,10.0,1,1550509355345,15566252,13
2019-02-18 17:02:35.365,2.2,sell,3850.33,BTC-29MAR19-4750-C,56.06,0.0125,2.2,1,1550509355365,15566253,14
2019-02-18 17:07:23.440,2.0,buy,3849.65,BTC-29MAR19-4750-C,56.82,0.013,2.0,0,1550509643440,15567332,15
2019-02-18 22:13:40.134,0.2,sell,3846.9,BTC-29MAR19-4750-C,57.73,0.0135,0.2,1,1550528020134,15583334,17
2019-02-18 22:13:40.134,0.2,sell,3846.9,BTC-29MAR19-4750-C,57.73,0.0135,0.2,0,1550528020134,15583333,16
2019-02-18 22:30:05.309,0.2,sell,3849.91,BTC-29MAR19-4750-C,58.85,0.0145,0.2,0,1550529005309,15584379,18
2019-02-18 22:39:12.335,0.1,buy,3849.71,BTC-29MAR19-4750-C,58.66,0.0145,0.1,1,1550529552335,15584675,19
2019-02-18 22:40:29.584,0.1,sell,3850.58,BTC-29MAR19-4750-C,58.66,0.0145,0.1,1,1550529629584,15584683,20
2019-02-18 22:56:44.532,0.2,sell,3855.38,BTC-29MAR19-4750-C,57.82,0.014,0.2,2,1550530604532,15584882,21
2019-02-19 00:38:11.591,1.0,buy,3917.45,BTC-29MAR19-4750-C,59.05,0.0175,1.0,0,1550536691591,15591676,22
2019-02-19 01:16:36.193,0.2,sell,3898.96,BTC-29MAR19-4750-C,59.86,0.0175,0.2,1,1550538996193,15599424,23
2019-02-19 11:52:52.469,1.0,sell,3872.74,BTC-29MAR19-4750-C,60.98,0.0175,1.0,1,1550577172469,15621251,24
2019-02-19 13:26:16.587,0.2,sell,3935.43,BTC-29MAR19-4750-C,59.95,0.019,0.2,0,1550582776587,15627221,25
2019-02-19 14:45:05.370,1.1,buy,3917.4,BTC-29MAR19-4750-C,60.95,0.019,1.1,1,1550587505370,15644374,26
2019-02-20 19:58:15.158,2.0,buy,3924.0,BTC-29MAR19-4750-C,61.83,0.019,2.0,1,1550692695158,15709424,29
2019-02-20 19:58:15.158,6.7,buy,3924.0,BTC-29MAR19-4750-C,61.25,0.0185,6.7,2,1550692695158,15709422,27
2019-02-20 19:58:15.158,5.0,buy,3924.0,BTC-29MAR19-4750-C,61.83,0.019,5.0,0,1550692695158,15709423,28
2019-02-21 03:22:11.822,1.0,sell,3920.44,BTC-29MAR19-4750-C,56.91,0.0145,1.0,2,1550719331822,15718856,30
2019-02-21 07:49:05.879,10.0,buy,3932.27,BTC-29MAR19-4750-C,60.66,0.018000000000000002,10.0,0,1550735345879,15731232,31
2019-02-21 07:49:05.879,10.0,buy,3932.27,BTC-29MAR19-4750-C,60.66,0.018000000000000002,10.0,1,1550735345879,15731233,32
2019-02-21 09:32:34.432,10.0,sell,3916.17,BTC-29MAR19-4750-C,59.0,0.016,10.0,2,1550741554432,15736281,33
2019-02-21 09:32:34.438,6.0,buy,3916.17,BTC-29MAR19-4750-C,58.38,0.0155,6.0,2,1550741554438,15736282,34
2019-02-21 09:35:41.473,10.0,sell,3910.51,BTC-29MAR19-4750-C,58.5,0.0155,10.0,3,1550741741473,15736472,35
2019-02-21 10:48:35.372,0.6,sell,3890.11,BTC-29MAR19-4750-C,58.81,0.015,0.6,2,1550746115372,15739065,36
2019-02-21 10:50:12.994,5.0,sell,3891.28,BTC-29MAR19-4750-C,56.13,0.013000000000000001,5.0,3,1550746212994,15739102,39
2019-02-21 10:50:12.994,10.0,sell,3891.28,BTC-29MAR19-4750-C,56.8,0.0135,10.0,2,1550746212994,15739100,37
2019-02-21 10:50:12.994,5.0,sell,3891.28,BTC-29MAR19-4750-C,56.13,0.013000000000000001,5.0,2,1550746212994,15739101,38
2019-02-22 08:17:54.287,10.0,sell,3894.79,BTC-29MAR19-4750-C,56.97,0.013000000000000001,10.0,3,1550823474287,15760537,40
2019-02-22 11:20:10.968,0.9,buy,3922.21,BTC-29MAR19-4750-C,56.51,0.013999999999999999,0.9,0,1550834410968,15767642,41
2019-02-22 11:21:49.380,0.9,buy,3925.74,BTC-29MAR19-4750-C,56.33,0.013999999999999999,0.9,1,1550834509380,15767655,42
2019-02-22 11:44:49.850,12.8,buy,3925.89,BTC-29MAR19-4750-C,56.45,0.013999999999999999,12.8,1,1550835889850,15768336,44
2019-02-22 11:44:49.850,3.2,buy,3925.89,BTC-29MAR19-4750-C,56.45,0.013999999999999999,3.2,1,1550835889850,15768335,43
2019-02-22 11:48:01.859,0.3,sell,3923.93,BTC-29MAR19-4750-C,55.8,0.0135,0.3,2,1550836081859,15768403,45
2019-02-22 11:49:48.751,0.9,buy,3921.59,BTC-29MAR19-4750-C,56.66,0.013999999999999999,0.9,0,1550836188751,15768497,46
2019-02-22 12:23:39.263,6.3,buy,3940.98,BTC-29MAR19-4750-C,55.73,0.013999999999999999,6.3,1,1550838219263,15769488,47
2019-02-22 13:12:29.145,10.0,buy,3936.26,BTC-29MAR19-4750-C,57.02,0.015,10.0,0,1550841149145,15773088,48
2019-02-22 14:56:41.541,0.1,buy,3941.94,BTC-29MAR19-4750-C,58.02,0.016,0.1,0,1550847401541,15778749,49
2019-02-22 18:21:39.670,0.9,sell,3941.12,BTC-29MAR19-4750-C,57.46,0.015,0.9,2,1550859699670,15785766,50
2019-02-22 20:15:16.782,0.9,sell,3933.91,BTC-29MAR19-4750-C,58.02,0.015,0.9,3,1550866516782,15786926,51
2019-02-22 21:23:08.441,2.0,buy,3938.61,BTC-29MAR19-4750-C,59.6,0.0165,2.0,0,1550870588441,15787717,52
2019-02-22 21:23:32.247,6.0,sell,3938.07,BTC-29MAR19-4750-C,57.72,0.015,6.0,2,1550870612247,15787737,53
2019-02-23 03:38:03.631,0.9,buy,3938.18,BTC-29MAR19-4750-C,59.95,0.0165,0.9,0,1550893083631,15793230,54
2019-02-23 07:24:20.130,1.0,sell,3925.73,BTC-29MAR19-4750-C,59.64,0.0155,1.0,2,1550906660130,15797247,55
2019-02-23 13:29:25.198,1.0,buy,3931.18,BTC-29MAR19-4750-C,63.34,0.0185,1.0,0,1550928565198,15803274,56
2019-02-23 17:15:19.252,0.9,buy,3975.51,BTC-29MAR19-4750-C,62.18,0.019,0.9,0,1550942119252,15816380,57
2019-02-23 17:45:08.251,0.9,buy,4041.82,BTC-29MAR19-4750-C,60.49,0.0205,0.9,0,1550943908251,15824662,58
2019-02-23 17:45:58.691,0.9,sell,4045.49,BTC-29MAR19-4750-C,59.7,0.02,0.9,2,1550943958691,15824809,59
2019-02-23 20:41:04.534,0.9,sell,4141.26,BTC-29MAR19-4750-C,58.74,0.024,0.9,0,1550954464534,15846517,60
2019-02-23 22:15:36.220,1.0,buy,4111.59,BTC-29MAR19-4750-C,59.56,0.0235,1.0,2,1550960136220,15851835,61
2019-02-24 02:55:49.924,1.0,sell,4145.01,BTC-29MAR19-4750-C,57.92,0.0235,1.0,3,1550976949924,15860259,62
2019-02-24 10:18:52.593,0.1,sell,4130.38,BTC-29MAR19-4750-C,60.73,0.0255,0.1,0,1551003532593,15876548,63
2019-02-24 14:32:38.762,1.0,buy,3778.75,BTC-29MAR19-4750-C,67.06,0.013,1.0,2,1551018758762,15917055,64
2019-02-24 15:33:34.941,8.0,sell,3787.58,BTC-29MAR19-4750-C,63.36,0.011,8.0,2,1551022414941,15935063,65
2019-02-24 15:46:23.891,2.0,buy,3784.49,BTC-29MAR19-4750-C,66.37,0.013000000000000001,2.0,0,1551023183891,15937529,66
2019-02-24 19:26:14.042,1.0,sell,3775.74,BTC-29MAR19-4750-C,65.15,0.012,1.0,2,1551036374042,15955564,67
2019-02-24 19:26:34.803,1.0,sell,3775.59,BTC-29MAR19-4750-C,65.16,0.012,1.0,3,1551036394803,15955567,68
2019-02-24 23:22:08.165,2.0,sell,3765.27,BTC-29MAR19-4750-C,63.31,0.0105,2.0,2,1551050528165,15964497,69
2019-02-25 02:57:19.698,10.0,sell,3772.89,BTC-29MAR19-4750-C,63.84,0.011,10.0,0,1551063439698,15971938,70
2019-02-25 08:56:21.441,5.0,sell,3772.62,BTC-29MAR19-4750-C,63.99,0.011,5.0,1,1551084981441,15980895,71
2019-02-25 09:10:01.568,0.1,sell,3780.0,BTC-29MAR19-4750-C,62.17,0.01,0.1,2,1551085801568,15981193,72
2019-02-25 11:48:14.779,0.1,sell,3778.16,BTC-29MAR19-4750-C,63.92,0.011,0.1,0,1551095294779,15986068,73
