date_utc,amount,direction,indexPrice,instrument,iv,price,quantity,tickDirection,timeStamp,tradeId,tradeSeq
2019-05-03 13:30:18.234,1.0,buy,167.1,ETH-17MAY19-180-P,68.42,0.102,1.0,1,1556890218234,1441426,1
2019-05-07 00:51:29.856,64.0,sell,178.54,ETH-17MAY19-180-P,74.07,0.054000000000000006,64.0,2,1557190289856,1546847,2
2019-05-07 00:52:46.304,50.0,sell,179.07,ETH-17MAY19-180-P,73.52,0.052000000000000005,50.0,2,1557190366304,1546923,3
2019-05-07 00:52:46.333,3.0,sell,179.07,ETH-17MAY19-180-P,73.52,0.052000000000000005,3.0,3,1557190366333,1546927,4
2019-05-07 00:56:24.131,53.0,sell,180.38,ETH-17MAY19-180-P,74.83,0.049,53.0,2,1557190584131,1547647,5
2019-05-07 00:56:24.149,3.0,sell,180.38,ETH-17MAY19-180-P,74.83,0.049,3.0,3,1557190584149,1547648,6
2019-05-07 01:00:11.789,45.0,sell,179.15,ETH-17MAY19-180-P,73.9,0.052000000000000005,45.0,0,1557190811789,1548288,7
2019-05-07 01:05:47.343,50.0,sell,179.7,ETH-17MAY19-180-P,73.39,0.05,50.0,2,1557191147343,1548596,8
2019-05-07 01:42:01.246,2.0,sell,178.1,ETH-17MAY19-180-P,72.13,0.054000000000000006,2.0,0,1557193321246,1550360,9
2019-05-07 11:37:56.918,1.0,sell,175.37,ETH-17MAY19-180-P,79.51,0.067,1.0,0,1557229076918,1564336,10
2019-05-07 14:12:16.817,1.0,buy,172.8,ETH-17MAY19-180-P,74.3,0.073,1.0,0,1557238336817,1567907,11
2019-05-07 23:52:30.540,50.0,buy,167.04,ETH-17MAY19-180-P,82.57,0.102,50.0,0,1557273150540,1593026,12
2019-05-07 23:52:30.647,11.0,buy,166.98,ETH-17MAY19-180-P,82.07,0.102,11.0,1,1557273150647,1593057,13
2019-05-07 23:52:30.706,12.0,buy,166.98,ETH-17MAY19-180-P,82.07,0.102,12.0,1,1557273150706,1593081,14
2019-05-07 23:52:30.735,30.0,buy,166.98,ETH-17MAY19-180-P,82.07,0.102,30.0,1,1557273150735,1593091,15
2019-05-07 23:52:32.939,15.0,buy,166.67,ETH-17MAY19-180-P,84.77,0.105,15.0,0,1557273152939,1593221,16
2019-05-07 23:52:33.161,80.0,buy,166.67,ETH-17MAY19-180-P,84.77,0.105,80.0,1,1557273153161,1593265,17
2019-05-09 21:35:28.484,120.0,buy,169.07,ETH-17MAY19-180-P,79.58,0.086,120.0,2,1557437728484,1666130,18
2019-05-10 08:28:18.157,2.0,sell,172.25,ETH-17MAY19-180-P,73.96,0.068,2.0,2,1557476898157,1688235,19
2019-05-10 20:42:31.783,114.0,buy,170.43,ETH-17MAY19-180-P,75.03,0.075,114.0,0,1557520951783,1707654,20
2019-05-10 23:25:19.798,1.0,sell,172.43,ETH-17MAY19-180-P,79.01,0.068,1.0,2,1557530719798,1715825,21
2019-05-11 07:41:31.454,10.0,buy,177.57,ETH-17MAY19-180-P,86.99,0.052000000000000005,10.0,2,1557560491454,1742329,22
2019-05-11 09:06:51.148,1.0,sell,183.99,ETH-17MAY19-180-P,69.02,0.025,1.0,2,1557565611148,1753283,23
2019-05-11 09:36:38.959,2.0,sell,184.77,ETH-17MAY19-180-P,70.58,0.024,2.0,2,1557567398959,1755392,24
2019-05-11 09:42:32.087,1.0,sell,184.45,ETH-17MAY19-180-P,71.25,0.025,1.0,0,1557567752087,1755691,25
2019-05-11 09:43:04.064,1.0,sell,184.67,ETH-17MAY19-180-P,72.24,0.025,1.0,1,1557567784064,1755709,26
2019-05-11 10:15:55.045,1.0,sell,192.42,ETH-17MAY19-180-P,69.18,0.011000000000000001,1.0,2,1557569755045,1763990,27
2019-05-11 10:16:34.651,1.0,sell,192.2,ETH-17MAY19-180-P,68.49,0.011000000000000001,1.0,3,1557569794651,1764087,28
2019-05-11 17:09:08.853,16.0,buy,189.98,ETH-17MAY19-180-P,87.54,0.021,16.0,0,1557594548853,1795273,29
2019-05-11 17:59:10.045,5.0,sell,198.66,ETH-17MAY19-180-P,90.3,0.011000000000000001,5.0,2,1557597550045,1802121,30
2019-05-11 17:59:10.218,99.0,buy,198.66,ETH-17MAY19-180-P,80.39,0.008,99.0,2,1557597550218,1802122,31
2019-05-11 17:59:11.337,3.0,buy,198.68,ETH-17MAY19-180-P,80.44,0.008,3.0,3,1557597551337,1802124,32
2019-05-11 18:00:27.941,18.0,buy,198.66,ETH-17MAY19-180-P,83.81,0.009000000000000001,18.0,0,1557597627941,1802946,33
2019-05-11 23:10:38.150,5.0,sell,205.19,ETH-17MAY19-180-P,95.54,0.006999999999999999,5.0,2,1557616238150,1837092,34
2019-05-11 23:13:04.380,1.0,sell,205.64,ETH-17MAY19-180-P,92.34,0.006,1.0,2,1557616384380,1838660,35
2019-05-12 00:07:02.620,200.0,buy,194.86,ETH-17MAY19-180-P,97.76,0.017,200.0,0,1557619622620,1859259,36
2019-05-12 00:39:08.083,10.0,buy,187.21,ETH-17MAY19-180-P,105.88,0.033,10.0,0,1557621548083,1869755,37
2019-05-12 00:58:30.130,10.0,buy,190.44,ETH-17MAY19-180-P,106.41,0.027000000000000003,10.0,2,1557622710130,1875280,38
2019-05-12 01:07:03.533,20.0,sell,192.4,ETH-17MAY19-180-P,92.0,0.018000000000000002,20.0,2,1557623223533,1876630,39
2019-05-12 01:14:22.464,5.0,buy,192.82,ETH-17MAY19-180-P,111.28,0.025,5.0,0,1557623662464,1877976,40
2019-05-12 07:08:43.841,200.0,sell,199.13,ETH-17MAY19-180-P,96.54,0.011000000000000001,200.0,2,1557644923841,1903931,41
2019-05-12 07:32:10.376,200.0,sell,202.19,ETH-17MAY19-180-P,86.56,0.006,200.0,2,1557646330376,1907966,42
2019-05-12 08:06:09.187,2.0,sell,202.41,ETH-17MAY19-180-P,120.28,0.015,2.0,0,1557648369187,1910638,43
2019-05-12 09:20:34.200,200.0,sell,196.93,ETH-17MAY19-180-P,90.51,0.011000000000000001,200.0,2,1557652834200,1924328,44
2019-05-12 09:42:55.752,200.0,sell,196.61,ETH-17MAY19-180-P,89.63,0.011000000000000001,200.0,3,1557654175752,1926775,45
2019-05-12 11:39:47.022,2.0,buy,187.67,ETH-17MAY19-180-P,112.99,0.033,2.0,0,1557661187022,1948391,46
2019-05-12 12:20:44.830,62.0,sell,188.43,ETH-17MAY19-180-P,92.89,0.023,62.0,2,1557663644830,1955125,47
2019-05-12 12:20:44.932,2.0,sell,188.43,ETH-17MAY19-180-P,92.89,0.023,2.0,3,1557663644932,1955132,48
2019-05-12 12:46:51.921,5.0,sell,190.22,ETH-17MAY19-180-P,85.34,0.017,5.0,2,1557665211921,1957454,49
2019-05-12 14:57:22.490,51.0,sell,185.07,ETH-17MAY19-180-P,90.03,0.027999999999999997,51.0,0,1557673042490,1968336,50
2019-05-12 14:59:20.453,53.0,sell,184.17,ETH-17MAY19-180-P,87.73,0.028999999999999998,53.0,0,1557673160453,1968852,51
2019-05-12 14:59:36.373,8.0,sell,184.28,ETH-17MAY19-180-P,88.31,0.028999999999999998,8.0,1,1557673176373,1968924,52
2019-05-12 14:59:36.580,2.0,sell,184.28,ETH-17MAY19-180-P,88.31,0.028999999999999998,2.0,1,1557673176580,1968925,53
2019-05-12 16:12:58.828,10.0,sell,185.73,ETH-17MAY19-180-P,84.37,0.024,10.0,2,1557677578828,1978093,54
2019-05-12 16:49:21.533,20.0,sell,184.04,ETH-17MAY19-180-P,80.82,0.026,20.0,0,1557679761533,1979897,55
2019-05-12 17:12:38.358,62.0,sell,184.79,ETH-17MAY19-180-P,82.47,0.025,62.0,2,1557681158358,1980736,56
2019-05-12 17:51:06.053,1.0,buy,185.75,ETH-17MAY19-180-P,92.26,0.027000000000000003,1.0,0,1557683466053,1982590,57
2019-05-12 18:24:13.743,10.0,buy,187.49,ETH-17MAY19-180-P,98.52,0.026000000000000002,10.0,2,1557685453743,1983396,58
2019-05-13 00:01:31.427,1.0,sell,187.82,ETH-17MAY19-180-P,84.77,0.019,1.0,2,1557705691427,2002682,59
2019-05-13 06:20:10.028,30.0,buy,189.61,ETH-17MAY19-180-P,109.35,0.024,30.0,0,1557728410028,2013031,60
2019-05-13 06:39:03.001,1.0,sell,190.29,ETH-17MAY19-180-P,87.33,0.015,1.0,2,1557729543001,2013358,61
2019-05-13 10:56:35.784,51.0,buy,190.2,ETH-17MAY19-180-P,88.94,0.015,51.0,3,1557744995784,2019221,62
2019-05-13 11:36:00.584,55.0,buy,192.04,ETH-17MAY19-180-P,90.75,0.013,55.0,2,1557747360584,2020160,63
2019-05-13 11:40:36.868,53.0,buy,193.06,ETH-17MAY19-180-P,91.57,0.012,53.0,2,1557747636868,2020498,64
2019-05-13 11:40:37.514,3.0,buy,193.06,ETH-17MAY19-180-P,91.57,0.012,3.0,3,1557747637514,2020505,65
2019-05-13 12:03:45.770,42.0,buy,192.52,ETH-17MAY19-180-P,92.92,0.013000000000000001,42.0,0,1557749025770,2021822,66
2019-05-13 12:22:09.878,46.0,buy,193.29,ETH-17MAY19-180-P,96.15,0.013000000000000001,46.0,1,1557750129878,2022360,67
2019-05-13 12:42:14.020,41.0,buy,193.86,ETH-17MAY19-180-P,95.21,0.012,41.0,2,1557751334020,2023203,68
2019-05-13 12:42:49.520,50.0,buy,193.6,ETH-17MAY19-180-P,97.57,0.013000000000000001,50.0,0,1557751369520,2023339,69
2019-05-13 14:01:18.156,43.0,buy,193.5,ETH-17MAY19-180-P,94.49,0.012,43.0,2,1557756078156,2026075,70
2019-05-13 14:29:23.737,10.0,sell,194.2,ETH-17MAY19-180-P,86.68,0.009000000000000001,10.0,2,1557757763737,2026517,71
2019-05-13 14:36:06.317,52.0,buy,195.08,ETH-17MAY19-180-P,89.96,0.009000000000000001,52.0,3,1557758166317,2026800,72
2019-05-13 15:13:36.381,1.0,sell,200.51,ETH-17MAY19-180-P,104.96,0.008,1.0,2,1557760416381,2031456,73
2019-05-13 15:15:21.019,10.0,sell,198.43,ETH-17MAY19-180-P,106.22,0.01,10.0,0,1557760521019,2032415,74
2019-05-13 16:06:45.584,83.0,sell,207.95,ETH-17MAY19-180-P,129.19,0.008,83.0,2,1557763605584,2041529,75
2019-05-13 16:10:29.669,200.0,sell,204.46,ETH-17MAY19-180-P,118.34,0.008,200.0,3,1557763829669,2044331,76
2019-05-13 16:14:51.609,200.0,sell,203.24,ETH-17MAY19-180-P,109.7,0.006999999999999999,200.0,2,1557764091609,2045520,77
2019-05-13 17:26:45.706,20.0,buy,203.16,ETH-17MAY19-180-P,110.21,0.006999999999999999,20.0,3,1557768405706,2052294,78
2019-05-13 21:34:01.758,2.0,buy,204.87,ETH-17MAY19-180-P,113.05,0.006,2.0,2,1557783241758,2062742,79
2019-05-13 22:50:08.228,5.0,buy,203.01,ETH-17MAY19-180-P,113.31,0.006999999999999999,5.0,0,1557787808228,2067199,80
2019-05-13 23:09:47.328,58.0,buy,192.92,ETH-17MAY19-180-P,117.65,0.018000000000000002,58.0,0,1557788987328,2072532,81
2019-05-13 23:09:47.828,11.0,buy,192.92,ETH-17MAY19-180-P,117.65,0.018000000000000002,11.0,1,1557788987828,2072568,82
2019-05-13 23:09:48.229,42.0,buy,192.65,ETH-17MAY19-180-P,116.41,0.018000000000000002,42.0,1,1557788988229,2072586,83
2019-05-13 23:09:48.247,42.0,buy,192.65,ETH-17MAY19-180-P,116.41,0.018000000000000002,42.0,1,1557788988247,2072590,84
2019-05-13 23:16:12.976,80.0,sell,194.24,ETH-17MAY19-180-P,95.33,0.01,80.0,2,1557789372976,2074056,85
2019-05-14 01:30:53.065,30.0,buy,200.55,ETH-17MAY19-180-P,106.93,0.006999999999999999,30.0,2,1557797453065,2079574,86
2019-05-14 04:54:04.446,2.0,sell,211.84,ETH-17MAY19-180-P,133.58,0.005,2.0,2,1557809644446,2094508,87
2019-05-14 04:54:04.446,1.0,sell,211.84,ETH-17MAY19-180-P,94.76,0.001,1.0,2,1557809644446,2094509,88
2019-05-14 09:35:56.176,41.0,buy,208.45,ETH-17MAY19-180-P,102.53,0.002,41.0,0,1557826556176,2118598,89
2019-05-14 09:36:10.726,34.0,buy,208.15,ETH-17MAY19-180-P,101.72,0.002,34.0,1,1557826570726,2118612,90
2019-05-14 11:10:14.213,29.0,buy,206.99,ETH-17MAY19-180-P,99.68,0.002,29.0,1,1557832214213,2125728,91
2019-05-14 21:39:16.485,41.0,buy,208.19,ETH-17MAY19-180-P,111.85,0.002,41.0,1,1557869956485,2167804,92
2019-05-14 21:39:49.913,19.0,sell,208.61,ETH-17MAY19-180-P,98.95,0.001,19.0,2,1557869989913,2167820,93
2019-05-14 21:39:49.913,1.0,sell,208.61,ETH-17MAY19-180-P,98.95,0.001,1.0,3,1557869989913,2167821,94
2019-05-15 01:34:48.317,50.0,buy,221.62,ETH-17MAY19-180-P,136.93,0.001,50.0,3,1557884088317,2188410,95
2019-05-15 05:14:07.452,2.0,buy,225.76,ETH-17MAY19-180-P,186.86,0.003,2.0,0,1557897247452,2202247,96
2019-05-15 05:57:11.033,5.0,buy,228.59,ETH-17MAY19-180-P,181.41,0.002,5.0,2,1557899831033,2204101,97
2019-05-15 14:56:52.186,122.0,sell,231.54,ETH-17MAY19-180-P,185.69,0.001,122.0,2,1557932212186,2245837,98
