date_utc,amount,direction,indexPrice,instrument,iv,price,quantity,tickDirection,timeStamp,tradeId,tradeSeq
2019-03-21 13:30:54.915,1.0,sell,137.27,ETH-29MAR19-135-P,84.1,0.040999999999999995,1.0,1,1553175054915,83971,1
2019-03-21 14:34:36.282,10.0,sell,136.44,ETH-29MAR19-135-P,80.0,0.042,10.0,0,1553178876282,86127,2
2019-03-21 16:01:35.392,1.0,sell,134.17,ETH-29MAR19-135-P,69.67,0.045,1.0,0,1553184095392,92729,3
2019-03-21 23:05:03.854,1.0,buy,134.78,ETH-29MAR19-135-P,66.63,0.04,1.0,2,1553209503854,95583,4
2019-03-22 00:18:13.966,1.0,sell,134.27,ETH-29MAR19-135-P,60.36,0.038,1.0,2,1553213893966,96138,5
2019-03-22 05:47:34.994,22.0,buy,134.77,ETH-29MAR19-135-P,65.98,0.038,22.0,3,1553233654994,97424,6
2019-03-22 15:55:31.815,250.0,sell,136.36,ETH-29MAR19-135-P,60.65,0.028999999999999998,250.0,2,1553270131815,102489,7
2019-03-22 20:31:13.667,1.0,buy,136.59,ETH-29MAR19-135-P,62.53,0.028999999999999998,1.0,3,1553286673667,104085,8
2019-03-22 20:46:11.181,1.0,sell,136.46,ETH-29MAR19-135-P,56.73,0.027000000000000003,1.0,2,1553287571181,104475,9
2019-03-23 02:44:24.208,22.0,sell,136.45,ETH-29MAR19-135-P,57.6,0.026000000000000002,22.0,2,1553309064208,106898,10
2019-03-23 07:34:44.082,1.0,sell,137.13,ETH-29MAR19-135-P,51.39,0.02,1.0,2,1553326484082,110582,11
2019-03-23 15:32:01.007,2.0,sell,135.83,ETH-29MAR19-135-P,56.24,0.025,2.0,0,1553355121007,114491,12
2019-03-23 20:12:39.005,1.0,sell,135.83,ETH-29MAR19-135-P,61.42,0.027000000000000003,1.0,0,1553371959005,115820,13
2019-03-24 03:52:03.752,10.0,sell,135.75,ETH-29MAR19-135-P,56.1,0.024,10.0,2,1553399523752,118190,14
2019-03-24 14:27:21.998,20.0,sell,135.85,ETH-29MAR19-135-P,54.23,0.022000000000000002,20.0,2,1553437641998,120850,15
2019-03-24 16:05:56.831,84.0,sell,135.6,ETH-29MAR19-135-P,56.54,0.023,84.0,0,1553443556831,121229,16
2019-03-24 21:27:25.390,3.0,sell,134.99,ETH-29MAR19-135-P,57.35,0.025,3.0,0,1553462845390,125697,17
2019-03-24 21:33:28.374,10.0,sell,134.9,ETH-29MAR19-135-P,56.34,0.025,10.0,1,1553463208374,125753,18
2019-03-25 08:25:57.336,1.0,buy,135.04,ETH-29MAR19-135-P,63.86,0.026000000000000002,1.0,0,1553502357336,133167,19
2019-03-25 15:53:10.191,49.0,buy,133.48,ETH-29MAR19-135-P,48.01,0.026000000000000002,49.0,1,1553529190191,140100,20
2019-03-25 15:56:05.627,2.0,buy,133.14,ETH-29MAR19-135-P,54.4,0.028999999999999998,2.0,0,1553529365627,140311,21
2019-03-25 17:22:20.372,20.0,buy,133.29,ETH-29MAR19-135-P,46.6,0.026,20.0,2,1553534540372,142016,22
2019-03-25 18:58:53.031,1.0,buy,132.22,ETH-29MAR19-135-P,53.83,0.032,1.0,0,1553540333031,143641,23
2019-03-25 19:42:43.494,1.0,sell,132.16,ETH-29MAR19-135-P,45.05,0.03,1.0,2,1553542963494,146197,24
2019-03-25 23:18:50.815,15.0,sell,133.14,ETH-29MAR19-135-P,49.71,0.027000000000000003,15.0,2,1553555930815,149165,25
2019-03-25 23:47:16.883,1.0,buy,133.08,ETH-29MAR19-135-P,59.07,0.03,1.0,0,1553557636883,149710,26
2019-03-26 01:55:11.381,1.0,sell,133.43,ETH-29MAR19-135-P,50.87,0.026000000000000002,1.0,2,1553565311381,150552,27
2019-03-26 01:55:21.692,1.0,sell,133.42,ETH-29MAR19-135-P,50.87,0.026000000000000002,1.0,3,1553565321692,150553,28
2019-03-27 00:49:44.521,69.0,buy,133.77,ETH-29MAR19-135-P,53.94,0.021,69.0,2,1553647784521,163055,29
2019-03-27 00:54:32.332,57.0,buy,134.46,ETH-29MAR19-135-P,55.9,0.019,57.0,2,1553648072332,163430,30
2019-03-27 01:06:30.705,55.0,buy,134.82,ETH-29MAR19-135-P,52.75,0.017,55.0,2,1553648790705,163952,31
2019-03-27 01:06:34.633,5.0,buy,134.8,ETH-29MAR19-135-P,52.88,0.017,5.0,3,1553648794633,163953,32
2019-03-27 01:06:51.514,4.0,buy,134.78,ETH-29MAR19-135-P,52.88,0.017,4.0,3,1553648811514,163961,33
2019-03-27 01:07:19.615,10.0,buy,134.81,ETH-29MAR19-135-P,52.88,0.017,10.0,3,1553648839615,163971,34
2019-03-27 01:07:21.969,4.0,buy,134.76,ETH-29MAR19-135-P,52.52,0.017,4.0,3,1553648841969,163974,35
2019-03-27 01:07:58.333,50.0,buy,134.76,ETH-29MAR19-135-P,52.65,0.017,50.0,3,1553648878333,163983,36
2019-03-27 16:58:30.332,2.0,buy,137.48,ETH-29MAR19-135-P,62.63,0.009000000000000001,2.0,2,1553705910332,176036,37
2019-03-27 18:02:26.748,1.0,sell,137.6,ETH-29MAR19-135-P,56.65,0.006999999999999999,1.0,2,1553709746748,176374,38
2019-03-27 23:10:02.324,1.0,sell,138.22,ETH-29MAR19-135-P,61.43,0.006,1.0,2,1553728202324,179267,39
2019-03-27 23:10:02.324,1.0,sell,138.22,ETH-29MAR19-135-P,61.43,0.006,1.0,3,1553728202324,179268,40
2019-03-27 23:20:57.329,1.0,sell,139.21,ETH-29MAR19-135-P,66.52,0.005,1.0,2,1553728857329,179861,41
2019-03-28 14:23:25.153,1.0,sell,137.65,ETH-29MAR19-135-P,55.02,0.003,1.0,2,1553783005153,185760,42
2019-03-28 23:42:27.274,5.0,sell,137.26,ETH-29MAR19-135-P,62.24,0.002,5.0,2,1553816547274,189288,43
2019-03-29 03:51:02.884,3.0,sell,138.02,ETH-29MAR19-135-P,91.18,0.001,3.0,2,1553831462884,191056,44
