date_utc,amount,direction,indexPrice,instrument,iv,price,quantity,tickDirection,timeStamp,tradeId,tradeSeq
2019-04-09 15:23:53.881,5.0,sell,5213.6,BTC-31MAY19-6000-C,65.77,0.047,5.0,1,1554823433881,17577213,1
2019-04-09 15:36:34.610,4.8,sell,5215.25,BTC-31MAY19-6000-C,65.34,0.0465,4.8,2,1554824194610,17577616,2
2019-04-09 15:39:06.484,0.2,sell,5211.49,BTC-31MAY19-6000-C,64.75,0.0455,0.2,2,1554824346484,17577636,3
2019-04-10 00:16:07.013,0.1,buy,5184.77,BTC-31MAY19-6000-C,62.65,0.040999999999999995,0.1,2,1554855367013,17587315,4
2019-04-10 09:43:02.672,10.0,sell,5246.79,BTC-31MAY19-6000-C,61.59,0.0425,10.0,0,1554889382672,17596028,5
2019-04-10 14:59:05.239,0.4,sell,5270.88,BTC-31MAY19-6000-C,60.39,0.042,0.4,2,1554908345239,17602233,6
2019-04-10 17:05:48.070,0.1,buy,5270.48,BTC-31MAY19-6000-C,62.32,0.0445,0.1,0,1554915948070,17605544,7
2019-04-10 18:04:34.521,3.0,buy,5320.08,BTC-31MAY19-6000-C,61.09,0.0455,3.0,0,1554919474521,17608485,8
2019-04-10 18:05:35.128,0.8,sell,5312.51,BTC-31MAY19-6000-C,60.29,0.044000000000000004,0.8,2,1554919535128,17608786,9
2019-04-10 18:32:40.866,5.0,buy,5416.59,BTC-31MAY19-6000-C,60.39,0.05,5.0,0,1554921160866,17613511,10
2019-04-10 21:32:35.186,0.8,buy,5266.16,BTC-31MAY19-6000-C,64.1,0.0465,0.8,2,1554931955186,17645459,11
2019-04-11 03:19:12.553,5.0,sell,5291.04,BTC-31MAY19-6000-C,63.61,0.047,5.0,0,1554952752553,17657615,12
2019-04-11 11:44:45.750,0.1,buy,5032.49,BTC-31MAY19-6000-C,62.24,0.032,0.1,2,1554983085750,17696150,13
2019-04-11 11:53:37.760,0.1,buy,5057.82,BTC-31MAY19-6000-C,62.12,0.033,0.1,0,1554983617760,17696941,14
2019-04-11 12:06:59.367,0.1,buy,5053.96,BTC-31MAY19-6000-C,63.1,0.034,0.1,0,1554984419367,17697570,15
2019-04-11 12:07:07.573,0.1,buy,5051.51,BTC-31MAY19-6000-C,64.01,0.035,0.1,0,1554984427573,17697573,16
2019-04-11 12:15:57.911,5.0,sell,5036.49,BTC-31MAY19-6000-C,61.69,0.0315,5.0,2,1554984957911,17697853,17
2019-04-11 12:37:41.044,0.1,buy,5046.22,BTC-31MAY19-6000-C,62.58,0.033,0.1,0,1554986261044,17698648,18
2019-04-11 13:10:30.101,0.1,buy,5068.93,BTC-31MAY19-6000-C,62.56,0.034,0.1,0,1554988230101,17700100,19
2019-04-12 14:56:59.187,2.0,sell,5083.23,BTC-31MAY19-6000-C,58.91,0.0295,2.0,2,1555081019187,17750677,20
2019-04-12 18:54:33.902,0.1,buy,5067.21,BTC-31MAY19-6000-C,60.47,0.0305,0.1,0,1555095273902,17757840,21
2019-04-12 21:39:41.974,1.0,buy,5057.95,BTC-31MAY19-6000-C,60.9,0.0305,1.0,1,1555105181974,17760916,22
2019-04-14 21:37:31.509,0.1,sell,5109.83,BTC-31MAY19-6000-C,51.12,0.0205,0.1,2,1555277851509,17802009,23
2019-04-15 04:39:25.734,5.0,sell,5171.07,BTC-31MAY19-6000-C,56.69,0.028999999999999998,5.0,0,1555303165734,17813116,24
2019-04-15 12:19:03.415,2.0,buy,5136.71,BTC-31MAY19-6000-C,56.9,0.0275,2.0,2,1555330743415,17818637,25
2019-04-15 14:44:26.708,10.0,sell,5165.45,BTC-31MAY19-6000-C,55.85,0.0275,10.0,3,1555339466708,17820268,27
2019-04-15 14:44:26.708,6.0,sell,5165.45,BTC-31MAY19-6000-C,55.85,0.0275,6.0,3,1555339466708,17820267,26
2019-04-15 14:44:26.708,34.0,sell,5165.45,BTC-31MAY19-6000-C,55.85,0.0275,34.0,3,1555339466708,17820269,28
2019-04-15 17:34:11.542,0.3,buy,5017.87,BTC-31MAY19-6000-C,56.44,0.022000000000000002,0.3,2,1555349651542,17827183,29
2019-04-15 22:48:54.720,0.3,buy,5040.63,BTC-31MAY19-6000-C,58.58,0.025,0.3,0,1555368534720,17847749,30
2019-04-16 10:32:44.981,0.1,buy,5069.72,BTC-31MAY19-6000-C,58.72,0.026000000000000002,0.1,0,1555410764981,17855781,31
2019-04-17 05:23:52.916,0.1,buy,5220.86,BTC-31MAY19-6000-C,56.86,0.03,0.1,0,1555478632916,17892061,32
2019-04-17 07:42:40.512,1.0,buy,5222.69,BTC-31MAY19-6000-C,56.85,0.03,1.0,1,1555486960512,17893509,33
2019-04-17 11:40:42.972,0.1,sell,5245.94,BTC-31MAY19-6000-C,53.84,0.0275,0.1,2,1555501242972,17896960,34
2019-04-17 13:04:48.053,1.0,sell,5197.67,BTC-31MAY19-6000-C,54.9,0.0265,1.0,2,1555506288053,17902183,35
2019-04-18 14:15:57.214,0.5,sell,5243.47,BTC-31MAY19-6000-C,53.73,0.0265,0.5,3,1555596957214,17923375,36
2019-04-18 14:15:57.214,12.8,sell,5243.47,BTC-31MAY19-6000-C,53.28,0.026000000000000002,12.8,2,1555596957214,17923377,38
2019-04-18 14:15:57.214,5.0,sell,5243.47,BTC-31MAY19-6000-C,53.73,0.0265,5.0,3,1555596957214,17923376,37
2019-04-18 14:15:57.277,5.5,buy,5243.47,BTC-31MAY19-6000-C,53.28,0.026000000000000002,5.5,3,1555596957277,17923378,39
2019-04-18 14:34:30.342,12.8,sell,5246.39,BTC-31MAY19-6000-C,53.62,0.0265,12.8,0,1555598070342,17923950,40
2019-04-18 14:34:30.342,4.6000000000000005,sell,5246.39,BTC-31MAY19-6000-C,53.62,0.0265,4.6000000000000005,1,1555598070342,17923951,41
2019-04-18 14:34:30.342,5.0,sell,5246.39,BTC-31MAY19-6000-C,53.62,0.0265,5.0,1,1555598070342,17923952,42
2019-04-18 18:03:30.458,0.4,buy,5270.41,BTC-31MAY19-6000-C,55.83,0.03,0.4,0,1555610610458,17930589,43
2019-04-19 08:45:44.370,0.2,buy,5244.38,BTC-31MAY19-6000-C,54.64,0.027000000000000003,0.2,2,1555663544370,17948086,44
2019-04-19 22:27:17.864,0.1,sell,5263.17,BTC-31MAY19-6000-C,51.96,0.0245,0.1,2,1555712837864,17969112,45
2019-04-20 03:29:02.019,0.1,sell,5301.87,BTC-31MAY19-6000-C,50.97,0.025,0.1,0,1555730942019,17974753,46
2019-04-21 12:34:32.155,1.0,buy,5241.01,BTC-31MAY19-6000-C,51.97,0.0225,1.0,2,1555850072155,18013749,47
2019-04-22 22:10:35.160,1.7,buy,5388.94,BTC-31MAY19-6000-C,52.26,0.0285,1.7,0,1555971035160,18070227,48
2019-04-23 03:43:18.142,0.4,buy,5430.49,BTC-31MAY19-6000-C,53.23,0.0315,0.4,0,1555990998142,18075995,49
2019-04-23 04:09:19.266,5.0,buy,5463.64,BTC-31MAY19-6000-C,53.04,0.033,5.0,0,1555992559266,18078499,50
2019-04-23 05:03:40.683,10.0,sell,5509.83,BTC-31MAY19-6000-C,51.8,0.034,10.0,0,1555995820683,18096161,51
2019-04-23 06:55:32.115,0.5,sell,5535.6,BTC-31MAY19-6000-C,54.42,0.0385,0.5,0,1556002532115,18100061,52
2019-04-23 07:26:26.129,1.0,buy,5547.44,BTC-31MAY19-6000-C,55.11,0.04,1.0,0,1556004386129,18100535,53
2019-04-23 09:09:08.268,0.4,sell,5541.09,BTC-31MAY19-6000-C,55.05,0.0395,0.4,2,1556010548268,18103799,54
2019-04-23 16:07:54.881,10.0,buy,5568.13,BTC-31MAY19-6000-C,58.48,0.045,10.0,0,1556035674881,18114838,55
2019-04-23 17:44:41.384,2.0,buy,5607.8,BTC-31MAY19-6000-C,59.4,0.0485,2.0,0,1556041481384,18118371,56
2019-04-23 18:57:30.430,10.0,buy,5609.89,BTC-31MAY19-6000-C,56.5,0.045,10.0,2,1556045850430,18120741,57
2019-04-23 22:28:36.822,5.0,sell,5517.72,BTC-31MAY19-6000-C,55.74,0.0385,5.0,2,1556058516822,18128656,58
2019-04-24 01:06:48.350,1.0,sell,5521.67,BTC-31MAY19-6000-C,55.64,0.0385,1.0,3,1556068008350,18134814,59
2019-04-24 07:36:23.337,2.0,buy,5562.02,BTC-31MAY19-6000-C,59.29,0.045,2.0,0,1556091383337,18149818,60
2019-04-24 07:37:17.642,2.0,buy,5561.46,BTC-31MAY19-6000-C,59.32,0.045,2.0,1,1556091437642,18150037,61
2019-04-24 07:38:06.823,1.0,buy,5562.58,BTC-31MAY19-6000-C,59.27,0.045,1.0,1,1556091486823,18150067,62
2019-04-24 11:00:49.613,3.0,buy,5426.5,BTC-31MAY19-6000-C,58.75,0.0365,3.0,2,1556103649613,18171589,63
2019-04-24 12:05:02.622,1.2,sell,5435.01,BTC-31MAY19-6000-C,56.64,0.0345,1.2,2,1556107502622,18175678,64
2019-04-24 16:45:22.002,1.0,sell,5430.94,BTC-31MAY19-6000-C,57.42,0.035,1.0,0,1556124322002,18183699,65
2019-04-24 17:02:19.903,1.0,sell,5434.53,BTC-31MAY19-6000-C,57.7,0.0355,1.0,0,1556125339903,18184517,66
2019-04-24 17:56:26.367,5.4,buy,5419.89,BTC-31MAY19-6000-C,57.97,0.035,5.4,2,1556128586367,18186372,67
2019-04-24 18:15:43.362,2.0,sell,5400.62,BTC-31MAY19-6000-C,57.99,0.034,2.0,2,1556129743362,18189372,68
2019-04-24 18:51:56.510,2.0,sell,5385.97,BTC-31MAY19-6000-C,57.35,0.0325,2.0,2,1556131916510,18193617,69
2019-04-24 19:42:47.818,1.0,sell,5438.03,BTC-31MAY19-6000-C,57.18,0.035,1.0,0,1556134967818,18196036,70
2019-04-24 20:43:19.354,8.8,sell,5447.05,BTC-31MAY19-6000-C,56.79,0.035,8.8,1,1556138599354,18197422,72
2019-04-24 20:43:19.354,10.0,sell,5447.05,BTC-31MAY19-6000-C,56.79,0.035,10.0,1,1556138599354,18197421,71
2019-04-25 01:51:49.849,1.0,buy,5453.05,BTC-31MAY19-6000-C,56.68,0.035,1.0,1,1556157109849,18202298,73
2019-04-25 11:08:01.649,10.0,sell,5442.59,BTC-31MAY19-6000-C,56.14,0.0335,10.0,2,1556190481649,18218484,74
2019-04-25 12:03:07.523,10.0,buy,5470.09,BTC-31MAY19-6000-C,56.2,0.035,10.0,0,1556193787523,18219816,75
2019-04-25 12:10:25.138,10.0,buy,5455.94,BTC-31MAY19-6000-C,56.44,0.0345,10.0,2,1556194225138,18220136,76
2019-04-25 13:03:24.527,10.0,sell,5456.59,BTC-31MAY19-6000-C,55.99,0.034,10.0,2,1556197404527,18220853,77
2019-04-25 15:39:11.642,5.0,sell,5461.49,BTC-31MAY19-6000-C,54.95,0.033,5.0,2,1556206751642,18223490,78
2019-04-25 16:41:05.337,3.0,sell,5466.06,BTC-31MAY19-6000-C,54.77,0.033,3.0,3,1556210465337,18224462,79
2019-04-25 16:45:14.715,5.0,buy,5466.58,BTC-31MAY19-6000-C,55.19,0.0335,5.0,0,1556210714715,18224607,80
2019-04-25 16:55:41.568,1.0,buy,5477.25,BTC-31MAY19-6000-C,55.58,0.0345,1.0,0,1556211341568,18225030,81
2019-04-25 17:02:23.444,4.0,buy,5482.07,BTC-31MAY19-6000-C,55.35,0.0345,4.0,1,1556211743444,18225379,82
2019-04-25 17:08:46.082,5.0,buy,5487.94,BTC-31MAY19-6000-C,55.51,0.035,5.0,0,1556212126082,18226132,83
2019-04-25 21:47:17.999,0.5,sell,5429.47,BTC-31MAY19-6000-C,56.21,0.0325,0.5,2,1556228837999,18233920,84
2019-04-25 22:00:48.641,10.0,buy,5374.35,BTC-31MAY19-6000-C,56.95,0.0305,10.0,2,1556229648641,18238210,85
2019-04-25 22:01:03.302,10.0,buy,5372.25,BTC-31MAY19-6000-C,57.05,0.0305,10.0,3,1556229663302,18238365,86
2019-04-25 22:03:11.518,0.5,sell,5285.05,BTC-31MAY19-6000-C,54.22,0.0235,0.5,2,1556229791518,18241911,87
2019-04-25 22:13:04.398,1.0,sell,5011.94,BTC-31MAY19-6000-C,53.52,0.013,1.0,2,1556230384398,18259477,88
2019-04-25 22:31:39.087,0.1,buy,5115.68,BTC-31MAY19-6000-C,62.06,0.024,0.1,0,1556231499087,18272706,89
2019-04-25 22:48:19.177,5.0,sell,5152.77,BTC-31MAY19-6000-C,56.22,0.02,5.0,2,1556232499177,18278249,90
2019-04-25 22:49:49.932,2.0,sell,5154.04,BTC-31MAY19-6000-C,53.95,0.018000000000000002,2.0,2,1556232589932,18278612,91
2019-04-26 00:06:57.206,1.0,sell,5111.44,BTC-31MAY19-6000-C,57.43,0.0195,1.0,0,1556237217206,18287958,92
2019-04-26 04:29:31.840,0.1,sell,5195.09,BTC-31MAY19-6000-C,56.76,0.022,0.1,0,1556252971840,18310637,93
2019-04-26 10:16:22.365,0.3,sell,5179.41,BTC-31MAY19-6000-C,57.1,0.0215,0.3,2,1556273782365,18322820,94
2019-04-26 10:16:22.365,4.7,sell,5179.41,BTC-31MAY19-6000-C,56.56,0.021,4.7,2,1556273782365,18322821,95
2019-04-26 10:18:28.032,2.0,buy,5179.45,BTC-31MAY19-6000-C,58.69,0.023,2.0,0,1556273908032,18322881,96
2019-04-26 10:20:21.698,2.0,sell,5180.8,BTC-31MAY19-6000-C,59.15,0.0235,2.0,0,1556274021698,18322932,97
2019-04-26 10:44:49.636,5.0,buy,5168.37,BTC-31MAY19-6000-C,57.59,0.0215,5.0,2,1556275489636,18323216,98
2019-04-26 10:53:14.232,10.0,sell,5173.59,BTC-31MAY19-6000-C,55.74,0.02,10.0,2,1556275994232,18323282,99
2019-04-26 11:14:54.983,10.0,sell,5142.08,BTC-31MAY19-6000-C,55.97,0.019,10.0,2,1556277294983,18325190,100
2019-04-26 12:24:48.917,10.0,buy,5143.06,BTC-31MAY19-6000-C,59.26,0.022,10.0,0,1556281488917,18327748,101
2019-04-26 13:23:25.574,2.0,sell,5171.42,BTC-31MAY19-6000-C,58.61,0.0225,2.0,0,1556285005574,18329594,102
2019-04-26 21:07:10.481,10.0,sell,5099.66,BTC-31MAY19-6000-C,58.08,0.019,10.0,2,1556312830481,18348737,103
2019-04-26 21:09:54.006,5.0,buy,5102.41,BTC-31MAY19-6000-C,57.97,0.019,5.0,3,1556312994006,18348763,104
2019-04-26 21:30:14.605,5.0,buy,5105.62,BTC-31MAY19-6000-C,57.85,0.019,5.0,3,1556314214605,18349063,105
2019-04-27 10:36:59.703,5.0,buy,5151.99,BTC-31MAY19-6000-C,57.48,0.02,5.0,0,1556361419703,18362403,106
2019-04-27 12:27:03.709,0.2,buy,5149.83,BTC-31MAY19-6000-C,58.19,0.0205,0.2,0,1556368023709,18363680,107
2019-04-27 14:38:41.524,0.3,buy,5166.17,BTC-31MAY19-6000-C,59.21,0.022,0.3,0,1556375921524,18365803,108
2019-04-27 18:59:24.726,0.7000000000000001,buy,5170.71,BTC-31MAY19-6000-C,59.17,0.022,0.7000000000000001,1,1556391564726,18369136,109
2019-04-27 19:48:50.469,0.4,buy,5197.55,BTC-31MAY19-6000-C,55.84,0.02,0.4,2,1556394530469,18371722,110
2019-04-27 20:49:57.816,4.6000000000000005,buy,5201.57,BTC-31MAY19-6000-C,55.7,0.02,4.6000000000000005,3,1556398197816,18372571,111
2019-04-28 00:59:39.331,0.4,buy,5182.09,BTC-31MAY19-6000-C,56.69,0.02,0.4,3,1556413179331,18377266,112
2019-04-28 04:42:17.768,0.2,sell,5169.52,BTC-31MAY19-6000-C,56.24,0.019,0.2,2,1556426537768,18379636,113
2019-04-28 04:42:17.768,2.4,sell,5169.52,BTC-31MAY19-6000-C,56.24,0.019,2.4,3,1556426537768,18379637,114
2019-04-28 10:15:28.161,4.0,buy,5176.5,BTC-31MAY19-6000-C,57.83,0.0205,4.0,0,1556446528161,18382512,115
2019-04-28 10:15:28.166,0.3,sell,5176.5,BTC-31MAY19-6000-C,57.83,0.0205,0.3,1,1556446528166,18382513,116
2019-04-28 14:09:19.887,1.0,sell,5171.98,BTC-31MAY19-6000-C,57.04,0.0195,1.0,2,1556460559887,18388397,117
2019-04-28 14:12:42.339,5.0,buy,5176.2,BTC-31MAY19-6000-C,57.42,0.02,5.0,0,1556460762339,18388413,118
2019-04-28 19:32:19.761,7.5,buy,5122.82,BTC-31MAY19-6000-C,59.37,0.0195,7.5,2,1556479939761,18397691,119
2019-04-28 19:32:19.761,7.5,buy,5122.82,BTC-31MAY19-6000-C,59.95,0.02,7.5,0,1556479939761,18397692,120
2019-04-28 22:00:58.495,0.4,sell,5136.31,BTC-31MAY19-6000-C,57.71,0.0185,0.4,2,1556488858495,18402656,121
2019-04-28 22:01:32.504,0.6,buy,5136.79,BTC-31MAY19-6000-C,57.69,0.0185,0.6,3,1556488892504,18402682,122
2019-04-29 05:10:42.895,2.0,sell,5182.62,BTC-31MAY19-6000-C,58.26,0.0205,2.0,0,1556514642895,18409086,123
2019-04-29 14:56:20.673,10.0,sell,5158.05,BTC-31MAY19-6000-C,58.57,0.0195,10.0,2,1556549780673,18428433,124
2019-04-29 21:07:57.404,0.1,buy,5131.37,BTC-31MAY19-6000-C,59.99,0.0195,0.1,3,1556572077404,18437455,125
2019-04-29 22:27:43.699,0.9,sell,5107.18,BTC-31MAY19-6000-C,59.91,0.0185,0.9,2,1556576863699,18440068,126
2019-04-30 15:27:03.205,0.4,sell,5255.5,BTC-31MAY19-6000-C,56.86,0.021,0.4,0,1556638023205,18477203,127
2019-04-30 18:57:52.886,0.2,sell,5249.17,BTC-31MAY19-6000-C,56.72,0.0205,0.2,2,1556650672886,18481857,128
2019-04-30 20:04:29.703,5.0,buy,5229.9,BTC-31MAY19-6000-C,57.64,0.0205,5.0,3,1556654669703,18482940,129
2019-05-01 05:15:16.763,0.1,sell,5319.75,BTC-31MAY19-6000-C,55.52,0.022,0.1,0,1556687716763,18498413,130
2019-05-01 09:10:44.732,2.0,sell,5292.49,BTC-31MAY19-6000-C,56.4,0.0215,2.0,2,1556701844732,18502615,131
2019-05-01 11:51:09.181,16.0,buy,5316.61,BTC-31MAY19-6000-C,56.47,0.0225,16.0,0,1556711469181,18504934,132
2019-05-01 13:06:56.104,16.0,buy,5286.34,BTC-31MAY19-6000-C,57.4,0.022,16.0,2,1556716016104,18507801,133
2019-05-01 14:04:35.038,20.0,buy,5290.95,BTC-31MAY19-6000-C,57.77,0.0225,20.0,0,1556719475038,18508563,134
2019-05-01 21:12:05.881,0.4,sell,5303.02,BTC-31MAY19-6000-C,54.68,0.02,0.4,3,1556745125881,18522550,138
2019-05-01 21:12:05.881,10.0,sell,5303.02,BTC-31MAY19-6000-C,54.68,0.02,10.0,3,1556745125881,18522549,137
2019-05-01 21:12:05.881,10.0,sell,5303.02,BTC-31MAY19-6000-C,54.68,0.02,10.0,2,1556745125881,18522548,136
2019-05-01 21:12:05.881,16.0,sell,5303.02,BTC-31MAY19-6000-C,55.25,0.0205,16.0,2,1556745125881,18522547,135
2019-05-01 21:12:07.880,16.0,buy,5303.02,BTC-31MAY19-6000-C,54.68,0.02,16.0,3,1556745127880,18522551,139
2019-05-01 21:12:07.964,16.0,buy,5303.02,BTC-31MAY19-6000-C,54.68,0.02,16.0,3,1556745127964,18522552,140
2019-05-01 21:12:09.136,31.6,buy,5303.02,BTC-31MAY19-6000-C,54.68,0.02,31.6,3,1556745129136,18522553,141
2019-05-02 04:00:45.014,10.0,buy,5325.8,BTC-31MAY19-6000-C,57.23,0.023,10.0,0,1556769645014,18530335,143
2019-05-02 04:00:45.014,0.1,buy,5325.8,BTC-31MAY19-6000-C,56.68,0.0225,0.1,0,1556769645014,18530334,142
2019-05-02 09:11:46.456,0.1,sell,5353.84,BTC-31MAY19-6000-C,58.26,0.025,0.1,0,1556788306456,18542911,144
2019-05-02 11:02:39.527,0.1,buy,5358.75,BTC-31MAY19-6000-C,58.63,0.0255,0.1,0,1556794959527,18546386,145
2019-05-02 14:04:15.590,0.5,buy,5371.01,BTC-31MAY19-6000-C,57.08,0.0245,0.5,2,1556805855590,18552192,146
2019-05-02 14:12:40.520,2.5,sell,5362.86,BTC-31MAY19-6000-C,57.48,0.0245,2.5,3,1556806360520,18552379,147
2019-05-02 14:58:07.830,1.0,sell,5377.91,BTC-31MAY19-6000-C,57.31,0.025,1.0,0,1556809087830,18554922,148
2019-05-02 16:11:22.276,0.1,buy,5410.7,BTC-31MAY19-6000-C,55.2,0.0245,0.1,2,1556813482276,18560476,149
2019-05-02 20:29:57.947,10.0,buy,5393.36,BTC-31MAY19-6000-C,56.23,0.0245,10.0,3,1556828997947,18569299,150
2019-05-02 20:29:57.947,2.0,buy,5393.36,BTC-31MAY19-6000-C,56.23,0.0245,2.0,3,1556828997947,18569300,151
2019-05-02 20:40:00.929,0.2,buy,5393.78,BTC-31MAY19-6000-C,56.76,0.025,0.2,0,1556829600929,18569487,152
2019-05-02 20:45:10.256,2.1,sell,5395.6,BTC-31MAY19-6000-C,56.67,0.025,2.1,1,1556829910256,18569674,153
2019-05-02 20:45:13.125,2.1,sell,5395.6,BTC-31MAY19-6000-C,56.67,0.025,2.1,1,1556829913125,18569675,154
2019-05-02 20:45:25.373,2.1,sell,5395.58,BTC-31MAY19-6000-C,56.67,0.025,2.1,1,1556829925373,18569692,155
2019-05-02 20:45:29.196,2.1,sell,5395.57,BTC-31MAY19-6000-C,56.67,0.025,2.1,1,1556829929196,18569706,156
2019-05-02 20:45:33.160,1.4,sell,5395.6,BTC-31MAY19-6000-C,56.67,0.025,1.4,1,1556829933160,18569708,157
2019-05-03 01:37:56.823,0.1,buy,5420.51,BTC-31MAY19-6000-C,55.62,0.025,0.1,1,1556847476823,18581582,158
2019-05-03 01:37:56.882,0.1,sell,5420.51,BTC-31MAY19-6000-C,55.62,0.025,0.1,1,1556847476882,18581583,159
2019-05-03 02:46:55.694,0.1,buy,5467.87,BTC-31MAY19-6000-C,54.84,0.0265,0.1,0,1556851615694,18588624,160
2019-05-03 02:46:55.772,0.1,sell,5467.87,BTC-31MAY19-6000-C,54.84,0.0265,0.1,1,1556851615772,18588625,161
2019-05-03 04:37:40.727,0.1,buy,5488.8,BTC-31MAY19-6000-C,55.37,0.028,0.1,0,1556858260727,18595372,162
2019-05-03 04:37:40.744,0.3,sell,5488.8,BTC-31MAY19-6000-C,55.37,0.028,0.3,1,1556858260744,18595373,163
2019-05-03 04:37:40.927,0.1,sell,5488.8,BTC-31MAY19-6000-C,55.37,0.028,0.1,1,1556858260927,18595379,164
2019-05-03 04:37:40.980,0.1,sell,5488.8,BTC-31MAY19-6000-C,55.37,0.028,0.1,1,1556858260980,18595380,165
2019-05-03 04:37:41.026,0.1,sell,5488.8,BTC-31MAY19-6000-C,55.37,0.028,0.1,1,1556858261026,18595381,166
2019-05-03 04:56:08.464,10.0,sell,5488.15,BTC-31MAY19-6000-C,54.39,0.027000000000000003,10.0,3,1556859368464,18597328,168
2019-05-03 04:56:08.464,10.0,sell,5488.15,BTC-31MAY19-6000-C,54.39,0.027000000000000003,10.0,2,1556859368464,18597327,167
2019-05-03 04:56:08.466,6.1000000000000005,buy,5488.15,BTC-31MAY19-6000-C,54.39,0.027000000000000003,6.1000000000000005,3,1556859368466,18597329,169
2019-05-03 04:56:08.777,0.1,buy,5488.15,BTC-31MAY19-6000-C,54.39,0.027000000000000003,0.1,3,1556859368777,18597330,170
2019-05-03 05:24:47.749,10.0,sell,5485.82,BTC-31MAY19-6000-C,52.98,0.0255,10.0,2,1556861087749,18598325,171
2019-05-03 05:24:47.751,25.0,buy,5485.82,BTC-31MAY19-6000-C,52.98,0.0255,25.0,3,1556861087751,18598326,172
2019-05-03 05:24:47.781,1.0,buy,5485.82,BTC-31MAY19-6000-C,52.98,0.0255,1.0,3,1556861087781,18598327,173
2019-05-03 05:24:49.796,0.1,buy,5485.62,BTC-31MAY19-6000-C,52.99,0.0255,0.1,3,1556861089796,18598331,174
2019-05-03 06:22:11.809,9.3,buy,5523.25,BTC-31MAY19-6000-C,56.16,0.0305,9.3,0,1556864531809,18601915,176
2019-05-03 06:22:11.809,0.7000000000000001,buy,5523.25,BTC-31MAY19-6000-C,54.14,0.0285,0.7000000000000001,0,1556864531809,18601914,175
2019-05-03 06:54:29.167,0.2,buy,5516.9,BTC-31MAY19-6000-C,55.51,0.0295,0.2,2,1556866469167,18609454,177
2019-05-03 07:26:43.165,0.4,buy,5555.73,BTC-31MAY19-6000-C,54.46,0.0305,0.4,0,1556868403165,18611321,178
2019-05-03 08:09:29.880,5.8,sell,5555.82,BTC-31MAY19-6000-C,58.92,0.035,5.8,0,1556870969880,18617883,179
2019-05-03 08:41:44.300,1.0,buy,5632.17,BTC-31MAY19-6000-C,55.16,0.0355,1.0,0,1556872904300,18623393,180
2019-05-03 09:15:58.743,0.7000000000000001,buy,5704.67,BTC-31MAY19-6000-C,56.66,0.0415,0.7000000000000001,0,1556874958743,18640398,181
2019-05-03 09:17:46.309,10.0,buy,5679.75,BTC-31MAY19-6000-C,59.53,0.043,10.0,0,1556875066309,18640964,182
2019-05-03 09:42:45.641,0.4,buy,5755.38,BTC-31MAY19-6000-C,56.41,0.0445,0.4,0,1556876565641,18648114,183
2019-05-03 09:48:27.209,2.0,sell,5756.89,BTC-31MAY19-6000-C,59.54,0.048,2.0,0,1556876907209,18651508,184
2019-05-03 09:56:08.678,1.0,buy,5781.41,BTC-31MAY19-6000-C,58.95,0.049,1.0,0,1556877368678,18653460,185
2019-05-03 09:59:48.979,0.2,buy,5775.53,BTC-31MAY19-6000-C,60.24,0.05,0.2,0,1556877588979,18654793,186
2019-05-03 10:22:55.886,0.1,buy,5728.46,BTC-31MAY19-6000-C,60.85,0.0475,0.1,2,1556878975886,18661167,187
2019-05-03 10:22:55.886,0.9,buy,5728.46,BTC-31MAY19-6000-C,60.85,0.0475,0.9,3,1556878975886,18661168,188
2019-05-03 12:22:53.038,0.5,buy,5723.02,BTC-31MAY19-6000-C,58.02,0.044,0.5,2,1556886173038,18674186,189
2019-05-03 12:22:55.612,0.5,buy,5724.79,BTC-31MAY19-6000-C,57.92,0.044,0.5,3,1556886175612,18674195,190
2019-05-03 14:16:55.938,2.0,buy,5758.78,BTC-31MAY19-6000-C,59.63,0.048,2.0,0,1556893015938,18682496,191
2019-05-03 15:02:44.996,10.1,sell,5703.34,BTC-31MAY19-6000-C,60.26,0.045,10.1,2,1556895764996,18686723,192
2019-05-03 15:02:45.122,9.6,sell,5703.34,BTC-31MAY19-6000-C,60.26,0.045,9.6,3,1556895765122,18686728,193
2019-05-03 15:02:45.350,9.6,sell,5703.34,BTC-31MAY19-6000-C,60.26,0.045,9.6,3,1556895765350,18686729,194
2019-05-03 15:02:45.372,9.6,sell,5703.34,BTC-31MAY19-6000-C,60.26,0.045,9.6,3,1556895765372,18686730,195
2019-05-03 15:02:45.719,0.5,sell,5701.46,BTC-31MAY19-6000-C,60.37,0.045,0.5,3,1556895765719,18686736,196
2019-05-03 15:02:45.789,0.6,sell,5701.46,BTC-31MAY19-6000-C,60.37,0.045,0.6,3,1556895765789,18686737,197
2019-05-03 16:29:50.261,1.0,sell,5723.74,BTC-31MAY19-6000-C,57.69,0.0435,1.0,2,1556900990261,18692948,198
2019-05-03 17:29:49.195,3.0,sell,5636.79,BTC-31MAY19-6000-C,57.67,0.038,3.0,2,1556904589195,18699900,199
2019-05-04 00:23:24.473,0.1,buy,5714.22,BTC-31MAY19-6000-C,55.79,0.0405,0.1,0,1556929404473,18723153,200
2019-05-04 01:32:46.751,0.3,buy,5757.02,BTC-31MAY19-6000-C,55.59,0.043,0.3,0,1556933566751,18731025,201
2019-05-04 01:46:30.908,0.1,buy,5786.24,BTC-31MAY19-6000-C,54.71,0.044,0.1,0,1556934390908,18732311,202
2019-05-04 01:46:30.977,0.1,sell,5786.24,BTC-31MAY19-6000-C,54.71,0.044,0.1,1,1556934390977,18732312,203
2019-05-04 01:46:31.027,0.1,sell,5786.24,BTC-31MAY19-6000-C,54.71,0.044,0.1,1,1556934391027,18732314,204
2019-05-04 01:55:00.466,0.3,buy,5809.8,BTC-31MAY19-6000-C,55.55,0.0465,0.3,0,1556934900466,18733827,205
2019-05-04 01:55:00.479,0.6,sell,5809.8,BTC-31MAY19-6000-C,55.55,0.0465,0.6,1,1556934900479,18733828,206
2019-05-04 01:55:03.439,0.3,sell,5810.82,BTC-31MAY19-6000-C,55.49,0.0465,0.3,1,1556934903439,18734093,207
2019-05-04 03:56:01.626,9.6,buy,5741.82,BTC-31MAY19-6000-C,58.97,0.0455,9.6,2,1556942161626,18743744,208
2019-05-04 03:56:01.626,3.0,buy,5741.82,BTC-31MAY19-6000-C,58.97,0.0455,3.0,3,1556942161626,18743745,209
2019-05-04 04:01:56.025,9.6,sell,5732.16,BTC-31MAY19-6000-C,59.56,0.0455,9.6,3,1556942516025,18743971,210
2019-05-04 04:02:11.238,1.0,sell,5731.76,BTC-31MAY19-6000-C,59.59,0.0455,1.0,3,1556942531238,18743989,211
2019-05-04 04:02:13.735,0.8,sell,5730.94,BTC-31MAY19-6000-C,59.64,0.0455,0.8,3,1556942533735,18743994,212
2019-05-04 07:43:59.031,0.1,buy,5755.19,BTC-31MAY19-6000-C,55.96,0.043,0.1,2,1556955839031,18755122,213
2019-05-04 10:22:58.254,1.0,sell,5698.46,BTC-31MAY19-6000-C,58.6,0.042,1.0,2,1556965378254,18759280,214
2019-05-04 14:20:07.401,0.1,buy,5571.71,BTC-31MAY19-6000-C,57.89,0.0335,0.1,2,1556979607401,18781808,215
2019-05-04 14:29:30.000,0.1,buy,5578.66,BTC-31MAY19-6000-C,60.49,0.0365,0.1,0,1556980170000,18782507,216
2019-05-04 14:42:33.675,4.0,sell,5572.44,BTC-31MAY19-6000-C,59.86,0.0355,4.0,2,1556980953675,18783331,217
2019-05-04 15:39:51.825,0.1,buy,5576.18,BTC-31MAY19-6000-C,60.19,0.036000000000000004,0.1,0,1556984391825,18785022,218
2019-05-04 15:44:01.161,0.1,buy,5567.56,BTC-31MAY19-6000-C,60.68,0.036000000000000004,0.1,1,1556984641161,18785132,220
2019-05-04 15:44:01.161,1.0,buy,5567.56,BTC-31MAY19-6000-C,60.68,0.036000000000000004,1.0,1,1556984641161,18785131,219
2019-05-04 16:00:22.101,6.0,sell,5551.95,BTC-31MAY19-6000-C,61.08,0.0355,6.0,2,1556985622101,18785792,221
2019-05-04 16:09:23.544,0.1,buy,5555.62,BTC-31MAY19-6000-C,60.88,0.0355,0.1,3,1556986163544,18786646,222
2019-05-04 16:46:23.676,0.1,buy,5584.95,BTC-31MAY19-6000-C,60.24,0.0365,0.1,0,1556988383676,18787736,223
2019-05-04 16:51:03.801,1.0,sell,5575.26,BTC-31MAY19-6000-C,59.8,0.0355,1.0,2,1556988663801,18787946,224
2019-05-04 16:51:03.801,1.0,sell,5575.26,BTC-31MAY19-6000-C,59.8,0.0355,1.0,3,1556988663801,18787947,225
2019-05-04 17:08:01.838,12.8,sell,5573.09,BTC-31MAY19-6000-C,59.44,0.035,12.8,2,1556989681838,18788358,226
2019-05-04 17:08:01.965,7.2,sell,5573.09,BTC-31MAY19-6000-C,59.44,0.035,7.2,3,1556989681965,18788360,227
2019-05-04 20:36:27.027,0.1,buy,5652.11,BTC-31MAY19-6000-C,56.52,0.0365,0.1,0,1557002187027,18796802,228
2019-05-04 20:50:20.083,0.4,sell,5657.58,BTC-31MAY19-6000-C,54.25,0.0345,0.4,2,1557003020083,18797779,229
2019-05-04 20:50:22.155,0.4,sell,5657.17,BTC-31MAY19-6000-C,54.27,0.0345,0.4,3,1557003022155,18797801,230
2019-05-04 20:50:22.226,0.4,sell,5657.17,BTC-31MAY19-6000-C,54.27,0.0345,0.4,3,1557003022226,18797806,231
2019-05-04 21:20:08.977,0.4,buy,5785.62,BTC-31MAY19-6000-C,58.42,0.047,0.4,0,1557004808977,18808194,232
2019-05-04 21:20:08.977,9.6,buy,5785.62,BTC-31MAY19-6000-C,58.42,0.047,9.6,1,1557004808977,18808195,233
2019-05-04 21:20:22.486,9.6,buy,5785.69,BTC-31MAY19-6000-C,59.36,0.048,9.6,1,1557004822486,18808257,235
2019-05-04 21:20:22.486,0.1,buy,5785.69,BTC-31MAY19-6000-C,59.36,0.048,0.1,0,1557004822486,18808256,234
2019-05-04 21:20:22.504,0.3,sell,5785.69,BTC-31MAY19-6000-C,59.36,0.048,0.3,1,1557004822504,18808258,236
2019-05-04 21:35:27.378,25.0,sell,5773.17,BTC-31MAY19-6000-C,59.7,0.0475,25.0,2,1557005727378,18814444,237
2019-05-04 23:02:15.145,0.1,buy,5814.59,BTC-31MAY19-6000-C,58.51,0.049,0.1,0,1557010935145,18828528,238
2019-05-05 01:54:10.101,0.3,sell,5728.56,BTC-31MAY19-6000-C,56.51,0.041,0.3,2,1557021250101,18846874,239
2019-05-05 02:47:06.889,0.1,buy,5770.28,BTC-31MAY19-6000-C,56.33,0.0435,0.1,0,1557024426889,18848549,240
2019-05-05 04:20:36.751,2.0,sell,5730.6,BTC-31MAY19-6000-C,56.49,0.041,2.0,2,1557030036751,18852150,241
2019-05-05 12:59:09.789,0.1,buy,5733.73,BTC-31MAY19-6000-C,60.07,0.0445,0.1,0,1557061149789,18872758,242
2019-05-05 12:59:09.789,4.7,buy,5733.73,BTC-31MAY19-6000-C,61.99,0.0465,4.7,1,1557061149789,18872761,245
2019-05-05 12:59:09.789,0.1,buy,5733.73,BTC-31MAY19-6000-C,61.03,0.0455,0.1,0,1557061149789,18872759,243
2019-05-05 12:59:09.789,0.1,buy,5733.73,BTC-31MAY19-6000-C,61.99,0.0465,0.1,0,1557061149789,18872760,244
2019-05-05 16:19:38.922,7.0,sell,5690.96,BTC-31MAY19-6000-C,58.03,0.0395,7.0,2,1557073178922,18881938,246
2019-05-05 17:09:28.954,7.1000000000000005,sell,5695.21,BTC-31MAY19-6000-C,57.32,0.039,7.1000000000000005,2,1557076168954,18883436,247
2019-05-06 01:02:36.464,4.1,sell,5672.61,BTC-31MAY19-6000-C,61.05,0.041,4.1,0,1557104556464,18915227,248
2019-05-06 01:03:13.335,3.2,sell,5674.67,BTC-31MAY19-6000-C,60.93,0.041,3.2,1,1557104593335,18915273,249
2019-05-06 01:12:20.871,22.7,sell,5663.19,BTC-31MAY19-6000-C,61.64,0.041,22.7,1,1557105140871,18915870,250
2019-05-06 02:45:44.088,25.0,sell,5632.85,BTC-31MAY19-6000-C,61.57,0.039,25.0,2,1557110744088,18928564,251
2019-05-06 02:46:07.070,5.0,sell,5623.16,BTC-31MAY19-6000-C,62.16,0.039,5.0,3,1557110767070,18928640,252
2019-05-06 03:37:19.545,0.4,sell,5631.64,BTC-31MAY19-6000-C,59.18,0.0365,0.4,2,1557113839545,18930261,254
2019-05-06 03:37:19.545,0.4,sell,5631.64,BTC-31MAY19-6000-C,59.68,0.037000000000000005,0.4,2,1557113839545,18930260,253
2019-05-06 05:19:11.723,0.2,sell,5653.26,BTC-31MAY19-6000-C,58.96,0.0375,0.2,0,1557119951723,18933473,255
2019-05-06 12:44:30.088,10.0,sell,5617.05,BTC-31MAY19-6000-C,60.51,0.0365,10.0,2,1557146670088,18950876,256
2019-05-06 12:49:40.719,0.5,sell,5617.94,BTC-31MAY19-6000-C,59.95,0.036000000000000004,0.5,2,1557146980719,18950974,257
2019-05-06 13:50:50.796,4.0,sell,5638.95,BTC-31MAY19-6000-C,60.26,0.0375,4.0,0,1557150650796,18952285,258
2019-05-06 14:14:44.625,2.0,sell,5659.83,BTC-31MAY19-6000-C,60.01,0.0385,2.0,0,1557152084625,18952918,259
2019-05-06 14:15:47.082,1.1,buy,5651.58,BTC-31MAY19-6000-C,64.03,0.042,1.1,0,1557152147082,18953100,260
2019-05-06 14:16:10.329,0.4,buy,5653.24,BTC-31MAY19-6000-C,63.93,0.042,0.4,1,1557152170329,18953113,261
2019-05-06 17:04:41.908,4.0,buy,5717.67,BTC-31MAY19-6000-C,64.98,0.047,4.0,1,1557162281908,18965084,263
2019-05-06 17:04:41.908,7.4,buy,5717.67,BTC-31MAY19-6000-C,64.98,0.047,7.4,1,1557162281908,18965085,264
2019-05-06 17:04:41.908,14.4,buy,5717.67,BTC-31MAY19-6000-C,64.98,0.047,14.4,0,1557162281908,18965083,262
2019-05-06 17:18:01.765,0.5,buy,5709.52,BTC-31MAY19-6000-C,65.02,0.0465,0.5,2,1557163081765,18965938,265
2019-05-07 01:36:03.169,0.1,buy,5766.3,BTC-31MAY19-6000-C,62.76,0.0475,0.1,0,1557192963169,18994568,266
2019-05-07 01:36:22.816,0.1,buy,5765.01,BTC-31MAY19-6000-C,63.34,0.048,0.1,0,1557192982816,18994569,267
2019-05-07 02:29:32.853,4.8,buy,5829.76,BTC-31MAY19-6000-C,60.99,0.05,4.8,0,1557196172853,18998507,268
2019-05-07 03:02:08.923,6.0,buy,5960.25,BTC-31MAY19-6000-C,64.37,0.063,6.0,0,1557198128923,19011735,269
2019-05-07 03:29:40.153,4.0,buy,5913.33,BTC-31MAY19-6000-C,65.4,0.0605,4.0,2,1557199780153,19020052,270
2019-05-07 03:31:55.733,4.0,sell,5902.47,BTC-31MAY19-6000-C,60.83,0.055,4.0,2,1557199915733,19020229,271
2019-05-07 05:55:02.846,0.1,buy,5889.59,BTC-31MAY19-6000-C,66.27,0.0595,0.1,0,1557208502846,19028803,272
2019-05-07 09:48:27.691,1.0,buy,5921.12,BTC-31MAY19-6000-C,61.76,0.057,1.0,2,1557222507691,19036516,273
2019-05-07 11:20:24.115,2.5,sell,5884.52,BTC-31MAY19-6000-C,60.57,0.053,2.5,2,1557228024115,19038444,274
2019-05-07 13:10:36.771,1.0,buy,5888.41,BTC-31MAY19-6000-C,61.37,0.054000000000000006,1.0,0,1557234636771,19042185,275
2019-05-07 14:26:12.827,0.1,sell,5852.7,BTC-31MAY19-6000-C,60.52,0.0505,0.1,2,1557239172827,19059167,276
2019-05-07 14:35:48.239,0.2,sell,5850.42,BTC-31MAY19-6000-C,60.69,0.0505,0.2,3,1557239748239,19061028,277
2019-05-07 18:14:39.221,0.9,buy,5886.03,BTC-31MAY19-6000-C,65.27,0.0575,0.9,0,1557252879221,19070261,278
2019-05-08 02:52:25.231,1.0,sell,5805.75,BTC-31MAY19-6000-C,59.47,0.0455,1.0,2,1557283945231,19126629,279
2019-05-08 04:11:54.855,6.0,sell,5793.75,BTC-31MAY19-6000-C,60.36,0.0455,6.0,3,1557288714855,19129335,280
2019-05-08 04:11:54.855,0.5,sell,5793.75,BTC-31MAY19-6000-C,60.36,0.0455,0.5,3,1557288714855,19129336,281
2019-05-08 04:11:54.859,13.5,buy,5793.75,BTC-31MAY19-6000-C,60.36,0.0455,13.5,3,1557288714859,19129337,282
2019-05-08 04:13:26.143,2.0,buy,5791.81,BTC-31MAY19-6000-C,61.0,0.046,2.0,0,1557288806143,19129376,283
2019-05-08 05:18:24.841,0.7000000000000001,sell,5791.98,BTC-31MAY19-6000-C,59.53,0.0445,0.7000000000000001,3,1557292704841,19131019,285
2019-05-08 05:18:24.841,0.5,sell,5791.98,BTC-31MAY19-6000-C,59.53,0.0445,0.5,2,1557292704841,19131018,284
2019-05-08 05:35:05.695,20.0,buy,5802.75,BTC-31MAY19-6000-C,60.32,0.046,20.0,0,1557293705695,19131158,286
2019-05-08 11:20:23.386,0.1,buy,5841.59,BTC-31MAY19-6000-C,60.95,0.049,0.1,0,1557314423386,19142643,287
2019-05-08 17:04:34.771,1.0,sell,5869.89,BTC-31MAY19-6000-C,59.74,0.0495,1.0,0,1557335074771,19160569,288
2019-05-09 00:57:58.360,0.1,buy,6022.99,BTC-31MAY19-6000-C,62.12,0.063,0.1,0,1557363478360,19199806,289
2019-05-09 01:15:13.048,3.0,buy,6060.02,BTC-31MAY19-6000-C,61.66,0.0655,3.0,0,1557364513048,19210242,290
2019-05-09 01:48:34.004,1.0,buy,6051.84,BTC-31MAY19-6000-C,59.81,0.063,1.0,2,1557366514004,19214692,291
2019-05-09 01:48:57.473,4.9,buy,6053.77,BTC-31MAY19-6000-C,59.65,0.063,4.9,3,1557366537473,19214746,292
2019-05-09 05:24:30.181,2.4,sell,6059.1,BTC-31MAY19-6000-C,61.46,0.065,2.4,0,1557379470181,19222760,293
2019-05-09 11:08:58.304,0.3,sell,6028.95,BTC-31MAY19-6000-C,56.06,0.057,0.3,2,1557400138304,19234927,294
2019-05-09 11:08:58.304,0.7000000000000001,sell,6028.95,BTC-31MAY19-6000-C,56.06,0.057,0.7000000000000001,3,1557400138304,19234928,295
2019-05-09 13:01:31.327,0.2,sell,5984.75,BTC-31MAY19-6000-C,57.7,0.055,0.2,2,1557406891327,19243339,296
2019-05-09 13:01:32.565,0.2,sell,5985.33,BTC-31MAY19-6000-C,57.65,0.055,0.2,3,1557406892565,19243350,297
2019-05-09 13:01:34.834,0.2,sell,5988.3,BTC-31MAY19-6000-C,57.41,0.055,0.2,3,1557406894834,19243433,298
2019-05-09 13:06:44.753,1.0,buy,5979.5,BTC-31MAY19-6000-C,59.15,0.055999999999999994,1.0,0,1557407204753,19243823,299
2019-05-09 14:29:09.585,3.0,sell,6011.91,BTC-31MAY19-6000-C,59.7,0.059000000000000004,3.0,0,1557412149585,19249546,300
2019-05-09 14:32:41.760,8.0,buy,6010.45,BTC-31MAY19-6000-C,60.85,0.06,8.0,0,1557412361760,19249561,301
2019-05-09 14:38:53.174,3.0,sell,6000.86,BTC-31MAY19-6000-C,60.61,0.059000000000000004,3.0,2,1557412733174,19249684,302
2019-05-09 16:44:35.705,0.2,sell,6032.75,BTC-31MAY19-6000-C,57.6,0.0585,0.2,2,1557420275705,19253805,303
2019-05-09 16:47:27.746,0.8,sell,6038.54,BTC-31MAY19-6000-C,56.6,0.057999999999999996,0.8,2,1557420447746,19254053,304
2019-05-09 18:45:44.931,0.2,sell,6049.26,BTC-31MAY19-6000-C,56.32,0.0585,0.2,0,1557427544931,19258804,305
2019-05-09 20:34:46.373,1.0,buy,6079.95,BTC-31MAY19-6000-C,56.4,0.061,1.0,0,1557434086373,19262611,306
2019-05-09 20:59:17.391,1.0,buy,6079.57,BTC-31MAY19-6000-C,56.45,0.061,1.0,1,1557435557391,19263687,307
2019-05-09 21:03:26.041,2.0,buy,6082.9,BTC-31MAY19-6000-C,56.16,0.061,2.0,1,1557435806041,19263886,308
2019-05-09 21:06:57.060,1.0,buy,6083.79,BTC-31MAY19-6000-C,56.09,0.061,1.0,1,1557436017060,19264170,309
2019-05-09 21:18:03.923,5.0,buy,6088.15,BTC-31MAY19-6000-C,55.72,0.061,5.0,1,1557436683923,19264522,310
2019-05-09 22:43:26.087,10.0,buy,6147.42,BTC-31MAY19-6000-C,55.75,0.066,10.0,0,1557441806087,19274393,311
2019-05-09 22:43:26.098,0.1,buy,6147.42,BTC-31MAY19-6000-C,55.75,0.066,0.1,1,1557441806098,19274394,312
2019-05-10 00:02:54.114,20.0,buy,6159.74,BTC-31MAY19-6000-C,56.29,0.0675,20.0,0,1557446574114,19281458,313
2019-05-10 00:35:16.898,1.1,buy,6148.15,BTC-31MAY19-6000-C,57.93,0.068,1.1,0,1557448516898,19282395,314
2019-05-10 01:56:45.781,0.3,buy,6163.39,BTC-31MAY19-6000-C,56.59,0.068,0.3,1,1557453405781,19287816,315
2019-05-10 01:56:45.819,0.3,buy,6163.39,BTC-31MAY19-6000-C,56.59,0.068,0.3,1,1557453405819,19287817,316
2019-05-10 01:56:45.832,0.3,buy,6163.39,BTC-31MAY19-6000-C,56.59,0.068,0.3,1,1557453405832,19287818,317
2019-05-10 01:56:45.844,0.3,buy,6163.39,BTC-31MAY19-6000-C,56.59,0.068,0.3,1,1557453405844,19287819,318
2019-05-10 01:56:45.858,0.3,buy,6163.39,BTC-31MAY19-6000-C,56.59,0.068,0.3,1,1557453405858,19287820,319
2019-05-10 01:59:18.773,1.4,buy,6172.48,BTC-31MAY19-6000-C,55.73,0.068,1.4,1,1557453558773,19288291,320
2019-05-10 02:27:27.137,0.2,buy,6231.54,BTC-31MAY19-6000-C,56.02,0.0735,0.2,0,1557455247137,19293936,321
2019-05-10 02:43:05.826,0.7000000000000001,buy,6240.26,BTC-31MAY19-6000-C,59.59,0.0775,0.7000000000000001,0,1557456185826,19297235,323
2019-05-10 02:43:05.826,0.3,buy,6240.26,BTC-31MAY19-6000-C,59.04,0.077,0.3,0,1557456185826,19297234,322
2019-05-10 02:48:02.923,0.3,buy,6249.82,BTC-31MAY19-6000-C,58.65,0.0775,0.3,1,1557456482923,19298486,324
2019-05-10 02:49:18.995,0.3,buy,6252.38,BTC-31MAY19-6000-C,59.5,0.0785,0.3,0,1557456558995,19298640,325
2019-05-10 02:49:55.184,0.3,buy,6246.49,BTC-31MAY19-6000-C,58.98,0.0775,0.3,2,1557456595184,19298715,326
2019-05-10 02:58:17.246,6.0,buy,6222.61,BTC-31MAY19-6000-C,56.39,0.073,6.0,2,1557457097246,19299962,327
2019-05-10 03:00:59.483,6.0,buy,6226.49,BTC-31MAY19-6000-C,56.01,0.073,6.0,3,1557457259483,19300266,328
2019-05-10 03:01:24.740,38.0,buy,6226.52,BTC-31MAY19-6000-C,56.0,0.073,38.0,3,1557457284740,19300305,329
2019-05-10 03:07:33.520,1.5,buy,6258.07,BTC-31MAY19-6000-C,57.84,0.0775,1.5,0,1557457653520,19301336,330
2019-05-10 03:31:19.814,0.2,sell,6269.89,BTC-31MAY19-6000-C,56.65,0.0775,0.2,1,1557459079814,19308637,331
2019-05-10 03:42:43.722,1.0,buy,6254.5,BTC-31MAY19-6000-C,59.34,0.0785,1.0,0,1557459763722,19309881,332
2019-05-10 03:54:36.735,0.1,buy,6278.59,BTC-31MAY19-6000-C,59.71,0.081,0.1,0,1557460476735,19311000,333
2019-05-10 04:09:30.531,5.0,buy,6239.75,BTC-31MAY19-6000-C,59.72,0.0775,5.0,2,1557461370531,19313632,334
2019-05-10 04:22:27.174,0.2,sell,6221.73,BTC-31MAY19-6000-C,59.3,0.0755,0.2,2,1557462147174,19316429,335
2019-05-10 04:46:16.920,0.5,buy,6272.51,BTC-31MAY19-6000-C,60.94,0.0815,0.5,0,1557463576920,19319730,336
2019-05-10 08:48:20.219,4.3,sell,6275.54,BTC-31MAY19-6000-C,56.36,0.0775,4.3,2,1557478100219,19342728,337
2019-05-10 09:48:24.382,0.1,buy,6286.35,BTC-31MAY19-6000-C,58.13,0.08,0.1,0,1557481704382,19346976,338
2019-05-10 09:55:39.580,0.3,sell,6290.29,BTC-31MAY19-6000-C,54.87,0.0775,0.3,2,1557482139580,19347117,339
2019-05-10 10:05:54.181,3.0,buy,6313.93,BTC-31MAY19-6000-C,57.52,0.08199999999999999,3.0,0,1557482754181,19347610,340
2019-05-10 12:31:10.531,1.0,buy,6264.82,BTC-31MAY19-6000-C,59.38,0.079,1.0,2,1557491470531,19355647,341
2019-05-10 12:31:14.978,1.0,buy,6264.82,BTC-31MAY19-6000-C,59.38,0.079,1.0,3,1557491474978,19355648,342
2019-05-10 12:44:40.878,0.3,buy,6290.47,BTC-31MAY19-6000-C,57.3,0.0795,0.3,0,1557492280878,19356341,343
2019-05-10 14:39:24.267,0.4,sell,6253.44,BTC-31MAY19-6000-C,55.59,0.0745,0.4,2,1557499164267,19361952,344
2019-05-10 14:40:12.517,0.6,sell,6253.72,BTC-31MAY19-6000-C,55.0,0.07400000000000001,0.6,2,1557499212517,19361960,345
2019-05-10 14:40:19.605,2.0,sell,6253.72,BTC-31MAY19-6000-C,55.0,0.07400000000000001,2.0,3,1557499219605,19361961,346
2019-05-10 14:57:00.390,1.0,buy,6250.73,BTC-31MAY19-6000-C,58.14,0.0765,1.0,0,1557500220390,19364177,347
2019-05-10 14:57:07.729,1.0,buy,6250.55,BTC-31MAY19-6000-C,58.16,0.0765,1.0,1,1557500227729,19364181,348
2019-05-10 16:45:44.926,1.0,buy,6385.05,BTC-31MAY19-6000-C,57.65,0.0885,1.0,0,1557506744926,19375809,349
2019-05-10 16:51:15.137,4.0,buy,6406.61,BTC-31MAY19-6000-C,55.11,0.0885,4.0,1,1557507075137,19377064,350
2019-05-10 16:52:04.788,1.0,buy,6417.95,BTC-31MAY19-6000-C,55.59,0.09,1.0,0,1557507124788,19377602,351
2019-05-10 16:52:04.788,0.3,buy,6417.95,BTC-31MAY19-6000-C,55.59,0.09,0.3,1,1557507124788,19377603,352
2019-05-10 16:58:31.843,1.0,sell,6374.13,BTC-31MAY19-6000-C,54.09,0.0845,1.0,2,1557507511843,19381124,353
2019-05-10 16:58:34.781,1.0,sell,6375.32,BTC-31MAY19-6000-C,53.95,0.0845,1.0,3,1557507514781,19381129,354
2019-05-10 17:34:16.238,1.5,buy,6396.02,BTC-31MAY19-6000-C,58.24,0.09,1.5,0,1557509656238,19385618,355
2019-05-10 17:51:39.003,0.6,buy,6402.83,BTC-31MAY19-6000-C,58.07,0.0905,0.6,0,1557510699003,19386591,356
2019-05-10 17:52:26.897,0.9,buy,6408.24,BTC-31MAY19-6000-C,58.05,0.091,0.9,0,1557510746897,19386631,357
2019-05-10 17:52:54.942,0.6,buy,6409.66,BTC-31MAY19-6000-C,59.72,0.0925,0.6,0,1557510774942,19386697,358
2019-05-10 17:56:15.942,1.0,buy,6409.98,BTC-31MAY19-6000-C,59.68,0.0925,1.0,1,1557510975942,19386916,359
2019-05-10 20:10:43.315,0.1,buy,6355.54,BTC-31MAY19-6000-C,60.59,0.08800000000000001,0.1,2,1557519043315,19396187,360
2019-05-10 21:07:01.703,0.4,buy,6298.42,BTC-31MAY19-6000-C,62.7,0.0845,0.4,2,1557522421703,19407050,361
2019-05-10 21:07:01.705,0.6,sell,6298.42,BTC-31MAY19-6000-C,62.7,0.0845,0.6,3,1557522421705,19407051,362
2019-05-10 21:07:06.634,0.2,sell,6298.45,BTC-31MAY19-6000-C,58.09,0.0805,0.2,2,1557522426634,19407056,363
2019-05-10 21:09:45.912,0.2,sell,6316.59,BTC-31MAY19-6000-C,57.29,0.0815,0.2,0,1557522585912,19407850,364
2019-05-11 02:21:02.937,0.4,sell,6472.99,BTC-31MAY19-6000-C,55.57,0.095,0.4,0,1557541262937,19428239,365
2019-05-11 02:21:02.937,0.6,sell,6472.99,BTC-31MAY19-6000-C,53.6,0.0935,0.6,2,1557541262937,19428240,366
2019-05-11 02:56:08.469,5.0,buy,6496.78,BTC-31MAY19-6000-C,57.1,0.0985,5.0,0,1557543368469,19431633,367
2019-05-11 02:56:24.590,0.5,buy,6511.81,BTC-31MAY19-6000-C,57.1,0.1,0.5,0,1557543384590,19432030,368
2019-05-11 04:36:12.946,0.3,buy,6590.26,BTC-31MAY19-6000-C,60.15,0.11,0.3,0,1557549372946,19445693,369
2019-05-11 04:36:43.675,1.0,buy,6593.09,BTC-31MAY19-6000-C,73.24,0.12,1.0,0,1557549403675,19445792,370
2019-05-11 04:36:43.675,4.0,buy,6593.09,BTC-31MAY19-6000-C,73.24,0.12,4.0,1,1557549403675,19445793,371
2019-05-11 04:37:05.004,0.3,buy,6595.25,BTC-31MAY19-6000-C,72.97,0.12,0.3,1,1557549425004,19445844,373
2019-05-11 04:37:05.004,1.0,buy,6595.25,BTC-31MAY19-6000-C,72.97,0.12,1.0,1,1557549425004,19445843,372
2019-05-11 04:50:35.413,3.4,sell,6738.41,BTC-31MAY19-6000-C,51.8,0.12,3.4,1,1557550235413,19455419,374
2019-05-11 04:52:04.888,0.3,buy,6674.46,BTC-31MAY19-6000-C,76.43,0.13,0.3,0,1557550324888,19456670,375
2019-05-11 04:52:04.888,0.3,buy,6674.46,BTC-31MAY19-6000-C,89.58,0.14,0.3,0,1557550324888,19456671,376
2019-05-11 04:52:04.888,0.4,buy,6674.46,BTC-31MAY19-6000-C,102.25,0.15,0.4,0,1557550324888,19456672,377
2019-05-11 05:47:14.135,0.2,buy,6745.55,BTC-31MAY19-6000-C,62.25,0.127,0.2,2,1557553634135,19472779,378
2019-05-11 06:23:23.317,2.0,buy,6902.41,BTC-31MAY19-6000-C,56.63,0.14,2.0,0,1557555803317,19492493,379
2019-05-11 06:29:54.975,1.6,buy,6953.84,BTC-31MAY19-6000-C,65.6,0.15,1.6,0,1557556194975,19498487,380
2019-05-11 06:29:54.975,0.3,buy,6953.84,BTC-31MAY19-6000-C,65.6,0.15,0.3,1,1557556194975,19498488,381
2019-05-11 06:31:55.498,2.0,buy,6930.96,BTC-31MAY19-6000-C,49.86,0.14,2.0,2,1557556315498,19499828,382
2019-05-11 06:34:48.784,3.0,buy,6879.28,BTC-31MAY19-6000-C,51.38,0.135,3.0,2,1557556488784,19503268,383
2019-05-11 07:30:48.828,0.1,buy,6866.99,BTC-31MAY19-6000-C,42.48,0.13,0.1,2,1557559848828,19525361,384
2019-05-11 08:22:51.845,0.2,buy,6793.7,BTC-31MAY19-6000-C,80.03,0.1435,0.2,0,1557562971845,19532988,385
2019-05-11 15:36:16.136,6.0,sell,6870.84,BTC-31MAY19-6000-C,68.5,0.14300000000000002,6.0,2,1557588976136,19582969,386
2019-05-11 15:36:16.139,19.0,buy,6870.84,BTC-31MAY19-6000-C,66.82,0.142,19.0,2,1557588976139,19582970,387
2019-05-11 15:58:04.604,0.1,buy,6934.57,BTC-31MAY19-6000-C,73.11,0.152,0.1,0,1557590284604,19588271,388
2019-05-11 16:17:43.371,0.3,buy,6995.42,BTC-31MAY19-6000-C,76.74,0.16,0.3,0,1557591463371,19597799,389
2019-05-11 16:52:23.925,2.0,buy,6922.34,BTC-31MAY19-6000-C,84.57,0.158,2.0,2,1557593543925,19609936,390
2019-05-11 18:14:16.259,1.0,sell,7009.63,BTC-31MAY19-6000-C,82.17,0.1645,1.0,0,1557598456259,19620466,391
2019-05-11 22:05:40.096,0.1,buy,7209.07,BTC-31MAY19-6000-C,76.32,0.18,0.1,0,1557612340096,19652750,392
2019-05-11 22:06:35.997,4.0,sell,7159.04,BTC-31MAY19-6000-C,84.4,0.1795,4.0,2,1557612395997,19654622,393
2019-05-11 22:19:03.811,0.3,buy,7126.91,BTC-31MAY19-6000-C,84.37,0.1765,0.3,2,1557613143811,19661849,394
2019-05-11 22:23:35.199,0.3,sell,7212.18,BTC-31MAY19-6000-C,79.78,0.182,0.3,0,1557613415199,19663890,395
2019-05-11 22:26:39.431,0.7000000000000001,buy,7180.87,BTC-31MAY19-6000-C,84.39,0.1815,0.7000000000000001,2,1557613599431,19667200,396
2019-05-11 22:59:15.594,0.2,sell,7262.56,BTC-31MAY19-6000-C,97.14,0.196,0.2,0,1557615555594,19690116,397
2019-05-11 23:09:57.784,0.2,buy,7344.32,BTC-31MAY19-6000-C,91.25,0.2,0.2,0,1557616197784,19694856,398
2019-05-11 23:10:06.306,1.0,buy,7353.77,BTC-31MAY19-6000-C,101.69,0.2065,1.0,0,1557616206306,19695082,399
2019-05-11 23:10:50.812,1.0,buy,7374.01,BTC-31MAY19-6000-C,101.26,0.20800000000000002,1.0,0,1557616250812,19695910,400
2019-05-11 23:11:47.506,1.0,buy,7412.5,BTC-31MAY19-6000-C,101.63,0.2115,1.0,0,1557616307506,19697104,401
2019-05-12 03:20:33.893,0.1,buy,7202.55,BTC-31MAY19-6000-C,103.0,0.19399999999999998,0.1,2,1557631233893,19796835,402
2019-05-12 03:21:41.850,0.2,buy,7211.34,BTC-31MAY19-6000-C,103.4,0.195,0.2,0,1557631301850,19797108,403
2019-05-12 06:13:31.470,4.0,buy,7322.19,BTC-31MAY19-6000-C,104.57,0.205,4.0,0,1557641611470,19818846,404
2019-05-12 06:36:04.485,1.0,buy,7438.27,BTC-31MAY19-6000-C,109.37,0.2175,1.0,0,1557642964485,19824223,405
2019-05-12 07:09:01.853,1.0,buy,7475.41,BTC-31MAY19-6000-C,109.27,0.2205,1.0,0,1557644941853,19829431,406
2019-05-12 07:12:40.288,0.4,buy,7516.59,BTC-31MAY19-6000-C,105.65,0.222,0.4,0,1557645160288,19831412,407
2019-05-12 07:14:58.260,1.0,sell,7527.57,BTC-31MAY19-6000-C,133.08,0.2385,1.0,0,1557645298260,19832397,408
2019-05-12 07:29:32.633,0.8,buy,7526.57,BTC-31MAY19-6000-C,91.61,0.21600000000000005,0.8,2,1557646172633,19836494,409
2019-05-12 07:39:03.113,1.0,buy,7543.38,BTC-31MAY19-6000-C,107.14,0.225,1.0,0,1557646743113,19837876,410
2019-05-12 08:11:03.724,2.7,sell,7544.76,BTC-31MAY19-6000-C,96.9,0.22,2.7,2,1557648663724,19844972,411
2019-05-12 10:49:10.088,1.0,sell,7356.95,BTC-31MAY19-6000-C,67.86,0.1905,1.0,2,1557658150088,19912350,412
2019-05-12 10:54:45.204,4.0,buy,7259.61,BTC-31MAY19-6000-C,95.32,0.194,4.0,0,1557658485204,19914724,413
