date_utc,amount,direction,indexPrice,instrument,iv,price,quantity,tickDirection,timeStamp,tradeId,tradeSeq
2019-04-19 19:12:39.632,0.1,sell,5286.11,BTC-3MAY19-5250-P,46.14,0.032,0.1,1,1555701159632,17965245,1
2019-04-19 22:18:39.327,1.0,buy,5272.7,BTC-3MAY19-5250-P,53.27,0.0385,1.0,0,1555712319327,17969037,2
2019-04-20 07:15:45.085,1.0,buy,5330.41,BTC-3MAY19-5250-P,53.62,0.033,1.0,2,1555744545085,17977762,3
2019-04-20 23:25:07.590,0.1,buy,5300.87,BTC-3MAY19-5250-P,54.94,0.0355,0.1,0,1555802707590,17994486,4
2019-04-21 05:11:54.303,0.2,sell,5319.24,BTC-3MAY19-5250-P,47.96,0.0285,0.2,2,1555823514303,17998895,5
2019-04-22 14:53:19.369,1.0,buy,5320.41,BTC-3MAY19-5250-P,51.15,0.0285,1.0,3,1555944799369,18038712,6
2019-04-22 17:54:50.665,10.0,buy,5355.11,BTC-3MAY19-5250-P,51.95,0.026,10.0,2,1555955690665,18055677,7
2019-04-22 17:54:53.699,10.0,buy,5354.78,BTC-3MAY19-5250-P,52.68,0.0265,10.0,0,1555955693699,18055678,8
2019-04-22 17:54:57.543,6.2,buy,5354.23,BTC-3MAY19-5250-P,53.37,0.027000000000000003,6.2,0,1555955697543,18055680,9
2019-04-22 17:55:02.552,16.0,buy,5353.77,BTC-3MAY19-5250-P,54.08,0.0275,16.0,0,1555955702552,18055693,10
2019-04-22 17:55:02.552,7.0,buy,5353.77,BTC-3MAY19-5250-P,54.08,0.0275,7.0,1,1555955702552,18055694,11
2019-04-23 04:02:58.789,0.1,sell,5439.05,BTC-3MAY19-5250-P,51.31,0.019,0.1,2,1555992178789,18077419,12
2019-04-23 04:23:38.493,1.0,sell,5506.36,BTC-3MAY19-5250-P,52.04,0.0155,1.0,2,1555993418493,18082523,13
2019-04-23 04:42:56.787,75.0,buy,5518.79,BTC-3MAY19-5250-P,57.72,0.018000000000000002,75.0,0,1555994576787,18093071,14
2019-04-23 07:17:00.839,0.1,buy,5533.31,BTC-3MAY19-5250-P,59.44,0.018000000000000002,0.1,1,1556003820839,18100397,15
2019-04-23 10:53:56.235,3.0,buy,5554.1,BTC-3MAY19-5250-P,58.2,0.016,3.0,2,1556016836235,18106419,16
2019-04-23 17:28:08.583,2.0,sell,5598.88,BTC-3MAY19-5250-P,61.25,0.015,2.0,2,1556040488583,18116840,17
2019-04-23 21:14:07.390,5.0,buy,5577.63,BTC-3MAY19-5250-P,60.77,0.0155,5.0,0,1556054047390,18123790,18
2019-04-23 22:10:04.041,0.6,sell,5542.98,BTC-3MAY19-5250-P,54.73,0.013999999999999999,0.6,2,1556057404041,18125871,19
2019-04-23 22:12:13.280,0.2,sell,5542.16,BTC-3MAY19-5250-P,55.62,0.0145,0.2,0,1556057533280,18126241,20
2019-04-23 22:53:02.224,7.1000000000000005,buy,5558.68,BTC-3MAY19-5250-P,61.13,0.0165,7.1000000000000005,0,1556059982224,18130598,21
2019-04-23 22:53:02.224,10.0,buy,5558.68,BTC-3MAY19-5250-P,61.13,0.0165,10.0,1,1556059982224,18130599,22
2019-04-23 22:55:32.963,7.9,sell,5559.57,BTC-3MAY19-5250-P,61.22,0.0165,7.9,1,1556060132963,18130749,23
2019-04-24 01:12:25.859,10.0,buy,5522.09,BTC-3MAY19-5250-P,60.65,0.018000000000000002,10.0,0,1556068345859,18135197,24
2019-04-24 01:12:25.859,16.0,buy,5522.09,BTC-3MAY19-5250-P,61.57,0.0185,16.0,0,1556068345859,18135198,25
2019-04-24 01:12:30.491,10.0,buy,5523.16,BTC-3MAY19-5250-P,61.68,0.0185,10.0,1,1556068350491,18135209,26
2019-04-24 01:12:34.164,10.0,buy,5523.18,BTC-3MAY19-5250-P,62.61,0.019,10.0,0,1556068354164,18135210,27
2019-04-24 01:20:28.011,16.0,buy,5505.36,BTC-3MAY19-5250-P,63.5,0.0205,16.0,0,1556068828011,18137010,28
2019-04-24 01:20:40.887,16.0,buy,5504.97,BTC-3MAY19-5250-P,64.36,0.021,16.0,0,1556068840887,18137018,29
2019-04-24 01:20:48.527,4.0,buy,5506.09,BTC-3MAY19-5250-P,65.37,0.0215,4.0,1,1556068848527,18137022,31
2019-04-24 01:20:48.527,6.0,buy,5506.09,BTC-3MAY19-5250-P,65.37,0.0215,6.0,0,1556068848527,18137021,30
2019-04-24 01:20:52.946,5.0,buy,5506.82,BTC-3MAY19-5250-P,64.56,0.021,5.0,2,1556068852946,18137031,32
2019-04-24 01:20:59.354,2.0,buy,5507.29,BTC-3MAY19-5250-P,64.6,0.021,2.0,3,1556068859354,18137044,33
2019-04-24 04:17:24.843,10.0,sell,5594.94,BTC-3MAY19-5250-P,61.36,0.0145,10.0,2,1556079444843,18142367,34
2019-04-24 04:49:19.509,10.0,sell,5602.73,BTC-3MAY19-5250-P,58.01,0.0125,10.0,2,1556081359509,18144170,35
2019-04-24 07:47:58.298,1.0,buy,5507.81,BTC-3MAY19-5250-P,58.22,0.017,1.0,0,1556092078298,18151952,36
2019-04-24 08:29:43.649,0.1,sell,5474.2,BTC-3MAY19-5250-P,62.07,0.021,0.1,0,1556094583649,18161540,37
2019-04-24 09:08:04.834,0.3,buy,5462.0,BTC-3MAY19-5250-P,60.8,0.021,0.3,1,1556096884834,18163507,38
2019-04-24 09:09:56.872,0.2,sell,5463.85,BTC-3MAY19-5250-P,61.01,0.021,0.2,1,1556096996872,18163826,39
2019-04-24 09:34:08.788,1.2,buy,5483.93,BTC-3MAY19-5250-P,61.48,0.02,1.2,2,1556098448788,18165466,40
2019-04-24 10:09:29.304,0.1,sell,5452.34,BTC-3MAY19-5250-P,57.18,0.0195,0.1,2,1556100569304,18166779,41
2019-04-24 11:44:16.443,0.3,sell,5442.51,BTC-3MAY19-5250-P,55.4,0.019,0.3,2,1556106256443,18175133,42
2019-04-24 12:23:26.243,6.0,sell,5463.55,BTC-3MAY19-5250-P,57.83,0.019,6.0,3,1556108606243,18176300,43
2019-04-24 12:24:07.348,6.0,sell,5463.23,BTC-3MAY19-5250-P,56.88,0.0185,6.0,2,1556108647348,18176309,44
2019-04-24 12:59:25.814,0.5,sell,5456.99,BTC-3MAY19-5250-P,56.28,0.0185,0.5,3,1556110765814,18176814,45
2019-04-24 13:43:34.993,0.2,sell,5459.83,BTC-3MAY19-5250-P,55.78,0.018000000000000002,0.2,2,1556113414993,18178002,46
2019-04-24 16:48:57.879,1.0,sell,5448.16,BTC-3MAY19-5250-P,55.8,0.0185,1.0,0,1556124537879,18183998,47
2019-04-24 17:00:22.256,3.0,sell,5434.6,BTC-3MAY19-5250-P,55.2,0.019,3.0,0,1556125222256,18184416,48
2019-04-24 18:02:38.234,5.0,sell,5414.54,BTC-3MAY19-5250-P,55.67,0.0205,5.0,0,1556128958234,18187715,49
2019-04-24 18:21:29.672,0.4,buy,5395.1,BTC-3MAY19-5250-P,62.08,0.0255,0.4,0,1556130089672,18190688,50
2019-04-24 18:21:29.672,0.6,buy,5395.1,BTC-3MAY19-5250-P,62.08,0.0255,0.6,1,1556130089672,18190689,51
2019-04-25 01:07:14.689,1.0,sell,5447.47,BTC-3MAY19-5250-P,59.66,0.02,1.0,2,1556154434689,18201665,52
2019-04-25 05:56:09.933,0.5,buy,5428.55,BTC-3MAY19-5250-P,56.29,0.019,0.5,2,1556171769933,18208157,53
2019-04-25 07:04:28.846,1.0,sell,5401.0,BTC-3MAY19-5250-P,54.93,0.02,1.0,0,1556175868846,18210778,54
2019-04-25 09:57:23.891,6.5,sell,5419.83,BTC-3MAY19-5250-P,56.75,0.0195,6.5,2,1556186243891,18215224,55
2019-04-25 09:58:05.347,6.4,sell,5419.76,BTC-3MAY19-5250-P,55.82,0.019,6.4,2,1556186285347,18215226,56
2019-04-25 09:58:33.568,24.0,sell,5419.98,BTC-3MAY19-5250-P,54.91,0.0185,24.0,2,1556186313568,18215227,57
2019-04-25 09:59:00.567,6.0,sell,5420.23,BTC-3MAY19-5250-P,54.01,0.018000000000000002,6.0,2,1556186340567,18215236,58
2019-04-25 09:59:00.567,1.3,sell,5420.23,BTC-3MAY19-5250-P,54.01,0.018000000000000002,1.3,3,1556186340567,18215237,59
2019-04-25 11:58:13.312,1.2,sell,5463.69,BTC-3MAY19-5250-P,53.54,0.015,1.2,2,1556193493312,18219548,60
2019-04-25 13:01:32.592,1.0,sell,5456.59,BTC-3MAY19-5250-P,52.9,0.015,1.0,3,1556197292592,18220838,61
2019-04-25 16:05:59.418,2.0,sell,5459.89,BTC-3MAY19-5250-P,52.7,0.0145,2.0,2,1556208359418,18223773,62
2019-04-25 16:06:11.761,1.0,buy,5459.84,BTC-3MAY19-5250-P,53.7,0.015,1.0,0,1556208371761,18223775,63
2019-04-25 16:06:18.588,1.0,buy,5461.57,BTC-3MAY19-5250-P,53.9,0.015,1.0,1,1556208378588,18223781,64
2019-04-25 18:24:08.977,0.5,sell,5495.53,BTC-3MAY19-5250-P,58.05,0.015,0.5,1,1556216648977,18227666,65
2019-04-25 19:21:57.642,10.0,buy,5504.47,BTC-3MAY19-5250-P,53.88,0.0125,10.0,2,1556220117642,18228632,66
2019-04-25 21:41:05.244,0.2,buy,5445.59,BTC-3MAY19-5250-P,54.89,0.016,0.2,0,1556228465244,18232990,67
2019-04-25 21:41:05.244,0.1,buy,5445.59,BTC-3MAY19-5250-P,54.89,0.016,0.1,1,1556228465244,18232991,68
2019-04-25 21:41:05.244,0.1,buy,5445.59,BTC-3MAY19-5250-P,54.89,0.016,0.1,1,1556228465244,18232992,69
2019-04-25 21:41:05.244,0.2,buy,5445.59,BTC-3MAY19-5250-P,55.89,0.0165,0.2,0,1556228465244,18232993,70
2019-04-25 21:42:34.240,5.0,buy,5439.58,BTC-3MAY19-5250-P,57.15,0.0175,5.0,0,1556228554240,18233342,71
2019-04-25 21:52:04.873,6.8,buy,5417.48,BTC-3MAY19-5250-P,58.32,0.0195,6.8,0,1556229124873,18236020,72
2019-04-25 21:52:04.873,13.2,buy,5417.48,BTC-3MAY19-5250-P,60.24,0.0205,13.2,0,1556229124873,18236021,73
2019-04-25 21:53:52.769,0.4,sell,5415.4,BTC-3MAY19-5250-P,54.21,0.0175,0.4,2,1556229232769,18236219,74
2019-04-25 21:54:27.029,0.6,sell,5414.17,BTC-3MAY19-5250-P,53.09,0.017,0.6,2,1556229267029,18236251,75
2019-04-25 21:55:33.793,0.5,sell,5414.24,BTC-3MAY19-5250-P,53.11,0.017,0.5,3,1556229333793,18236329,76
2019-04-25 21:56:32.433,0.5,sell,5404.1,BTC-3MAY19-5250-P,53.77,0.018000000000000002,0.5,0,1556229392433,18236492,77
2019-04-25 21:56:42.289,0.2,sell,5402.07,BTC-3MAY19-5250-P,55.42,0.019,0.2,0,1556229402289,18236686,78
2019-04-25 21:56:58.643,0.3,sell,5400.13,BTC-3MAY19-5250-P,54.22,0.0185,0.3,2,1556229418643,18236833,79
2019-04-25 21:57:22.636,0.2,buy,5398.95,BTC-3MAY19-5250-P,58.81,0.021,0.2,0,1556229442636,18236938,80
2019-04-25 21:57:25.626,0.4,sell,5398.95,BTC-3MAY19-5250-P,58.81,0.021,0.4,1,1556229445626,18236945,81
2019-04-25 21:59:42.851,0.3,sell,5387.14,BTC-3MAY19-5250-P,55.38,0.02,0.3,2,1556229582851,18237630,82
2019-04-25 22:00:40.489,0.2,buy,5378.05,BTC-3MAY19-5250-P,56.98,0.0215,0.2,0,1556229640489,18238110,83
2019-04-25 22:05:18.698,10.4,buy,5153.37,BTC-3MAY19-5250-P,52.64,0.0405,10.4,0,1556229918698,18246522,84
2019-04-25 22:27:12.197,0.2,buy,5069.02,BTC-3MAY19-5250-P,69.48,0.0605,0.2,0,1556231232197,18270492,86
2019-04-25 22:27:12.197,1.0,buy,5069.02,BTC-3MAY19-5250-P,68.56,0.06,1.0,0,1556231232197,18270491,85
2019-04-25 22:27:12.238,0.3,sell,5069.02,BTC-3MAY19-5250-P,73.16,0.0625,0.3,0,1556231232238,18270493,87
2019-04-25 22:27:12.642,1.0,sell,5070.0,BTC-3MAY19-5250-P,73.4,0.0625,1.0,1,1556231232642,18270495,88
2019-04-25 22:27:12.903,1.0,sell,5070.0,BTC-3MAY19-5250-P,73.4,0.0625,1.0,1,1556231232903,18270500,89
2019-04-25 22:27:13.195,1.0,sell,5070.0,BTC-3MAY19-5250-P,73.4,0.0625,1.0,1,1556231233195,18270506,90
2019-04-25 22:56:09.455,0.4,sell,5122.82,BTC-3MAY19-5250-P,57.69,0.047,0.4,2,1556232969455,18279889,91
2019-04-25 22:57:13.312,0.2,sell,5125.0,BTC-3MAY19-5250-P,51.8,0.0435,0.2,2,1556233033312,18280024,92
2019-04-25 23:15:20.231,0.7000000000000001,buy,5105.18,BTC-3MAY19-5250-P,67.32,0.0545,0.7000000000000001,0,1556234120231,18282400,93
2019-04-25 23:24:30.763,0.4,buy,5128.23,BTC-3MAY19-5250-P,67.14,0.0515,0.4,2,1556234670763,18284165,94
2019-04-26 00:03:50.643,1.0,buy,5122.53,BTC-3MAY19-5250-P,66.0,0.0515,1.0,3,1556237030643,18287669,95
2019-04-26 01:29:57.065,0.1,sell,5128.84,BTC-3MAY19-5250-P,59.5,0.047,0.1,2,1556242197065,18293896,96
2019-04-26 02:33:43.397,5.0,buy,5210.98,BTC-3MAY19-5250-P,68.61,0.0425,5.0,2,1556246023397,18298577,97
2019-04-26 02:33:43.404,0.4,sell,5210.98,BTC-3MAY19-5250-P,68.61,0.0425,0.4,3,1556246023404,18298578,98
2019-04-26 02:58:58.796,3.0,sell,5215.48,BTC-3MAY19-5250-P,60.62,0.0375,3.0,2,1556247538796,18305496,99
2019-04-26 03:10:21.667,2.0,sell,5220.18,BTC-3MAY19-5250-P,60.64,0.037000000000000005,2.0,2,1556248221667,18306619,100
2019-04-26 03:10:25.727,18.0,sell,5218.45,BTC-3MAY19-5250-P,57.64,0.0355,18.0,2,1556248225727,18306620,101
2019-04-26 03:10:46.233,5.0,sell,5221.28,BTC-3MAY19-5250-P,59.96,0.0365,5.0,0,1556248246233,18306625,102
2019-04-26 03:11:01.300,5.0,sell,5220.3,BTC-3MAY19-5250-P,58.88,0.036000000000000004,5.0,2,1556248261300,18306637,103
2019-04-26 03:11:17.314,5.0,sell,5219.8,BTC-3MAY19-5250-P,57.0,0.035,5.0,2,1556248277314,18306654,104
2019-04-26 03:11:46.112,5.0,sell,5216.8,BTC-3MAY19-5250-P,56.44,0.035,5.0,3,1556248306112,18306693,105
2019-04-26 03:11:53.189,18.0,sell,5217.35,BTC-3MAY19-5250-P,55.65,0.0345,18.0,2,1556248313189,18306698,106
2019-04-26 03:12:02.929,18.0,sell,5217.77,BTC-3MAY19-5250-P,53.94,0.0335,18.0,2,1556248322929,18306699,107
2019-04-26 03:12:11.249,18.0,sell,5215.59,BTC-3MAY19-5250-P,51.74,0.0325,18.0,2,1556248331249,18306701,108
2019-04-26 03:12:17.355,6.0,sell,5216.31,BTC-3MAY19-5250-P,50.99,0.032,6.0,2,1556248337355,18306703,109
2019-04-26 03:33:09.588,0.1,buy,5214.92,BTC-3MAY19-5250-P,62.4,0.0385,0.1,0,1556249589588,18307897,110
2019-04-26 04:07:42.874,0.5,sell,5223.56,BTC-3MAY19-5250-P,57.86,0.035,0.5,2,1556251662874,18309566,111
2019-04-26 04:19:41.297,0.7000000000000001,sell,5235.92,BTC-3MAY19-5250-P,57.48,0.0335,0.7000000000000001,2,1556252381297,18310032,112
2019-04-26 04:37:52.334,6.0,sell,5197.97,BTC-3MAY19-5250-P,58.42,0.038,6.0,0,1556253472334,18311086,113
2019-04-26 06:13:07.817,5.6000000000000005,sell,5188.56,BTC-3MAY19-5250-P,58.62,0.039,5.6000000000000005,0,1556259187817,18314175,114
2019-04-26 06:56:47.684,2.0,buy,5176.54,BTC-3MAY19-5250-P,59.91,0.040999999999999995,2.0,0,1556261807684,18316682,115
2019-04-26 07:29:29.356,0.2,buy,5166.76,BTC-3MAY19-5250-P,58.85,0.0415,0.2,0,1556263769356,18317804,116
2019-04-26 08:04:00.451,5.0,sell,5162.39,BTC-3MAY19-5250-P,57.1,0.040999999999999995,5.0,2,1556265840451,18319067,117
2019-04-26 08:08:41.006,1.0,sell,5173.99,BTC-3MAY19-5250-P,59.59,0.040999999999999995,1.0,3,1556266121006,18319333,118
2019-04-26 08:08:45.598,0.1,sell,5173.58,BTC-3MAY19-5250-P,59.5,0.040999999999999995,0.1,3,1556266125598,18319338,119
2019-04-26 08:11:12.879,1.0,sell,5173.4,BTC-3MAY19-5250-P,59.47,0.040999999999999995,1.0,3,1556266272879,18319448,120
2019-04-26 08:37:54.586,0.5,sell,5182.06,BTC-3MAY19-5250-P,61.35,0.040999999999999995,0.5,3,1556267874586,18320307,121
2019-04-26 08:38:31.654,0.4,sell,5184.52,BTC-3MAY19-5250-P,61.86,0.040999999999999995,0.4,3,1556267911654,18320353,122
2019-04-26 08:39:52.132,6.0,sell,5186.33,BTC-3MAY19-5250-P,60.41,0.04,6.0,2,1556267992132,18320460,123
2019-04-26 08:39:58.094,0.2,buy,5186.08,BTC-3MAY19-5250-P,62.18,0.040999999999999995,0.2,0,1556267998094,18320462,124
2019-04-26 08:56:20.529,0.4,buy,5180.54,BTC-3MAY19-5250-P,61.09,0.040999999999999995,0.4,1,1556268980529,18320820,125
2019-04-26 09:00:28.089,0.5,buy,5176.08,BTC-3MAY19-5250-P,61.09,0.0415,0.5,0,1556269228089,18320921,126
2019-04-26 09:34:59.649,0.1,sell,5184.34,BTC-3MAY19-5250-P,60.17,0.04,0.1,2,1556271299649,18321433,127
2019-04-26 09:56:50.225,1.0,buy,5165.97,BTC-3MAY19-5250-P,59.12,0.0415,1.0,0,1556272610225,18322356,128
2019-04-26 10:11:31.859,0.4,sell,5175.31,BTC-3MAY19-5250-P,60.23,0.040999999999999995,0.4,2,1556273491859,18322762,129
2019-04-26 10:11:35.364,0.4,sell,5175.31,BTC-3MAY19-5250-P,60.23,0.040999999999999995,0.4,3,1556273495364,18322764,130
2019-04-26 10:11:37.069,0.4,sell,5175.31,BTC-3MAY19-5250-P,60.23,0.040999999999999995,0.4,3,1556273497069,18322766,131
2019-04-26 11:05:15.911,0.8,buy,5134.85,BTC-3MAY19-5250-P,54.14,0.0425,0.8,0,1556276715911,18324189,132
2019-04-26 11:31:03.957,0.3,buy,5155.23,BTC-3MAY19-5250-P,66.32,0.0465,0.3,0,1556278263957,18326015,133
2019-04-26 13:12:46.164,6.0,buy,5177.56,BTC-3MAY19-5250-P,58.48,0.0395,6.0,2,1556284366164,18329365,134
2019-04-26 13:14:10.516,6.0,sell,5179.14,BTC-3MAY19-5250-P,57.9,0.039,6.0,2,1556284450516,18329371,135
2019-04-26 13:15:03.670,6.0,buy,5178.94,BTC-3MAY19-5250-P,57.86,0.039,6.0,3,1556284503670,18329378,136
2019-04-26 13:45:09.379,0.5,buy,5173.38,BTC-3MAY19-5250-P,60.48,0.040999999999999995,0.5,0,1556286309379,18329919,137
2019-04-26 13:51:26.908,0.1,buy,5171.27,BTC-3MAY19-5250-P,60.97,0.0415,0.1,0,1556286686908,18330069,138
2019-04-26 13:52:17.291,2.0,sell,5170.93,BTC-3MAY19-5250-P,57.18,0.0395,2.0,2,1556286737291,18330108,139
2019-04-26 14:04:31.661,0.2,sell,5161.77,BTC-3MAY19-5250-P,55.2,0.0395,0.2,3,1556287471661,18330394,140
2019-04-26 14:04:31.661,7.5,sell,5161.77,BTC-3MAY19-5250-P,55.2,0.0395,7.5,3,1556287471661,18330395,141
2019-04-26 14:05:59.908,0.2,buy,5161.09,BTC-3MAY19-5250-P,59.73,0.042,0.2,0,1556287559908,18330414,142
2019-04-26 14:07:27.996,0.2,buy,5160.78,BTC-3MAY19-5250-P,59.67,0.042,0.2,1,1556287647996,18330426,143
2019-04-26 16:34:46.164,0.1,buy,5080.68,BTC-3MAY19-5250-P,59.73,0.052000000000000005,0.1,0,1556296486164,18340183,144
2019-04-26 16:39:42.825,0.4,buy,5084.88,BTC-3MAY19-5250-P,60.88,0.052000000000000005,0.4,1,1556296782825,18340433,145
2019-04-26 16:40:11.050,0.4,buy,5084.99,BTC-3MAY19-5250-P,60.91,0.052000000000000005,0.4,1,1556296811050,18340457,146
2019-04-26 16:41:21.255,0.4,buy,5087.33,BTC-3MAY19-5250-P,61.53,0.052000000000000005,0.4,1,1556296881255,18340494,147
2019-04-26 16:41:48.350,0.4,buy,5092.61,BTC-3MAY19-5250-P,60.96,0.051,0.4,2,1556296908350,18340566,148
2019-04-26 16:45:28.220,0.4,buy,5090.36,BTC-3MAY19-5250-P,57.41,0.0495,0.4,2,1556297128220,18340856,149
2019-04-26 16:47:35.030,0.4,buy,5084.82,BTC-3MAY19-5250-P,58.9,0.051,0.4,0,1556297255030,18340959,150
2019-04-26 16:49:25.080,0.4,buy,5089.34,BTC-3MAY19-5250-P,60.12,0.051,0.4,1,1556297365080,18340996,151
2019-04-26 16:52:28.930,0.4,buy,5097.69,BTC-3MAY19-5250-P,60.36,0.05,0.4,2,1556297548930,18341066,152
2019-04-26 16:57:12.115,0.4,buy,5095.63,BTC-3MAY19-5250-P,59.83,0.05,0.4,3,1556297832115,18341376,153
2019-04-26 16:57:35.256,0.4,buy,5098.08,BTC-3MAY19-5250-P,60.48,0.05,0.4,3,1556297855256,18341395,154
2019-04-26 17:13:51.067,0.4,buy,5089.48,BTC-3MAY19-5250-P,61.22,0.0515,0.4,0,1556298831067,18341752,155
2019-04-26 17:13:51.067,4.6000000000000005,buy,5089.48,BTC-3MAY19-5250-P,62.2,0.052000000000000005,4.6000000000000005,0,1556298831067,18341753,156
2019-04-26 19:10:13.423,0.1,buy,5067.3,BTC-3MAY19-5250-P,58.49,0.053,0.1,0,1556305813423,18344857,157
2019-04-26 20:22:14.593,2.0,sell,5111.45,BTC-3MAY19-5250-P,56.71,0.046,2.0,2,1556310134593,18346970,158
2019-04-26 20:57:44.597,0.1,buy,5092.08,BTC-3MAY19-5250-P,58.66,0.0495,0.1,0,1556312264597,18348515,159
2019-04-26 21:47:49.433,3.7,sell,5119.17,BTC-3MAY19-5250-P,55.0,0.044000000000000004,3.7,2,1556315269433,18349503,160
2019-04-26 21:48:02.966,0.4,sell,5120.43,BTC-3MAY19-5250-P,54.33,0.0435,0.4,3,1556315282966,18349528,162
2019-04-26 21:48:02.966,4.0,sell,5120.43,BTC-3MAY19-5250-P,54.33,0.0435,4.0,2,1556315282966,18349527,161
2019-04-26 22:03:39.096,1.0,sell,5135.83,BTC-3MAY19-5250-P,52.36,0.0405,1.0,2,1556316219096,18350069,163
2019-04-26 22:05:55.536,0.4,sell,5145.0,BTC-3MAY19-5250-P,51.69,0.039,0.4,2,1556316355536,18350460,164
2019-04-26 22:05:57.140,0.4,sell,5147.08,BTC-3MAY19-5250-P,51.22,0.0385,0.4,2,1556316357140,18350535,165
2019-04-26 22:06:20.828,0.2,sell,5159.8,BTC-3MAY19-5250-P,52.3,0.0375,0.2,2,1556316380828,18350644,166
2019-04-26 22:19:25.875,0.1,sell,5157.8,BTC-3MAY19-5250-P,53.81,0.0385,0.1,0,1556317165875,18352146,167
2019-04-27 06:12:22.305,1.0,sell,5154.58,BTC-3MAY19-5250-P,51.47,0.037000000000000005,1.0,2,1556345542305,18359335,168
2019-04-27 07:46:37.320,0.1,sell,5170.82,BTC-3MAY19-5250-P,50.67,0.0345,0.1,2,1556351197320,18360314,169
2019-04-27 22:21:42.066,2.0,sell,5208.24,BTC-3MAY19-5250-P,48.8,0.027999999999999997,2.0,2,1556403702066,18374014,170
2019-04-28 09:29:07.639,1.0,sell,5182.44,BTC-3MAY19-5250-P,50.12,0.0305,1.0,0,1556443747639,18382077,171
2019-04-28 10:51:45.732,1.0,sell,5195.66,BTC-3MAY19-5250-P,55.94,0.0315,1.0,0,1556448705732,18382976,172
2019-04-28 11:36:25.093,0.2,buy,5197.79,BTC-3MAY19-5250-P,50.06,0.0285,0.2,2,1556451385093,18384022,173
2019-04-28 11:36:31.246,0.2,buy,5197.71,BTC-3MAY19-5250-P,50.04,0.0285,0.2,3,1556451391246,18384028,174
2019-04-28 11:36:31.480,0.2,buy,5197.71,BTC-3MAY19-5250-P,50.04,0.0285,0.2,3,1556451391480,18384030,175
2019-04-28 11:36:31.611,0.2,buy,5197.71,BTC-3MAY19-5250-P,50.04,0.0285,0.2,3,1556451391611,18384032,176
2019-04-28 13:26:44.224,7.4,sell,5196.64,BTC-3MAY19-5250-P,55.7,0.031,7.4,1,1556458004224,18385610,178
2019-04-28 13:26:44.224,0.2,sell,5196.64,BTC-3MAY19-5250-P,55.7,0.031,0.2,0,1556458004224,18385609,177
2019-04-28 13:26:58.746,7.6,sell,5196.66,BTC-3MAY19-5250-P,54.6,0.0305,7.6,2,1556458018746,18385613,179
2019-04-28 19:36:09.844,0.2,sell,5145.04,BTC-3MAY19-5250-P,58.09,0.0375,0.2,0,1556480169844,18398586,180
2019-04-28 19:37:49.881,0.1,sell,5140.06,BTC-3MAY19-5250-P,57.79,0.038,0.1,0,1556480269881,18398659,181
2019-04-28 19:41:56.292,0.1,buy,5140.7,BTC-3MAY19-5250-P,59.18,0.0385,0.1,0,1556480516292,18398818,182
2019-04-28 19:48:17.317,0.1,sell,5130.56,BTC-3MAY19-5250-P,58.5,0.0395,0.1,0,1556480897317,18399082,183
2019-04-28 21:01:32.800,0.1,buy,5113.17,BTC-3MAY19-5250-P,55.66,0.0405,0.1,0,1556485292800,18401494,184
2019-04-28 22:34:06.313,2.0,sell,5143.95,BTC-3MAY19-5250-P,56.19,0.0365,2.0,2,1556490846313,18403624,185
2019-04-29 13:11:16.860,5.0,sell,5082.09,BTC-3MAY19-5250-P,71.69,0.049,5.0,0,1556543476860,18423131,186
2019-04-29 13:11:16.868,4.1,sell,5082.09,BTC-3MAY19-5250-P,71.69,0.049,4.1,1,1556543476868,18423132,187
2019-04-30 01:27:30.074,0.1,buy,5157.49,BTC-3MAY19-5250-P,68.37,0.036000000000000004,0.1,2,1556587650074,18445808,188
2019-04-30 10:10:51.219,0.1,sell,5171.88,BTC-3MAY19-5250-P,66.01,0.032,0.1,2,1556619051219,18454735,189
2019-04-30 10:10:51.234,0.1,sell,5171.88,BTC-3MAY19-5250-P,66.01,0.032,0.1,3,1556619051234,18454737,190
2019-04-30 10:10:51.764,0.8,sell,5171.85,BTC-3MAY19-5250-P,66.0,0.032,0.8,3,1556619051764,18454740,191
2019-04-30 12:30:49.465,1.0,sell,5209.04,BTC-3MAY19-5250-P,54.95,0.0235,1.0,2,1556627449465,18463063,192
2019-04-30 13:23:23.868,0.1,sell,5235.93,BTC-3MAY19-5250-P,53.47,0.02,0.1,2,1556630603868,18468846,193
2019-04-30 13:26:11.790,2.0,sell,5236.13,BTC-3MAY19-5250-P,54.99,0.0205,2.0,0,1556630771790,18469534,194
2019-04-30 13:53:05.420,0.1,buy,5254.9,BTC-3MAY19-5250-P,64.85,0.022000000000000002,0.1,0,1556632385420,18471415,195
2019-04-30 14:10:27.164,0.2,buy,5261.21,BTC-3MAY19-5250-P,56.59,0.0185,0.2,2,1556633427164,18472805,196
2019-04-30 14:12:02.087,0.1,sell,5258.27,BTC-3MAY19-5250-P,54.35,0.018000000000000002,0.1,2,1556633522087,18472856,197
2019-04-30 14:12:30.144,0.2,buy,5258.4,BTC-3MAY19-5250-P,57.28,0.019,0.2,0,1556633550144,18472865,198
2019-04-30 14:12:30.315,0.2,buy,5258.4,BTC-3MAY19-5250-P,57.28,0.019,0.2,1,1556633550315,18472867,199
2019-04-30 14:12:35.856,0.2,sell,5258.84,BTC-3MAY19-5250-P,54.51,0.018000000000000002,0.2,2,1556633555856,18472870,200
2019-04-30 14:17:25.597,0.4,sell,5265.32,BTC-3MAY19-5250-P,54.84,0.0175,0.4,2,1556633845597,18473227,201
2019-04-30 14:56:08.968,0.2,sell,5253.15,BTC-3MAY19-5250-P,57.61,0.0195,0.2,0,1556636168968,18476009,202
2019-04-30 14:56:20.793,0.3,sell,5253.12,BTC-3MAY19-5250-P,57.6,0.0195,0.3,1,1556636180793,18476010,203
2019-04-30 14:56:32.144,0.3,sell,5253.15,BTC-3MAY19-5250-P,57.61,0.0195,0.3,1,1556636192144,18476011,204
2019-04-30 14:56:41.193,0.1,sell,5253.15,BTC-3MAY19-5250-P,57.61,0.0195,0.1,1,1556636201193,18476012,205
2019-04-30 14:56:50.952,0.1,sell,5253.93,BTC-3MAY19-5250-P,57.83,0.0195,0.1,1,1556636210952,18476019,206
2019-04-30 14:57:02.336,0.1,sell,5255.1,BTC-3MAY19-5250-P,58.16,0.0195,0.1,1,1556636222336,18476055,207
2019-04-30 15:13:46.506,6.0,buy,5247.5,BTC-3MAY19-5250-P,57.6,0.02,6.0,0,1556637226506,18476709,208
2019-04-30 15:55:57.886,0.1,sell,5260.41,BTC-3MAY19-5250-P,54.2,0.0175,0.1,2,1556639757886,18477856,209
2019-04-30 16:19:31.531,4.0,buy,5239.68,BTC-3MAY19-5250-P,55.81,0.02,4.0,0,1556641171531,18478772,210
2019-04-30 22:19:47.401,0.1,sell,5275.38,BTC-3MAY19-5250-P,59.81,0.017,0.1,2,1556662787401,18485531,211
2019-04-30 22:42:31.105,0.1,sell,5284.96,BTC-3MAY19-5250-P,59.48,0.016,0.1,2,1556664151105,18486689,212
2019-04-30 23:31:35.848,0.1,buy,5261.34,BTC-3MAY19-5250-P,56.44,0.017,0.1,0,1556667095848,18488043,213
2019-04-30 23:31:35.848,0.1,buy,5261.34,BTC-3MAY19-5250-P,56.44,0.017,0.1,1,1556667095848,18488044,214
2019-04-30 23:31:35.848,0.1,buy,5261.34,BTC-3MAY19-5250-P,56.44,0.017,0.1,1,1556667095848,18488045,215
2019-05-01 00:11:34.726,0.1,sell,5274.15,BTC-3MAY19-5250-P,57.29,0.016,0.1,2,1556669494726,18488884,216
2019-05-01 00:20:26.797,0.1,sell,5295.11,BTC-3MAY19-5250-P,59.87,0.015,0.1,2,1556670026797,18489526,217
2019-05-01 00:22:50.990,0.1,sell,5306.46,BTC-3MAY19-5250-P,59.6,0.013999999999999999,0.1,2,1556670170990,18489987,218
2019-05-01 00:23:09.091,0.1,sell,5320.28,BTC-3MAY19-5250-P,59.78,0.013000000000000001,0.1,2,1556670189091,18490218,219
2019-05-01 00:44:59.581,0.1,sell,5302.57,BTC-3MAY19-5250-P,57.18,0.0135,0.1,0,1556671499581,18492548,220
2019-05-01 02:07:57.691,5.0,sell,5305.48,BTC-3MAY19-5250-P,55.36,0.0125,5.0,2,1556676477691,18493784,221
2019-05-01 02:18:50.810,1.0,sell,5326.98,BTC-3MAY19-5250-P,59.11,0.012,1.0,2,1556677130810,18494454,222
2019-05-01 02:18:50.810,0.1,sell,5326.98,BTC-3MAY19-5250-P,59.11,0.012,0.1,3,1556677130810,18494455,223
2019-05-01 02:19:07.964,0.1,sell,5335.36,BTC-3MAY19-5250-P,59.41,0.0115,0.1,2,1556677147964,18494614,224
2019-05-01 02:38:32.033,0.1,sell,5328.04,BTC-3MAY19-5250-P,54.42,0.0105,0.1,2,1556678312033,18495404,225
2019-05-01 03:37:00.405,50.0,sell,5310.07,BTC-3MAY19-5250-P,53.94,0.0115,50.0,0,1556681820405,18496684,226
2019-05-01 04:05:58.516,3.9,sell,5317.86,BTC-3MAY19-5250-P,50.98,0.01,3.9,3,1556683558516,18497222,228
2019-05-01 04:05:58.516,0.1,sell,5317.86,BTC-3MAY19-5250-P,50.98,0.01,0.1,2,1556683558516,18497221,227
2019-05-01 08:24:03.232,0.1,buy,5287.67,BTC-3MAY19-5250-P,55.68,0.013000000000000001,0.1,1,1556699043232,18501434,231
2019-05-01 08:24:03.232,0.1,buy,5287.67,BTC-3MAY19-5250-P,55.68,0.013000000000000001,0.1,0,1556699043232,18501432,229
2019-05-01 08:24:03.232,0.1,buy,5287.67,BTC-3MAY19-5250-P,55.68,0.013000000000000001,0.1,1,1556699043232,18501433,230
2019-05-01 08:53:44.943,0.2,sell,5290.4,BTC-3MAY19-5250-P,49.76,0.011000000000000001,0.2,2,1556700824943,18502415,232
2019-05-01 10:07:37.882,0.1,buy,5298.8,BTC-3MAY19-5250-P,54.56,0.0115,0.1,0,1556705257882,18503701,233
2019-05-01 10:07:37.882,0.1,buy,5298.8,BTC-3MAY19-5250-P,54.56,0.0115,0.1,1,1556705257882,18503702,234
2019-05-01 11:30:56.067,0.1,buy,5314.09,BTC-3MAY19-5250-P,57.78,0.011000000000000001,0.1,2,1556710256067,18504750,235
2019-05-01 12:16:09.050,0.1,buy,5300.65,BTC-3MAY19-5250-P,54.56,0.011000000000000001,0.1,3,1556712969050,18505511,236
2019-05-01 12:34:34.686,15.0,buy,5278.91,BTC-3MAY19-5250-P,59.25,0.013999999999999999,15.0,0,1556714074686,18506814,237
2019-05-01 12:43:44.011,15.0,buy,5289.45,BTC-3MAY19-5250-P,62.57,0.013999999999999999,15.0,1,1556714624011,18507428,238
2019-05-01 12:58:20.162,0.1,sell,5291.41,BTC-3MAY19-5250-P,56.02,0.012,0.1,2,1556715500162,18507631,239
2019-05-01 12:58:20.162,5.0,sell,5291.41,BTC-3MAY19-5250-P,54.19,0.0115,5.0,2,1556715500162,18507632,240
2019-05-01 12:58:20.162,14.9,sell,5291.41,BTC-3MAY19-5250-P,54.19,0.0115,14.9,3,1556715500162,18507633,241
2019-05-01 13:07:15.018,5.0,sell,5286.33,BTC-3MAY19-5250-P,54.61,0.012,5.0,0,1556716035018,18507815,242
2019-05-01 13:11:32.840,9.7,sell,5287.5,BTC-3MAY19-5250-P,53.18,0.0115,9.7,2,1556716292840,18507845,243
2019-05-01 13:27:03.784,6.4,sell,5281.3,BTC-3MAY19-5250-P,53.3,0.012,6.4,0,1556717223784,18508078,244
2019-05-01 13:40:00.775,0.1,buy,5279.78,BTC-3MAY19-5250-P,52.97,0.012,0.1,1,1556718000775,18508265,245
2019-05-01 13:40:28.745,3.5,buy,5279.78,BTC-3MAY19-5250-P,52.97,0.012,3.5,1,1556718028745,18508266,246
2019-05-01 14:45:42.123,0.1,buy,5284.05,BTC-3MAY19-5250-P,60.57,0.0135,0.1,0,1556721942123,18508962,247
2019-05-01 14:45:42.123,0.1,buy,5284.05,BTC-3MAY19-5250-P,60.57,0.0135,0.1,1,1556721942123,18508963,248
2019-05-01 17:13:33.415,0.1,sell,5321.98,BTC-3MAY19-5250-P,60.15,0.01,0.1,2,1556730813415,18510880,249
2019-05-01 17:51:11.872,0.1,sell,5338.84,BTC-3MAY19-5250-P,61.13,0.009000000000000001,0.1,2,1556733071872,18512960,250
2019-05-01 23:57:06.207,0.1,sell,5328.49,BTC-3MAY19-5250-P,61.4,0.0085,0.1,2,1556755026207,18525428,251
2019-05-02 00:15:21.067,0.1,sell,5326.59,BTC-3MAY19-5250-P,58.86,0.008,0.1,2,1556756121067,18526044,252
2019-05-02 00:23:35.969,0.6,sell,5315.36,BTC-3MAY19-5250-P,53.39,0.0075,0.6,2,1556756615969,18526272,253
2019-05-02 00:23:35.971,1.4,buy,5315.36,BTC-3MAY19-5250-P,53.39,0.0075,1.4,3,1556756615971,18526273,254
2019-05-02 02:22:24.392,20.0,sell,5328.41,BTC-3MAY19-5250-P,51.86,0.006,20.0,3,1556763744392,18528691,258
2019-05-02 02:22:24.392,8.700000000000001,sell,5328.41,BTC-3MAY19-5250-P,51.86,0.006,8.700000000000001,3,1556763744392,18528692,259
2019-05-02 02:22:24.392,0.1,sell,5328.41,BTC-3MAY19-5250-P,56.71,0.006999999999999999,0.1,2,1556763744392,18528689,256
2019-05-02 02:22:24.392,0.1,sell,5328.41,BTC-3MAY19-5250-P,51.86,0.006,0.1,2,1556763744392,18528690,257
2019-05-02 02:22:24.392,0.1,sell,5328.41,BTC-3MAY19-5250-P,59.1,0.0075,0.1,3,1556763744392,18528688,255
2019-05-02 02:31:11.840,1.0,sell,5323.36,BTC-3MAY19-5250-P,50.53,0.006,1.0,3,1556764271840,18529006,260
2019-05-02 03:29:04.640,0.1,sell,5320.18,BTC-3MAY19-5250-P,57.71,0.0075,0.1,0,1556767744640,18529609,261
2019-05-02 04:48:14.785,0.2,sell,5316.8,BTC-3MAY19-5250-P,58.01,0.0075,0.2,1,1556772494785,18532375,262
2019-05-02 04:56:27.165,0.1,sell,5319.43,BTC-3MAY19-5250-P,56.53,0.006999999999999999,0.1,2,1556772987165,18532564,264
2019-05-02 04:56:27.165,20.0,sell,5319.43,BTC-3MAY19-5250-P,51.53,0.006,20.0,2,1556772987165,18532565,265
2019-05-02 04:56:27.165,0.2,sell,5319.43,BTC-3MAY19-5250-P,59.0,0.0075,0.2,1,1556772987165,18532563,263
2019-05-02 04:56:27.167,4.7,buy,5319.43,BTC-3MAY19-5250-P,51.53,0.006,4.7,3,1556772987167,18532566,266
2019-05-02 04:57:28.791,0.2,sell,5320.32,BTC-3MAY19-5250-P,51.82,0.006,0.2,3,1556773048791,18532578,267
2019-05-02 04:58:30.901,4.3,sell,5320.75,BTC-3MAY19-5250-P,49.43,0.0055,4.3,3,1556773110901,18532595,270
2019-05-02 04:58:30.901,0.5,sell,5320.75,BTC-3MAY19-5250-P,49.43,0.0055,0.5,2,1556773110901,18532593,268
2019-05-02 04:58:30.901,20.0,sell,5320.75,BTC-3MAY19-5250-P,49.43,0.0055,20.0,3,1556773110901,18532594,269
2019-05-02 05:05:36.372,0.1,buy,5323.83,BTC-3MAY19-5250-P,58.09,0.006999999999999999,0.1,0,1556773536372,18532737,271
2019-05-02 05:40:12.046,0.1,buy,5322.09,BTC-3MAY19-5250-P,55.63,0.0065,0.1,2,1556775612046,18532970,272
2019-05-02 05:40:36.917,0.1,buy,5321.86,BTC-3MAY19-5250-P,55.57,0.0065,0.1,3,1556775636917,18532972,273
2019-05-02 06:02:52.500,0.1,buy,5327.07,BTC-3MAY19-5250-P,52.38,0.0055,0.1,2,1556776972500,18533215,274
2019-05-02 07:03:00.543,0.3,buy,5329.6,BTC-3MAY19-5250-P,59.55,0.0065,0.3,0,1556780580543,18533727,275
2019-05-02 07:37:17.616,1.0,sell,5330.16,BTC-3MAY19-5250-P,54.99,0.0055,1.0,2,1556782637616,18536739,276
2019-05-02 08:33:39.617,0.1,sell,5349.83,BTC-3MAY19-5250-P,59.26,0.005,0.1,2,1556786019617,18538273,277
2019-05-02 08:46:07.032,0.1,buy,5365.77,BTC-3MAY19-5250-P,67.23,0.0055,0.1,0,1556786767032,18539045,278
2019-05-02 08:48:07.161,1.0,buy,5362.52,BTC-3MAY19-5250-P,66.32,0.0055,1.0,1,1556786887161,18539830,279
2019-05-02 08:51:18.801,0.2,sell,5360.12,BTC-3MAY19-5250-P,59.6,0.0045,0.2,2,1556787078801,18539965,280
2019-05-02 08:53:41.089,0.2,sell,5358.15,BTC-3MAY19-5250-P,55.97,0.004,0.2,2,1556787221089,18539997,281
2019-05-02 08:53:41.089,1.1,sell,5358.15,BTC-3MAY19-5250-P,55.97,0.004,1.1,3,1556787221089,18539998,282
2019-05-02 09:54:47.426,0.1,sell,5350.32,BTC-3MAY19-5250-P,61.19,0.005,0.1,0,1556790887426,18545068,283
2019-05-02 09:55:10.111,0.1,sell,5348.72,BTC-3MAY19-5250-P,60.7,0.005,0.1,1,1556790910111,18545069,284
2019-05-02 09:59:36.620,0.1,sell,5349.86,BTC-3MAY19-5250-P,61.17,0.005,0.1,1,1556791176620,18545373,285
2019-05-02 09:59:47.132,0.1,sell,5349.39,BTC-3MAY19-5250-P,61.02,0.005,0.1,1,1556791187132,18545376,286
2019-05-02 10:00:00.212,0.1,sell,5349.93,BTC-3MAY19-5250-P,61.19,0.005,0.1,1,1556791200212,18545378,287
2019-05-02 10:10:53.674,8.6,buy,5350.04,BTC-3MAY19-5250-P,61.48,0.005,8.6,1,1556791853674,18545571,288
2019-05-02 11:45:13.603,0.5,buy,5366.44,BTC-3MAY19-5250-P,62.26,0.004,0.5,2,1556797513603,18546757,289
2019-05-02 11:45:13.603,0.5,buy,5366.44,BTC-3MAY19-5250-P,62.26,0.004,0.5,3,1556797513603,18546758,290
2019-05-02 11:59:32.184,0.5,buy,5366.43,BTC-3MAY19-5250-P,62.65,0.004,0.5,3,1556798372184,18546943,291
2019-05-02 11:59:32.184,0.5,buy,5366.43,BTC-3MAY19-5250-P,62.65,0.004,0.5,3,1556798372184,18546944,292
2019-05-02 11:59:55.610,0.5,buy,5367.18,BTC-3MAY19-5250-P,62.87,0.004,0.5,3,1556798395610,18546948,293
2019-05-02 11:59:55.610,0.5,buy,5367.18,BTC-3MAY19-5250-P,62.87,0.004,0.5,3,1556798395610,18546949,294
2019-05-02 12:00:11.122,0.5,buy,5367.32,BTC-3MAY19-5250-P,62.91,0.004,0.5,3,1556798411122,18546957,295
2019-05-02 12:00:11.122,0.5,buy,5367.32,BTC-3MAY19-5250-P,62.91,0.004,0.5,3,1556798411122,18546958,296
2019-05-02 12:00:15.414,0.5,buy,5367.68,BTC-3MAY19-5250-P,63.02,0.004,0.5,3,1556798415414,18546959,297
2019-05-02 12:00:15.414,0.5,buy,5367.68,BTC-3MAY19-5250-P,63.02,0.004,0.5,3,1556798415414,18546960,298
2019-05-02 12:00:20.740,0.5,buy,5367.21,BTC-3MAY19-5250-P,62.88,0.004,0.5,3,1556798420740,18546969,299
2019-05-02 12:00:20.740,0.5,buy,5367.21,BTC-3MAY19-5250-P,62.88,0.004,0.5,3,1556798420740,18546970,300
2019-05-02 12:18:13.602,0.5,buy,5368.06,BTC-3MAY19-5250-P,67.07,0.0045,0.5,0,1556799493602,18547270,301
2019-05-02 12:18:13.602,0.2,buy,5368.06,BTC-3MAY19-5250-P,67.07,0.0045,0.2,1,1556799493602,18547271,302
2019-05-02 12:24:06.076,0.5,buy,5366.17,BTC-3MAY19-5250-P,66.66,0.0045,0.5,1,1556799846076,18547342,303
2019-05-02 12:33:37.102,0.2,buy,5368.91,BTC-3MAY19-5250-P,71.19,0.005,0.2,0,1556800417102,18547558,304
2019-05-02 12:33:37.104,0.3,sell,5368.91,BTC-3MAY19-5250-P,71.19,0.005,0.3,1,1556800417104,18547559,305
2019-05-02 12:33:39.755,0.5,sell,5368.91,BTC-3MAY19-5250-P,71.19,0.005,0.5,1,1556800419755,18547561,306
2019-05-02 12:33:41.063,0.5,sell,5368.92,BTC-3MAY19-5250-P,71.2,0.005,0.5,1,1556800421063,18547562,307
2019-05-02 12:33:42.254,0.5,sell,5368.88,BTC-3MAY19-5250-P,71.18,0.005,0.5,1,1556800422254,18547563,308
2019-05-02 12:51:14.267,0.5,sell,5370.92,BTC-3MAY19-5250-P,68.92,0.0045,0.5,2,1556801474267,18547935,309
2019-05-02 13:57:25.931,0.2,sell,5366.43,BTC-3MAY19-5250-P,69.54,0.0045,0.2,3,1556805445931,18551638,310
2019-05-02 14:47:03.741,0.2,sell,5379.73,BTC-3MAY19-5250-P,63.79,0.003,0.2,2,1556808423741,18554668,311
2019-05-02 14:58:42.999,0.4,sell,5378.74,BTC-3MAY19-5250-P,63.87,0.003,0.4,3,1556809122999,18554931,312
2019-05-02 15:06:06.398,0.1,sell,5397.97,BTC-3MAY19-5250-P,60.51,0.002,0.1,2,1556809566398,18556120,313
2019-05-02 15:07:24.856,0.1,sell,5396.31,BTC-3MAY19-5250-P,60.09,0.002,0.1,3,1556809644856,18556215,314
2019-05-02 15:09:57.690,0.1,sell,5403.22,BTC-3MAY19-5250-P,62.06,0.002,0.1,3,1556809797690,18556453,315
2019-05-02 15:12:03.730,0.2,sell,5420.16,BTC-3MAY19-5250-P,66.66,0.002,0.2,3,1556809923730,18557255,316
2019-05-02 16:03:18.607,0.2,buy,5408.19,BTC-3MAY19-5250-P,70.19,0.0025,0.2,0,1556812998607,18559952,317
2019-05-02 16:15:45.178,0.2,buy,5404.35,BTC-3MAY19-5250-P,74.27,0.003,0.2,0,1556813745178,18560608,318
2019-05-02 16:20:48.672,0.1,sell,5386.32,BTC-3MAY19-5250-P,59.56,0.002,0.1,2,1556814048672,18561614,319
2019-05-02 20:03:21.108,25.0,buy,5390.45,BTC-3MAY19-5250-P,75.12,0.0025,25.0,0,1556827401108,18568577,320
2019-05-02 20:07:52.405,10.0,sell,5394.38,BTC-3MAY19-5250-P,71.05,0.002,10.0,2,1556827672405,18568705,321
2019-05-02 20:28:49.780,0.4,buy,5392.97,BTC-3MAY19-5250-P,77.4,0.0025,0.4,0,1556828929780,18569265,322
2019-05-02 20:35:16.138,25.0,buy,5393.5,BTC-3MAY19-5250-P,77.92,0.0025,25.0,1,1556829316138,18569444,323
2019-05-02 20:43:05.568,20.0,buy,5392.65,BTC-3MAY19-5250-P,78.08,0.0025,20.0,1,1556829785568,18569586,324
2019-05-02 20:45:28.864,5.0,sell,5395.57,BTC-3MAY19-5250-P,79.22,0.0025,5.0,1,1556829928864,18569705,325
2019-05-02 21:29:55.494,3.0,sell,5414.13,BTC-3MAY19-5250-P,82.29,0.002,3.0,2,1556832595494,18571635,326
2019-05-02 21:39:17.832,22.0,sell,5413.73,BTC-3MAY19-5250-P,82.74,0.002,22.0,3,1556833157832,18571875,327
2019-05-02 21:50:03.052,0.5,sell,5409.59,BTC-3MAY19-5250-P,75.07,0.0015,0.5,2,1556833803052,18572128,328
2019-05-03 03:10:45.169,0.1,buy,5464.85,BTC-3MAY19-5250-P,166.03,0.003,0.1,0,1556853045169,18592463,329
2019-05-03 04:23:32.701,1.0,sell,5468.14,BTC-3MAY19-5250-P,121.76,0.0005,1.0,3,1556857412701,18594266,331
2019-05-03 04:23:32.701,3.0,sell,5468.14,BTC-3MAY19-5250-P,121.76,0.0005,3.0,3,1556857412701,18594267,332
2019-05-03 04:23:32.701,0.2,sell,5468.14,BTC-3MAY19-5250-P,121.76,0.0005,0.2,2,1556857412701,18594265,330
2019-05-03 04:23:32.701,4.0,sell,5468.14,BTC-3MAY19-5250-P,121.76,0.0005,4.0,3,1556857412701,18594268,333
