date_utc,amount,direction,indexPrice,instrument,iv,price,quantity,tickDirection,timeStamp,tradeId,tradeSeq
2019-03-28 23:03:38.952,10.0,sell,4011.4,BTC-27DEC19-6000-C,57.89,0.0695,10.0,1,1553814218952,16928801,1
2019-03-29 17:14:07.239,2.0,buy,4080.95,BTC-27DEC19-6000-C,58.46,0.0755,2.0,0,1553879647239,16960285,2
2019-04-01 08:18:10.323,1.0,buy,4114.05,BTC-27DEC19-6000-C,57.09,0.07200000000000001,1.0,2,1554106690323,17002661,3
2019-04-01 11:28:02.864,6.0,buy,4116.13,BTC-27DEC19-6000-C,57.88,0.0745,6.0,0,1554118082864,17004065,4
2019-04-01 11:28:02.864,10.0,buy,4116.13,BTC-27DEC19-6000-C,57.88,0.0745,10.0,1,1554118082864,17004066,5
2019-04-03 02:02:15.552,3.0,buy,4965.12,BTC-27DEC19-6000-C,63.11,0.14400000000000002,3.0,0,1554256935552,17166608,6
2019-04-03 02:02:15.552,3.0,buy,4965.12,BTC-27DEC19-6000-C,63.11,0.14400000000000002,3.0,1,1554256935552,17166609,7
2019-04-04 07:39:23.283,1.0,buy,5018.59,BTC-27DEC19-6000-C,64.17,0.1515,1.0,0,1554363563283,17295443,8
2019-04-04 21:25:06.356,0.1,buy,4921.48,BTC-27DEC19-6000-C,65.42,0.15,0.1,2,1554413106356,17336663,9
2019-04-07 01:34:14.168,1.0,buy,5040.26,BTC-27DEC19-6000-C,66.1,0.1605,1.0,0,1554600854168,17448463,10
2019-04-08 00:33:48.914,3.0,buy,5221.29,BTC-27DEC19-6000-C,66.03,0.1725,3.0,0,1554683628914,17497316,11
2019-04-08 11:33:13.407,5.0,buy,5171.13,BTC-27DEC19-6000-C,64.02,0.163,5.0,2,1554723193407,17527828,12
2019-04-10 20:20:25.835,0.5,buy,5408.87,BTC-27DEC19-6000-C,64.06,0.1755,0.5,0,1554927625835,17627098,13
2019-04-10 20:35:57.796,0.5,sell,5370.6,BTC-27DEC19-6000-C,61.45,0.1645,0.5,2,1554928557796,17629370,14
2019-04-11 03:17:53.991,0.1,sell,5292.71,BTC-27DEC19-6000-C,60.26,0.155,0.1,2,1554952673991,17657610,15
2019-04-11 14:24:15.522,0.1,buy,5043.66,BTC-27DEC19-6000-C,64.92,0.153,0.1,2,1554992655522,17702806,16
2019-04-13 11:27:16.847,0.1,sell,5061.03,BTC-27DEC19-6000-C,62.8,0.1435,0.1,2,1555154836847,17772503,17
2019-04-13 21:59:55.925,0.1,sell,5075.93,BTC-27DEC19-6000-C,62.34,0.1425,0.1,2,1555192795925,17786844,19
2019-04-13 21:59:55.925,0.1,sell,5075.93,BTC-27DEC19-6000-C,62.49,0.14300000000000002,0.1,2,1555192795925,17786843,18
2019-04-13 22:10:04.937,0.1,sell,5066.02,BTC-27DEC19-6000-C,62.41,0.142,0.1,2,1555193404937,17786970,20
2019-04-13 22:26:23.935,0.1,sell,5059.19,BTC-27DEC19-6000-C,62.4,0.1415,0.1,2,1555194383935,17787100,21
2019-04-13 23:15:22.352,1.1,buy,5075.89,BTC-27DEC19-6000-C,62.47,0.14300000000000002,1.1,0,1555197322352,17787706,22
2019-04-14 02:43:14.940,0.1,sell,5061.03,BTC-27DEC19-6000-C,62.41,0.141,0.1,2,1555209794940,17789466,23
2019-04-14 05:16:27.941,0.1,sell,5035.89,BTC-27DEC19-6000-C,62.56,0.1405,0.1,2,1555218987941,17791085,24
2019-04-15 02:37:49.448,1.2,buy,5167.79,BTC-27DEC19-6000-C,62.5,0.149,1.2,0,1555295869448,17812205,25
2019-04-15 03:20:21.609,1.0,buy,5162.87,BTC-27DEC19-6000-C,62.54,0.149,1.0,1,1555298421609,17812454,26
2019-04-15 04:38:05.337,0.1,sell,5169.36,BTC-27DEC19-6000-C,61.64,0.1465,0.1,2,1555303085337,17813112,27
2019-04-15 04:38:05.337,0.1,sell,5169.36,BTC-27DEC19-6000-C,61.49,0.146,0.1,2,1555303085337,17813113,28
2019-04-15 05:28:49.942,0.1,sell,5171.44,BTC-27DEC19-6000-C,61.3,0.1455,0.1,2,1555306129942,17814048,29
2019-04-15 05:31:43.464,0.1,sell,5164.41,BTC-27DEC19-6000-C,61.27,0.145,0.1,2,1555306303464,17814148,30
2019-04-15 07:14:23.850,0.1,sell,5153.27,BTC-27DEC19-6000-C,61.34,0.1445,0.1,2,1555312463850,17814996,31
2019-04-15 07:28:42.631,0.1,sell,5146.58,BTC-27DEC19-6000-C,61.33,0.14400000000000002,0.1,2,1555313322631,17815201,32
2019-04-15 10:56:54.802,0.1,sell,5138.41,BTC-27DEC19-6000-C,61.4,0.1435,0.1,2,1555325814802,17817092,33
2019-04-15 10:57:02.234,0.5,sell,5134.11,BTC-27DEC19-6000-C,61.35,0.14300000000000002,0.5,2,1555325822234,17817196,34
2019-04-15 10:57:02.234,0.1,sell,5134.11,BTC-27DEC19-6000-C,61.35,0.14300000000000002,0.1,3,1555325822234,17817197,35
2019-04-15 12:09:58.415,0.1,sell,5124.61,BTC-27DEC19-6000-C,61.36,0.1425,0.1,2,1555330198415,17818272,36
2019-04-15 17:28:11.132,0.1,sell,5122.82,BTC-27DEC19-6000-C,61.18,0.142,0.1,2,1555349291132,17822255,37
2019-04-15 17:29:20.005,0.1,sell,5075.92,BTC-27DEC19-6000-C,61.99,0.1415,0.1,2,1555349360005,17823759,38
2019-04-15 17:33:18.966,0.1,sell,5046.24,BTC-27DEC19-6000-C,62.41,0.141,0.1,2,1555349598966,17826350,39
2019-04-15 17:33:48.914,0.1,sell,5026.76,BTC-27DEC19-6000-C,62.6,0.1405,0.1,2,1555349628914,17826833,40
2019-04-15 17:34:13.104,0.1,sell,5019.58,BTC-27DEC19-6000-C,62.46,0.14,0.1,2,1555349653104,17827199,41
2019-04-15 17:34:16.126,0.1,sell,5020.25,BTC-27DEC19-6000-C,62.28,0.1395,0.1,2,1555349656126,17827223,42
2019-04-15 17:34:16.219,0.1,sell,5020.25,BTC-27DEC19-6000-C,62.13,0.139,0.1,2,1555349656219,17827228,43
2019-04-15 17:34:57.128,0.1,sell,5038.85,BTC-27DEC19-6000-C,61.71,0.1385,0.1,2,1555349697128,17827566,44
2019-04-15 17:35:00.552,0.1,sell,5039.91,BTC-27DEC19-6000-C,61.54,0.138,0.1,2,1555349700552,17827573,45
2019-04-15 17:36:34.222,2.0,sell,5016.52,BTC-27DEC19-6000-C,61.78,0.1375,2.0,2,1555349794222,17828138,46
2019-04-15 17:36:34.222,0.1,sell,5016.52,BTC-27DEC19-6000-C,61.78,0.1375,0.1,3,1555349794222,17828139,47
2019-04-15 17:37:35.722,0.1,sell,5002.32,BTC-27DEC19-6000-C,61.92,0.13699999999999998,0.1,2,1555349855722,17829004,48
2019-04-15 19:41:47.397,0.1,sell,5010.06,BTC-27DEC19-6000-C,61.64,0.1365,0.1,2,1555357307397,17835870,49
2019-04-15 19:41:53.262,0.1,sell,5004.08,BTC-27DEC19-6000-C,61.63,0.136,0.1,2,1555357313262,17836037,50
2019-04-15 19:42:01.593,0.1,sell,4995.69,BTC-27DEC19-6000-C,61.64,0.1355,0.1,2,1555357321593,17836331,51
2019-04-15 20:07:07.289,0.1,sell,4985.43,BTC-27DEC19-6000-C,61.23,0.135,0.1,2,1555358827289,17839142,52
2019-04-15 20:07:17.601,0.1,sell,4974.83,BTC-27DEC19-6000-C,61.29,0.1345,0.1,2,1555358837601,17839330,53
2019-04-15 20:07:56.544,0.1,sell,4959.61,BTC-27DEC19-6000-C,61.34,0.134,0.1,2,1555358876544,17840102,54
2019-04-17 11:12:09.640,0.5,buy,5226.92,BTC-27DEC19-6000-C,59.4,0.145,0.5,0,1555499529640,17896351,55
2019-04-17 12:12:07.699,1.0,sell,5232.88,BTC-27DEC19-6000-C,61.83,0.153,1.0,0,1555503127699,17898639,56
2019-04-21 02:15:21.006,0.2,buy,5328.08,BTC-27DEC19-6000-C,63.36,0.162,0.2,0,1555812921006,17997426,57
2019-04-21 21:40:56.472,0.2,buy,5281.77,BTC-27DEC19-6000-C,63.08,0.158,0.2,2,1555882856472,18024190,58
2019-04-23 05:34:44.165,4.0,buy,5525.49,BTC-27DEC19-6000-C,63.47,0.175,4.0,0,1555997684165,18096952,59
2019-04-23 12:35:38.725,0.1,buy,5574.16,BTC-27DEC19-6000-C,63.12,0.177,0.1,0,1556022938725,18108498,60
2019-04-23 17:14:37.036,1.9,buy,5581.14,BTC-27DEC19-6000-C,63.36,0.17800000000000002,1.9,0,1556039677036,18116366,61
2019-04-23 17:14:37.036,3.6,buy,5581.14,BTC-27DEC19-6000-C,63.52,0.1785,3.6,0,1556039677036,18116367,62
2019-04-23 17:16:03.404,5.0,buy,5581.26,BTC-27DEC19-6000-C,63.66,0.179,5.0,0,1556039763404,18116373,63
2019-04-23 17:16:03.527,0.5,sell,5581.26,BTC-27DEC19-6000-C,63.66,0.179,0.5,1,1556039763527,18116374,64
2019-04-25 21:37:21.893,0.1,buy,5454.13,BTC-27DEC19-6000-C,63.65,0.1675,0.1,2,1556228241893,18232389,65
2019-04-25 21:40:19.504,0.4,buy,5447.22,BTC-27DEC19-6000-C,63.58,0.16699999999999998,0.4,2,1556228419504,18232756,66
2019-04-26 13:55:05.919,1.1,sell,5167.75,BTC-27DEC19-6000-C,62.25,0.14300000000000002,1.1,2,1556286905919,18330224,67
2019-04-27 01:53:00.669,0.5,buy,5152.09,BTC-27DEC19-6000-C,63.81,0.1475,0.5,0,1556329980669,18355408,68
2019-04-27 12:09:03.072,1.0,sell,5156.92,BTC-27DEC19-6000-C,62.52,0.14300000000000002,1.0,2,1556366943072,18363258,69
2019-04-28 16:04:47.733,0.3,buy,5188.8,BTC-27DEC19-6000-C,63.85,0.14800000000000002,0.3,0,1556467487733,18391196,70
2019-04-28 16:55:14.321,0.3,sell,5183.52,BTC-27DEC19-6000-C,61.59,0.14,0.3,2,1556470514321,18391565,71
2019-04-29 09:30:02.730,9.0,sell,5158.84,BTC-27DEC19-6000-C,61.68,0.1385,9.0,2,1556530202730,18411528,72
2019-04-29 09:30:02.730,5.0,sell,5158.84,BTC-27DEC19-6000-C,61.68,0.1385,5.0,3,1556530202730,18411529,73
2019-04-29 09:32:56.919,5.0,sell,5158.95,BTC-27DEC19-6000-C,61.41,0.1375,5.0,2,1556530376919,18411787,74
2019-04-29 11:02:17.633,9.0,sell,5142.89,BTC-27DEC19-6000-C,61.34,0.136,9.0,2,1556535737633,18416082,75
2019-04-30 05:42:03.943,1.0,buy,5146.84,BTC-27DEC19-6000-C,63.17,0.1415,1.0,0,1556602923943,18449298,76
2019-04-30 14:44:00.105,0.3,buy,5261.26,BTC-27DEC19-6000-C,63.21,0.1485,0.3,0,1556635440105,18475477,77
2019-05-02 09:42:37.869,1.0,buy,5346.65,BTC-27DEC19-6000-C,62.09,0.1485,1.0,1,1556790157869,18544810,78
2019-05-02 16:08:29.115,0.7000000000000001,buy,5415.42,BTC-27DEC19-6000-C,62.01,0.1525,0.7000000000000001,0,1556813309115,18560325,79
2019-05-03 09:16:22.246,10.0,buy,5698.28,BTC-27DEC19-6000-C,62.07,0.175,10.0,0,1556874982246,18640510,80
2019-05-03 09:47:22.214,5.0,buy,5746.6,BTC-27DEC19-6000-C,62.66,0.1795,5.0,0,1556876842214,18651138,81
2019-05-03 09:47:22.288,0.5,sell,5746.6,BTC-27DEC19-6000-C,62.66,0.1795,0.5,1,1556876842288,18651141,82
2019-05-03 10:03:03.629,5.0,sell,5747.62,BTC-27DEC19-6000-C,62.47,0.179,5.0,2,1556877783629,18655690,83
2019-05-03 10:03:06.469,0.5,sell,5741.07,BTC-27DEC19-6000-C,62.61,0.179,0.5,3,1556877786469,18655697,84
2019-05-03 10:15:03.183,5.0,sell,5712.96,BTC-27DEC19-6000-C,60.73,0.171,5.0,2,1556878503183,18660026,85
2019-05-04 06:15:58.116,0.5,sell,5694.12,BTC-27DEC19-6000-C,61.28,0.1725,0.5,0,1556950558116,18752268,86
2019-05-04 07:26:28.685,0.5,buy,5747.34,BTC-27DEC19-6000-C,63.75,0.1835,0.5,0,1556954788685,18754609,87
2019-05-04 14:36:09.920,7.2,buy,5586.44,BTC-27DEC19-6000-C,62.01,0.1675,7.2,2,1556980569920,18782946,88
2019-05-05 16:07:32.462,0.5,buy,5692.24,BTC-27DEC19-6000-C,63.09,0.17800000000000002,0.5,0,1557072452462,18880773,89
2019-05-06 09:46:15.195,2.3000000000000003,buy,5625.31,BTC-27DEC19-6000-C,63.15,0.173,2.3000000000000003,2,1557135975195,18946055,90
2019-05-06 10:01:40.660,5.0,buy,5628.0,BTC-27DEC19-6000-C,63.48,0.174,5.0,0,1557136900660,18946469,91
2019-05-06 10:01:40.660,5.0,buy,5628.0,BTC-27DEC19-6000-C,63.48,0.174,5.0,1,1557136900660,18946470,92
2019-05-06 10:02:05.912,5.0,buy,5629.23,BTC-27DEC19-6000-C,63.77,0.175,5.0,0,1557136925912,18946479,93
2019-05-06 10:02:05.912,5.0,buy,5629.23,BTC-27DEC19-6000-C,63.77,0.175,5.0,1,1557136925912,18946480,94
2019-05-07 05:22:37.031,1.0,sell,5911.97,BTC-27DEC19-6000-C,62.73,0.1915,1.0,0,1557206557031,19027349,95
2019-05-07 13:05:09.571,1.0,buy,5900.44,BTC-27DEC19-6000-C,64.51,0.1965,1.0,0,1557234309571,19041201,96
2019-05-07 13:05:18.867,5.0,buy,5900.86,BTC-27DEC19-6000-C,64.83,0.1975,5.0,0,1557234318867,19041214,97
2019-05-09 02:34:23.577,3.6,sell,6050.26,BTC-27DEC19-6000-C,63.05,0.1965,3.6,2,1557369263577,19216406,98
2019-05-09 02:34:49.219,5.0,sell,6053.64,BTC-27DEC19-6000-C,62.81,0.196,5.0,2,1557369289219,19216434,99
2019-05-09 02:36:09.768,1.4,sell,6053.39,BTC-27DEC19-6000-C,62.62,0.1955,1.4,2,1557369369768,19216458,100
2019-05-09 07:49:29.472,0.1,buy,6054.43,BTC-27DEC19-6000-C,64.68,0.2015,0.1,0,1557388169472,19227101,101
2019-05-10 02:09:45.192,2.0,buy,6179.13,BTC-27DEC19-6000-C,64.82,0.2085,2.0,0,1557454185192,19289637,102
2019-05-10 02:18:04.692,0.5,buy,6189.8,BTC-27DEC19-6000-C,64.74,0.209,0.5,0,1557454684692,19291151,103
2019-05-10 02:32:51.554,2.0,buy,6204.16,BTC-27DEC19-6000-C,64.8,0.2105,2.0,0,1557455571554,19295596,104
2019-05-10 02:42:32.329,0.1,sell,6238.89,BTC-27DEC19-6000-C,63.25,0.208,0.1,2,1557456152329,19296913,105
2019-05-10 02:42:49.185,0.9,sell,6238.8,BTC-27DEC19-6000-C,63.23,0.208,0.9,3,1557456169185,19296977,106
2019-05-10 05:25:22.374,1.0,sell,6263.96,BTC-27DEC19-6000-C,62.79,0.2075,1.0,2,1557465922374,19323784,107
2019-05-10 08:39:07.375,0.5,buy,6288.89,BTC-27DEC19-6000-C,64.82,0.2155,0.5,0,1557477547375,19342020,108
2019-05-10 17:21:14.461,0.1,sell,6367.43,BTC-27DEC19-6000-C,66.33,0.225,0.1,0,1557508874461,19384825,109
2019-05-10 17:46:42.540,0.1,sell,6385.9,BTC-27DEC19-6000-C,66.35,0.226,0.1,0,1557510402540,19386418,110
2019-05-10 18:08:41.634,0.1,sell,6405.37,BTC-27DEC19-6000-C,66.13,0.226,0.1,1,1557511721634,19387672,111
2019-05-10 18:13:06.999,0.2,sell,6381.87,BTC-27DEC19-6000-C,66.17,0.2245,0.2,2,1557511986999,19388643,112
2019-05-11 12:34:10.809,0.5,buy,6776.33,BTC-27DEC19-6000-C,72.11,0.27,0.5,0,1557578050809,19563729,113
2019-05-11 15:27:14.110,0.5,buy,6861.4,BTC-27DEC19-6000-C,70.71,0.2725,0.5,0,1557588434110,19580268,114
2019-05-11 22:07:57.713,1.0,sell,7137.83,BTC-27DEC19-6000-C,67.17,0.2825,1.0,0,1557612477713,19656585,115
2019-05-12 05:29:25.476,0.3,buy,7270.45,BTC-27DEC19-6000-C,75.3,0.31,0.3,0,1557638965476,19810614,116
2019-05-12 09:22:52.137,0.3,sell,7508.11,BTC-27DEC19-6000-C,72.33,0.314,0.3,0,1557652972137,19874843,117
2019-05-13 02:01:46.191,0.7000000000000001,buy,7017.11,BTC-27DEC19-6000-C,80.72,0.31,0.7000000000000001,2,1557712906191,20121638,118
2019-05-13 02:10:20.408,1.0,buy,7006.65,BTC-27DEC19-6000-C,80.36,0.3085,1.0,2,1557713420408,20122084,119
2019-05-13 02:13:45.453,2.0,buy,7011.34,BTC-27DEC19-6000-C,77.85,0.302,2.0,2,1557713625453,20122260,120
2019-05-13 02:18:13.559,2.0,buy,7037.31,BTC-27DEC19-6000-C,77.3,0.302,2.0,3,1557713893559,20122686,121
2019-05-13 19:27:11.850,1.0,sell,7859.64,BTC-27DEC19-6000-C,60.18,0.3095,1.0,0,1557775631850,20296442,122
2019-05-13 22:36:48.111,3.0,buy,8091.06,BTC-27DEC19-6000-C,82.46,0.375,3.0,0,1557787008111,20338766,123
2019-05-13 22:38:41.246,5.0,buy,8082.44,BTC-27DEC19-6000-C,82.78,0.375,5.0,1,1557787121246,20338931,124
2019-05-13 22:38:55.438,6.0,buy,8082.44,BTC-27DEC19-6000-C,82.78,0.375,6.0,1,1557787135438,20338935,125
2019-05-13 23:24:30.100,1.0,sell,7721.79,BTC-27DEC19-6000-C,89.86,0.374,1.0,2,1557789870100,20362961,126
2019-05-14 03:27:56.144,0.1,sell,7919.46,BTC-27DEC19-6000-C,77.08,0.3545,0.1,2,1557804476144,20408513,127
2019-05-14 07:23:43.814,5.0,buy,8126.51,BTC-27DEC19-6000-C,84.09,0.383,5.0,0,1557818623814,20446577,128
2019-05-14 14:44:34.350,2.0,buy,7999.34,BTC-27DEC19-6000-C,85.66,0.378,2.0,2,1557845074350,20533046,129
2019-05-14 14:44:58.381,1.0,buy,7992.32,BTC-27DEC19-6000-C,85.8,0.378,1.0,3,1557845098381,20533187,130
2019-05-15 10:17:32.944,0.1,buy,8118.98,BTC-27DEC19-6000-C,88.06,0.39,0.1,0,1557915452944,20695911,131
2019-05-15 18:31:18.659,5.0,buy,8094.45,BTC-27DEC19-6000-C,79.81,0.369,5.0,2,1557945078659,20750768,132
2019-05-19 13:19:04.643,5.0,sell,7960.1,BTC-27DEC19-6000-C,89.88,0.385,5.0,0,1558271944643,21420883,133
2019-05-31 17:17:26.298,1.0,sell,8420.68,BTC-27DEC19-6000-C,92.13,0.41,1.0,0,1559323046298,22824974,134
2019-06-15 23:03:59.122,1.0,buy,8846.82,BTC-27DEC19-6000-C,74.94,0.39,1.0,2,1560639839122,24252849,135
2019-06-16 22:03:13.326,20.0,sell,9043.59,BTC-27DEC19-6000-C,82.49,0.419,20.0,0,1560722593326,24431322,136
2019-06-20 06:03:23.343,0.9,sell,9295.8,BTC-27DEC19-6000-C,78.15,0.423,0.9,0,1561010603343,24790605,137
2019-06-20 07:47:42.568,1.0,sell,9299.78,BTC-27DEC19-6000-C,77.66,0.422,1.0,2,1561016862568,24793168,138
