date_utc,amount,direction,indexPrice,instrument,iv,price,quantity,tickDirection,timeStamp,tradeId,tradeSeq
2019-02-14 00:00:22.360,15.0,sell,3576.38,BTC-28JUN19-5000-C,57.75,0.035,15.0,0,1550102422360,15349752,489
2019-02-14 00:44:29.385,0.1,sell,3581.43,BTC-28JUN19-5000-C,57.1,0.034,0.1,2,1550105069385,15351036,490
2019-02-14 09:42:49.917,1.0,buy,3569.98,BTC-28JUN19-5000-C,57.7,0.0345,1.0,0,1550137369917,15359683,491
2019-02-14 10:14:59.169,2.0,buy,3562.86,BTC-28JUN19-5000-C,58.01,0.0345,2.0,1,1550139299169,15360225,492
2019-02-16 10:23:01.512,10.0,buy,3588.86,BTC-28JUN19-5000-C,57.23,0.0345,10.0,1,1550312581512,15411475,493
2019-02-16 12:05:28.766,0.4,buy,3590.03,BTC-28JUN19-5000-C,58.0,0.036000000000000004,0.4,0,1550318728766,15412239,494
2019-02-16 12:23:23.590,2.0,buy,3596.38,BTC-28JUN19-5000-C,56.09,0.033,2.0,2,1550319803590,15413012,495
2019-02-16 22:59:33.615,3.0,sell,3593.83,BTC-28JUN19-5000-C,57.2,0.0345,3.0,0,1550357973615,15423717,496
2019-02-16 23:11:24.494,1.4,buy,3591.88,BTC-28JUN19-5000-C,57.23,0.0345,1.4,1,1550358684494,15423820,497
2019-02-17 09:16:47.278,12.0,buy,3597.73,BTC-28JUN19-5000-C,57.47,0.035,12.0,0,1550395007278,15429474,498
2019-02-17 12:38:53.624,10.0,sell,3571.34,BTC-28JUN19-5000-C,57.0,0.033,10.0,2,1550407133624,15445621,499
2019-02-17 12:38:54.372,6.0,sell,3571.13,BTC-28JUN19-5000-C,57.0,0.033,6.0,3,1550407134372,15445622,500
2019-02-18 01:08:05.853,2.0,buy,3727.08,BTC-28JUN19-5000-C,55.58,0.039,2.0,0,1550452085853,15470437,501
2019-02-18 01:17:55.065,0.1,buy,3628.27,BTC-28JUN19-5000-C,57.54,0.0365,0.1,2,1550452675065,15477138,502
2019-02-18 03:52:44.904,1.0,buy,3688.07,BTC-28JUN19-5000-C,57.51,0.0395,1.0,0,1550461964904,15488995,503
2019-02-18 19:54:55.536,11.1,sell,3873.7,BTC-28JUN19-5000-C,56.02,0.048,11.1,0,1550519695536,15577161,504
2019-02-19 00:13:32.488,0.1,buy,3886.46,BTC-28JUN19-5000-C,56.36,0.0495,0.1,0,1550535212488,15588796,505
2019-02-19 07:38:01.500,3.0,sell,3883.53,BTC-28JUN19-5000-C,57.7,0.052000000000000005,3.0,0,1550561881500,15613704,506
2019-02-19 09:26:32.207,5.0,sell,3885.86,BTC-28JUN19-5000-C,57.53,0.052000000000000005,5.0,1,1550568392207,15615998,507
2019-02-19 09:28:43.506,5.0,sell,3885.01,BTC-28JUN19-5000-C,57.54,0.052000000000000005,5.0,1,1550568523506,15616015,508
2019-02-19 09:29:39.857,5.0,sell,3884.55,BTC-28JUN19-5000-C,57.54,0.052000000000000005,5.0,1,1550568579857,15616058,509
2019-02-20 08:57:24.703,5.0,buy,3917.09,BTC-28JUN19-5000-C,59.18,0.055999999999999994,5.0,0,1550653044703,15682079,510
2019-02-20 19:58:15.837,10.0,buy,3924.0,BTC-28JUN19-5000-C,59.17,0.0565,10.0,0,1550692695837,15709480,511
2019-02-20 19:58:15.837,2.0,buy,3924.0,BTC-28JUN19-5000-C,59.65,0.0575,2.0,0,1550692695837,15709481,512
2019-02-21 03:47:39.132,2.0,buy,3934.44,BTC-28JUN19-5000-C,59.54,0.0575,2.0,1,1550720859132,15719453,514
2019-02-21 03:47:39.132,16.8,buy,3934.44,BTC-28JUN19-5000-C,59.54,0.0575,16.8,1,1550720859132,15719452,513
2019-02-21 03:47:39.137,1.2,sell,3934.44,BTC-28JUN19-5000-C,59.54,0.0575,1.2,1,1550720859137,15719454,515
2019-02-21 15:18:36.458,0.1,sell,3893.75,BTC-28JUN19-5000-C,57.3,0.051,0.1,2,1550762316458,15745709,516
2019-02-21 15:18:36.543,0.1,buy,3893.75,BTC-28JUN19-5000-C,57.3,0.051,0.1,3,1550762316543,15745710,517
2019-02-21 18:29:30.785,0.1,sell,3891.16,BTC-28JUN19-5000-C,57.26,0.0505,0.1,2,1550773770785,15748003,518
2019-02-21 18:29:30.785,0.9,sell,3891.16,BTC-28JUN19-5000-C,57.01,0.05,0.9,2,1550773770785,15748004,519
2019-02-22 01:42:00.797,10.0,sell,3905.02,BTC-28JUN19-5000-C,56.76,0.0505,10.0,0,1550799720797,15753241,520
2019-02-22 03:42:59.596,0.3,sell,3913.73,BTC-28JUN19-5000-C,55.76,0.049,0.3,2,1550806979596,15755179,521
2019-02-22 06:53:18.107,10.0,buy,3915.09,BTC-28JUN19-5000-C,56.92,0.051,10.0,0,1550818398107,15757233,522
2019-02-22 10:44:34.212,0.1,sell,3925.18,BTC-28JUN19-5000-C,57.42,0.053,0.1,0,1550832274212,15767274,523
2019-02-22 10:46:39.440,0.1,sell,3925.34,BTC-28JUN19-5000-C,57.67,0.0535,0.1,0,1550832399440,15767284,524
2019-02-22 11:30:45.866,4.9,buy,3922.11,BTC-28JUN19-5000-C,57.9,0.054000000000000006,4.9,0,1550835045866,15768100,525
2019-02-22 12:51:28.981,0.1,sell,3935.4,BTC-28JUN19-5000-C,57.58,0.054000000000000006,0.1,1,1550839888981,15772094,526
2019-02-22 12:51:28.981,2.9,sell,3935.4,BTC-28JUN19-5000-C,57.58,0.054000000000000006,2.9,1,1550839888981,15772095,527
2019-02-22 15:39:11.972,10.0,sell,3921.89,BTC-28JUN19-5000-C,57.84,0.053,10.0,2,1550849951972,15781876,528
2019-02-23 09:51:37.464,9.6,buy,3926.51,BTC-28JUN19-5000-C,60.37,0.0575,9.6,0,1550915497464,15799782,529
2019-02-23 11:29:44.802,9.4,buy,3940.0,BTC-28JUN19-5000-C,60.83,0.059000000000000004,9.4,0,1550921384802,15801000,530
2019-02-23 17:32:38.396,2.6,buy,4010.07,BTC-28JUN19-5000-C,58.78,0.059,2.6,1,1550943158396,15820513,531
2019-02-23 18:04:26.935,8.1,buy,4120.05,BTC-28JUN19-5000-C,58.86,0.0665,8.1,0,1550945066935,15831927,532
2019-02-24 00:50:57.370,1.0,buy,4124.91,BTC-28JUN19-5000-C,60.25,0.07,1.0,0,1550969457370,15855704,533
2019-02-24 23:11:27.884,1.0,sell,3757.9,BTC-28JUN19-5000-C,59.51,0.043,1.0,2,1551049887884,15964228,534
2019-02-25 02:56:41.665,10.0,buy,3772.62,BTC-28JUN19-5000-C,60.89,0.047,10.0,0,1551063401665,15971914,535
2019-02-25 02:57:52.781,10.0,buy,3772.67,BTC-28JUN19-5000-C,61.19,0.0475,10.0,0,1551063472781,15971953,536
2019-02-25 04:47:03.810,0.1,buy,3783.12,BTC-28JUN19-5000-C,61.62,0.049,0.1,0,1551070023810,15974819,537
2019-02-25 20:18:30.046,0.5,sell,3846.7,BTC-28JUN19-5000-C,58.94,0.047,0.5,2,1551125910046,16006949,538
2019-02-27 15:49:32.460,10.0,sell,3798.05,BTC-28JUN19-5000-C,58.29,0.0425,10.0,2,1551282572460,16062040,539
2019-02-27 15:49:32.460,10.0,sell,3798.05,BTC-28JUN19-5000-C,58.29,0.0425,10.0,3,1551282572460,16062041,540
2019-02-27 16:26:25.240,10.0,sell,3801.08,BTC-28JUN19-5000-C,58.23,0.0425,10.0,3,1551284785240,16062688,541
2019-02-27 16:26:26.290,10.0,sell,3801.05,BTC-28JUN19-5000-C,58.23,0.0425,10.0,3,1551284786290,16062689,542
2019-02-28 01:17:48.394,5.0,sell,3810.79,BTC-28JUN19-5000-C,58.1,0.043,5.0,0,1551316668394,16091493,543
2019-03-02 00:13:23.183,0.1,sell,3810.55,BTC-28JUN19-5000-C,56.84,0.04,0.1,2,1551485603183,16161913,544
2019-03-05 16:07:21.632,0.3,buy,3848.23,BTC-28JUN19-5000-C,57.1,0.0415,0.3,0,1551802041632,16283941,545
2019-03-07 03:00:25.560,9.0,sell,3867.85,BTC-28JUN19-5000-C,55.91,0.04,9.0,2,1551927625560,16335994,546
2019-03-08 06:22:53.137,5.0,buy,3879.59,BTC-28JUN19-5000-C,55.84,0.04,5.0,3,1552026173137,16369243,547
2019-03-08 07:52:18.428,0.1,buy,3869.49,BTC-28JUN19-5000-C,55.9,0.0395,0.1,2,1552031538428,16377878,548
2019-03-08 12:47:02.275,4.7,buy,3879.59,BTC-28JUN19-5000-C,54.7,0.0375,4.7,2,1552049222275,16383717,549
2019-03-08 13:00:23.212,10.0,buy,3877.62,BTC-28JUN19-5000-C,54.77,0.0375,10.0,3,1552050023212,16383973,550
2019-03-08 17:19:27.688,1.0,sell,3887.41,BTC-28JUN19-5000-C,54.17,0.037000000000000005,1.0,2,1552065567688,16390113,551
2019-03-11 11:27:19.510,1.0,sell,3855.51,BTC-28JUN19-5000-C,56.16,0.0375,1.0,0,1552303639510,16483482,552
2019-03-11 17:29:12.934,1.0,sell,3846.9,BTC-28JUN19-5000-C,55.61,0.036000000000000004,1.0,2,1552325352934,16495078,553
2019-03-11 21:39:10.263,1.0,sell,3849.05,BTC-28JUN19-5000-C,55.85,0.0365,1.0,0,1552340350263,16497464,554
2019-03-13 11:20:27.544,0.1,sell,3839.1,BTC-28JUN19-5000-C,55.65,0.0345,0.1,2,1552476027544,16535104,555
2019-03-14 08:28:22.751,0.1,buy,3841.78,BTC-28JUN19-5000-C,56.63,0.036000000000000004,0.1,0,1552552102751,16551405,556
2019-03-14 14:23:33.568,5.0,sell,3791.83,BTC-28JUN19-5000-C,56.98,0.0335,5.0,2,1552573413568,16563221,557
2019-03-15 19:23:53.941,0.1,buy,3901.69,BTC-28JUN19-5000-C,55.4,0.0365,0.1,0,1552677833941,16599744,558
2019-03-15 22:29:46.746,0.1,buy,3898.16,BTC-28JUN19-5000-C,55.52,0.0365,0.1,1,1552688986746,16601989,559
2019-03-16 01:18:41.630,0.1,buy,3918.93,BTC-28JUN19-5000-C,54.93,0.0365,0.1,1,1552699121630,16605062,560
2019-03-16 01:54:09.509,2.5,buy,3930.08,BTC-28JUN19-5000-C,54.34,0.0365,2.5,1,1552701249509,16606841,562
2019-03-16 01:54:09.509,2.5,buy,3930.08,BTC-28JUN19-5000-C,54.34,0.0365,2.5,1,1552701249509,16606842,563
2019-03-16 01:54:09.509,4.7,buy,3930.08,BTC-28JUN19-5000-C,54.34,0.0365,4.7,1,1552701249509,16606840,561
2019-03-16 03:29:07.665,5.0,buy,3937.02,BTC-28JUN19-5000-C,54.46,0.037000000000000005,5.0,1,1552706947665,16610545,565
2019-03-16 03:29:07.665,2.4,buy,3937.02,BTC-28JUN19-5000-C,54.46,0.037000000000000005,2.4,1,1552706947665,16610547,567
2019-03-16 03:29:07.665,0.1,buy,3937.02,BTC-28JUN19-5000-C,54.46,0.037000000000000005,0.1,0,1552706947665,16610544,564
2019-03-16 03:29:07.665,2.5,buy,3937.02,BTC-28JUN19-5000-C,54.46,0.037000000000000005,2.5,1,1552706947665,16610546,566
2019-03-16 03:32:25.587,0.1,buy,3939.64,BTC-28JUN19-5000-C,54.4,0.037000000000000005,0.1,1,1552707145587,16610681,568
2019-03-16 03:36:18.663,0.1,buy,3945.77,BTC-28JUN19-5000-C,55.61,0.0395,0.1,0,1552707378663,16611541,569
2019-03-16 15:14:12.053,5.0,sell,3982.75,BTC-28JUN19-5000-C,55.27,0.0405,5.0,0,1552749252053,16645178,570
2019-03-16 15:15:01.659,5.0,buy,3982.05,BTC-28JUN19-5000-C,55.85,0.0415,5.0,0,1552749301659,16645182,571
2019-03-17 00:00:07.523,0.1,buy,3989.85,BTC-28JUN19-5000-C,55.69,0.0415,0.1,1,1552780807523,16650083,572
2019-03-17 02:23:14.764,5.0,sell,3948.52,BTC-28JUN19-5000-C,56.06,0.04,5.0,2,1552789394764,16653789,573
2019-03-17 12:50:39.813,0.3,sell,3957.33,BTC-28JUN19-5000-C,54.94,0.038,0.3,2,1552827039813,16662680,574
2019-03-17 15:59:18.315,1.0,sell,3971.93,BTC-28JUN19-5000-C,54.86,0.0385,1.0,0,1552838358315,16665145,575
2019-03-17 17:42:47.465,0.1,buy,3964.66,BTC-28JUN19-5000-C,55.6,0.0395,0.1,0,1552844567465,16666025,576
2019-03-17 19:37:00.777,0.1,buy,3970.64,BTC-28JUN19-5000-C,55.0,0.0385,0.1,2,1552851420777,16666435,577
2019-03-17 19:38:31.556,0.1,buy,3972.2,BTC-28JUN19-5000-C,55.23,0.039,0.1,0,1552851511556,16666518,578
2019-03-18 02:00:09.531,8.6,buy,3999.72,BTC-28JUN19-5000-C,54.97,0.0405,8.6,0,1552874409531,16674109,579
2019-03-18 13:52:08.740,0.1,buy,3965.58,BTC-28JUN19-5000-C,54.67,0.0375,0.1,2,1552917128740,16689999,580
2019-03-18 13:52:08.740,4.9,buy,3965.58,BTC-28JUN19-5000-C,54.97,0.038,4.9,0,1552917128740,16690000,581
2019-03-18 13:53:50.050,10.0,buy,3965.57,BTC-28JUN19-5000-C,54.96,0.038,10.0,1,1552917230050,16690011,582
2019-03-18 13:57:03.086,5.0,buy,3965.31,BTC-28JUN19-5000-C,55.24,0.0385,5.0,0,1552917423086,16690033,583
2019-03-18 19:30:11.295,0.1,buy,3960.18,BTC-28JUN19-5000-C,53.32,0.035,0.1,2,1552937411295,16692878,584
2019-03-18 20:30:19.538,0.1,buy,3973.84,BTC-28JUN19-5000-C,54.46,0.0375,0.1,0,1552941019538,16693552,585
2019-03-19 00:18:25.612,2.5,sell,3972.86,BTC-28JUN19-5000-C,52.39,0.034,2.5,2,1552954705612,16695295,586
2019-03-19 00:19:09.310,2.5,sell,3973.03,BTC-28JUN19-5000-C,52.37,0.034,2.5,3,1552954749310,16695314,587
2019-03-19 00:20:36.856,2.5,sell,3973.35,BTC-28JUN19-5000-C,52.38,0.034,2.5,3,1552954836856,16695341,588
2019-03-19 00:21:19.595,2.5,sell,3973.54,BTC-28JUN19-5000-C,52.37,0.034,2.5,3,1552954879595,16695343,589
2019-03-19 17:15:52.446,1.0,sell,3998.26,BTC-28JUN19-5000-C,52.28,0.035,1.0,0,1553015752446,16710945,590
2019-03-19 17:25:22.028,2.5,buy,4003.8,BTC-28JUN19-5000-C,52.41,0.0355,2.5,1,1553016322028,16711548,593
2019-03-19 17:25:22.028,0.1,buy,4003.8,BTC-28JUN19-5000-C,52.41,0.0355,0.1,1,1553016322028,16711549,594
2019-03-19 17:25:22.028,2.5,buy,4003.8,BTC-28JUN19-5000-C,52.41,0.0355,2.5,0,1553016322028,16711546,591
2019-03-19 17:25:22.028,2.5,buy,4003.8,BTC-28JUN19-5000-C,52.41,0.0355,2.5,1,1553016322028,16711547,592
2019-03-20 16:17:52.371,2.5,buy,4014.82,BTC-28JUN19-5000-C,52.57,0.036000000000000004,2.5,1,1553098672371,16735234,597
2019-03-20 16:17:52.371,2.5,buy,4014.82,BTC-28JUN19-5000-C,52.57,0.036000000000000004,2.5,1,1553098672371,16735233,596
2019-03-20 16:17:52.371,2.5,buy,4014.82,BTC-28JUN19-5000-C,52.57,0.036000000000000004,2.5,0,1553098672371,16735232,595
2019-03-20 17:57:52.597,3.0,sell,3996.1,BTC-28JUN19-5000-C,52.21,0.034,3.0,2,1553104672597,16737503,598
2019-03-20 22:35:31.235,0.2,buy,4026.4,BTC-28JUN19-5000-C,52.61,0.036000000000000004,0.2,0,1553121331235,16741612,599
2019-03-20 22:36:06.179,5.0,buy,4035.11,BTC-28JUN19-5000-C,52.56,0.0365,5.0,0,1553121366179,16741972,600
2019-03-20 22:36:06.179,2.5,buy,4035.11,BTC-28JUN19-5000-C,52.56,0.0365,2.5,1,1553121366179,16741973,601
2019-03-21 12:27:59.405,5.0,buy,4043.83,BTC-28JUN19-5000-C,53.73,0.0385,5.0,0,1553171279405,16752501,602
2019-03-21 13:44:31.574,0.1,sell,4011.47,BTC-28JUN19-5000-C,53.99,0.037000000000000005,0.1,2,1553175871574,16756249,603
2019-03-21 14:46:26.598,5.7,sell,3971.21,BTC-28JUN19-5000-C,52.62,0.0325,5.7,2,1553179586598,16759999,604
2019-03-21 14:46:57.781,5.9,buy,3975.49,BTC-28JUN19-5000-C,52.75,0.033,5.9,0,1553179617781,16760177,605
2019-03-21 16:26:36.194,5.0,buy,3953.66,BTC-28JUN19-5000-C,53.2,0.0325,5.0,2,1553185596194,16768472,606
2019-03-21 20:09:08.794,0.1,buy,3971.96,BTC-28JUN19-5000-C,53.53,0.034,0.1,0,1553198948794,16770967,607
2019-03-21 20:16:23.753,0.1,buy,3971.91,BTC-28JUN19-5000-C,53.52,0.034,0.1,1,1553199383753,16770980,608
2019-03-21 20:34:24.566,0.1,buy,3971.94,BTC-28JUN19-5000-C,53.54,0.034,0.1,1,1553200464566,16771026,609
2019-03-21 20:35:46.992,0.1,buy,3972.24,BTC-28JUN19-5000-C,53.54,0.034,0.1,1,1553200546992,16771029,610
2019-03-22 04:25:57.367,10.0,sell,3971.99,BTC-28JUN19-5000-C,52.71,0.0325,10.0,2,1553228757367,16773943,611
2019-03-22 07:24:40.008,1.0,sell,3963.7,BTC-28JUN19-5000-C,52.65,0.032,1.0,2,1553239480008,16774943,612
2019-03-22 07:38:42.371,9.0,sell,3963.61,BTC-28JUN19-5000-C,52.3,0.0315,9.0,2,1553240322371,16775159,613
2019-03-22 08:43:30.257,0.1,buy,3976.01,BTC-28JUN19-5000-C,53.41,0.034,0.1,0,1553244210257,16776272,614
2019-03-22 10:49:50.995,5.7,buy,3980.21,BTC-28JUN19-5000-C,52.43,0.0325,5.7,2,1553251790995,16777006,615
2019-03-22 11:18:08.035,4.0,buy,3977.84,BTC-28JUN19-5000-C,52.91,0.033,4.0,0,1553253488035,16777140,616
2019-03-22 20:32:51.480,1.0,buy,3985.44,BTC-28JUN19-5000-C,53.48,0.034,1.0,0,1553286771480,16781487,617
2019-03-22 20:33:00.306,1.0,buy,3985.45,BTC-28JUN19-5000-C,53.48,0.034,1.0,1,1553286780306,16781505,618
2019-03-23 03:47:00.325,0.4,buy,3992.93,BTC-28JUN19-5000-C,52.78,0.0335,0.4,2,1553312820325,16787229,619
2019-03-23 08:06:58.781,0.1,buy,3989.12,BTC-28JUN19-5000-C,53.28,0.034,0.1,0,1553328418781,16789545,620
2019-03-23 10:51:04.034,3.0,sell,3969.88,BTC-28JUN19-5000-C,52.11,0.0315,3.0,2,1553338264034,16791301,621
2019-03-23 23:08:46.773,2.8000000000000003,buy,3978.46,BTC-28JUN19-5000-C,53.79,0.034,2.8000000000000003,0,1553382526773,16795913,622
2019-03-23 23:08:46.773,0.2,buy,3978.46,BTC-28JUN19-5000-C,53.79,0.034,0.2,1,1553382526773,16795914,623
2019-03-24 17:42:12.515,0.2,sell,3964.55,BTC-28JUN19-5000-C,53.98,0.0335,0.2,2,1553449332515,16801995,624
2019-03-24 17:57:16.990,2.5,sell,3967.65,BTC-28JUN19-5000-C,52.31,0.031,2.5,2,1553450236990,16802092,625
2019-03-24 18:13:52.629,2.5,sell,3964.51,BTC-28JUN19-5000-C,52.33,0.031,2.5,3,1553451232629,16802143,626
2019-03-24 19:33:33.451,4.8,sell,3961.19,BTC-28JUN19-5000-C,52.22,0.0305,4.8,2,1553456013451,16803015,627
2019-03-24 20:23:37.166,0.1,sell,3956.5,BTC-28JUN19-5000-C,51.63,0.0295,0.1,2,1553459017166,16803298,628
2019-03-25 00:43:29.383,2.0,sell,3965.43,BTC-28JUN19-5000-C,52.06,0.0305,2.0,0,1553474609383,16806791,629
2019-03-25 00:46:05.358,2.0,sell,3964.87,BTC-28JUN19-5000-C,52.1,0.0305,2.0,1,1553474765358,16806807,630
2019-03-25 00:46:58.249,2.0,sell,3964.87,BTC-28JUN19-5000-C,52.1,0.0305,2.0,1,1553474818249,16806815,631
2019-03-25 00:46:58.251,4.0,buy,3964.87,BTC-28JUN19-5000-C,52.1,0.0305,4.0,1,1553474818251,16806816,632
2019-03-25 01:05:26.875,2.0,sell,3962.41,BTC-28JUN19-5000-C,52.15,0.0305,2.0,1,1553475926875,16806921,633
2019-03-25 02:41:55.835,10.0,sell,3972.18,BTC-28JUN19-5000-C,52.58,0.0315,10.0,0,1553481715835,16807629,634
2019-03-25 15:13:47.720,3.7,buy,3964.87,BTC-28JUN19-5000-C,52.78,0.031,3.7,2,1553526827720,16812659,635
2019-03-25 18:24:04.297,0.2,sell,3932.7,BTC-28JUN19-5000-C,52.54,0.029,0.2,2,1553538244297,16817276,636
2019-03-25 18:24:11.668,0.2,sell,3932.63,BTC-28JUN19-5000-C,52.54,0.028999999999999998,0.2,3,1553538251668,16817278,637
2019-03-25 18:24:37.346,0.1,buy,3933.09,BTC-28JUN19-5000-C,53.53,0.0305,0.1,0,1553538277346,16817280,638
2019-03-25 18:50:38.854,2.7,buy,3907.58,BTC-28JUN19-5000-C,53.91,0.03,2.7,2,1553539838854,16819210,639
2019-03-25 18:50:38.854,4.2,buy,3907.58,BTC-28JUN19-5000-C,53.91,0.03,4.2,3,1553539838854,16819211,640
2019-03-25 19:15:16.714,0.3,buy,3895.87,BTC-28JUN19-5000-C,54.21,0.03,0.3,3,1553541316714,16824960,641
2019-03-25 19:33:14.787,1.0,buy,3899.63,BTC-28JUN19-5000-C,54.24,0.03,1.0,3,1553542394787,16825777,642
2019-03-25 20:22:57.979,1.1,sell,3881.09,BTC-28JUN19-5000-C,52.0,0.026,1.1,3,1553545377979,16826790,644
2019-03-25 20:22:57.979,6.9,sell,3881.09,BTC-28JUN19-5000-C,52.0,0.026,6.9,2,1553545377979,16826789,643
2019-03-26 02:14:11.670,0.3,sell,3913.59,BTC-28JUN19-5000-C,52.2,0.0275,0.3,0,1553566451670,16831616,645
2019-03-26 04:31:23.753,0.1,sell,3913.25,BTC-28JUN19-5000-C,52.32,0.0275,0.1,1,1553574683753,16832618,646
2019-03-26 15:05:01.464,0.1,buy,3910.18,BTC-28JUN19-5000-C,53.75,0.029,0.1,0,1553612701464,16838534,647
2019-03-26 17:20:06.715,5.0,buy,3913.42,BTC-28JUN19-5000-C,52.63,0.0275,5.0,2,1553620806715,16840440,648
2019-03-26 17:21:47.371,5.0,sell,3913.71,BTC-28JUN19-5000-C,52.63,0.0275,5.0,3,1553620907371,16840448,649
2019-03-26 17:31:09.081,5.0,sell,3914.27,BTC-28JUN19-5000-C,52.59,0.0275,5.0,3,1553621469081,16840473,650
2019-03-26 17:32:42.849,5.0,buy,3914.68,BTC-28JUN19-5000-C,52.92,0.028,5.0,0,1553621562849,16840500,651
2019-03-26 17:32:42.849,1.5,buy,3914.68,BTC-28JUN19-5000-C,52.92,0.028,1.5,1,1553621562849,16840501,652
2019-03-26 21:31:37.472,7.5,sell,3911.14,BTC-28JUN19-5000-C,52.19,0.0265,7.5,2,1553635897472,16842112,653
2019-03-26 23:24:53.152,10.0,buy,3915.43,BTC-28JUN19-5000-C,52.79,0.0275,10.0,0,1553642693152,16842604,654
2019-03-26 23:53:22.443,9.6,buy,3920.46,BTC-28JUN19-5000-C,52.41,0.0275,9.6,1,1553644402443,16842998,655
2019-03-26 23:53:22.928,0.4,buy,3920.46,BTC-28JUN19-5000-C,52.41,0.0275,0.4,1,1553644402928,16843010,656
2019-03-27 01:19:41.431,0.1,buy,3947.51,BTC-28JUN19-5000-C,52.1,0.0285,0.1,0,1553649581431,16847171,657
2019-03-27 01:24:17.446,9.6,buy,3964.0,BTC-28JUN19-5000-C,51.51,0.0285,9.6,1,1553649857446,16848057,658
2019-03-27 01:24:17.588,4.8,buy,3964.0,BTC-28JUN19-5000-C,51.51,0.0285,4.8,1,1553649857588,16848058,659
2019-03-27 01:24:17.588,4.8,buy,3964.0,BTC-28JUN19-5000-C,51.51,0.0285,4.8,1,1553649857588,16848059,660
2019-03-27 01:24:19.005,0.1,buy,3964.74,BTC-28JUN19-5000-C,51.47,0.0285,0.1,1,1553649859005,16848071,662
2019-03-27 01:24:19.005,5.2,buy,3964.74,BTC-28JUN19-5000-C,51.47,0.0285,5.2,1,1553649859005,16848070,661
2019-03-27 01:59:37.614,3.0,buy,3967.89,BTC-28JUN19-5000-C,51.96,0.029,3.0,0,1553651977614,16850354,663
2019-03-27 03:16:45.411,5.0,buy,3970.39,BTC-28JUN19-5000-C,52.15,0.0295,5.0,0,1553656605411,16851574,664
2019-03-27 06:06:20.052,1.0,buy,3986.44,BTC-28JUN19-5000-C,53.01,0.0315,1.0,0,1553666780052,16854209,665
2019-03-27 15:59:40.187,2.0,sell,4013.62,BTC-28JUN19-5000-C,51.42,0.0305,2.0,2,1553702380187,16865750,666
2019-03-27 23:26:43.043,0.1,buy,4023.01,BTC-28JUN19-5000-C,52.25,0.032,0.1,0,1553729203043,16874870,667
2019-03-27 23:26:43.043,0.1,buy,4023.01,BTC-28JUN19-5000-C,52.25,0.032,0.1,1,1553729203043,16874871,668
2019-03-29 04:16:24.376,0.1,buy,4030.31,BTC-28JUN19-5000-C,52.99,0.033,0.1,0,1553832984376,16933390,669
2019-03-29 04:18:18.029,0.9,buy,4030.72,BTC-28JUN19-5000-C,53.33,0.0335,0.9,0,1553833098029,16933421,670
2019-03-29 09:15:41.581,6.9,buy,4073.75,BTC-28JUN19-5000-C,51.43,0.033,6.9,2,1553850941581,16943626,671
2019-03-29 09:52:34.969,0.3,buy,4067.72,BTC-28JUN19-5000-C,52.4,0.034,0.3,0,1553853154969,16946175,672
2019-03-29 10:08:20.074,1.0,buy,4080.31,BTC-28JUN19-5000-C,51.99,0.034,1.0,1,1553854100074,16946988,673
2019-03-29 10:34:41.400,1.8,buy,4094.97,BTC-28JUN19-5000-C,51.59,0.034,1.8,1,1553855681400,16951502,674
2019-03-29 13:54:35.005,0.1,buy,4082.39,BTC-28JUN19-5000-C,52.02,0.0345,0.1,0,1553867675005,16958399,675
2019-03-29 14:00:27.509,0.1,buy,4080.91,BTC-28JUN19-5000-C,52.7,0.0355,0.1,0,1553868027509,16958486,677
2019-03-29 14:00:27.509,0.8,buy,4080.91,BTC-28JUN19-5000-C,53.01,0.036000000000000004,0.8,0,1553868027509,16958487,678
2019-03-29 14:00:27.509,0.1,buy,4080.91,BTC-28JUN19-5000-C,52.39,0.035,0.1,0,1553868027509,16958485,676
2019-03-29 14:02:37.950,1.0,buy,4080.62,BTC-28JUN19-5000-C,53.02,0.036000000000000004,1.0,1,1553868157950,16958511,679
2019-03-29 14:25:02.756,10.0,buy,4078.22,BTC-28JUN19-5000-C,53.5,0.0365,10.0,0,1553869502756,16958812,680
2019-03-29 14:25:02.756,90.0,buy,4078.22,BTC-28JUN19-5000-C,53.5,0.0365,90.0,1,1553869502756,16958813,681
2019-03-29 14:25:51.076,90.0,buy,4077.86,BTC-28JUN19-5000-C,53.52,0.0365,90.0,1,1553869551076,16958815,683
2019-03-29 14:25:51.076,10.0,buy,4077.86,BTC-28JUN19-5000-C,53.52,0.0365,10.0,1,1553869551076,16958814,682
2019-03-29 14:29:52.048,14.4,buy,4075.33,BTC-28JUN19-5000-C,53.23,0.036000000000000004,14.4,2,1553869792048,16958833,684
2019-03-29 14:29:52.052,5.4,sell,4075.33,BTC-28JUN19-5000-C,53.23,0.036000000000000004,5.4,3,1553869792052,16958834,685
2019-03-29 14:29:53.332,14.4,sell,4075.33,BTC-28JUN19-5000-C,53.23,0.036000000000000004,14.4,3,1553869793332,16958835,686
2019-03-29 14:38:21.535,14.4,sell,4074.34,BTC-28JUN19-5000-C,53.32,0.036000000000000004,14.4,3,1553870301535,16958944,687
2019-03-29 14:47:15.662,2.0,buy,4075.42,BTC-28JUN19-5000-C,53.49,0.0365,2.0,0,1553870835662,16959056,688
2019-03-29 14:47:51.495,1.0,buy,4074.86,BTC-28JUN19-5000-C,53.5,0.0365,1.0,1,1553870871495,16959062,689
2019-03-29 20:13:35.693,10.0,buy,4079.54,BTC-28JUN19-5000-C,53.37,0.0365,10.0,1,1553890415693,16961614,690
2019-03-29 20:17:31.123,5.0,buy,4075.09,BTC-28JUN19-5000-C,53.86,0.037000000000000005,5.0,0,1553890651123,16961698,691
2019-03-29 20:19:19.157,2.0,sell,4075.46,BTC-28JUN19-5000-C,53.22,0.036000000000000004,2.0,3,1553890759157,16961713,693
2019-03-29 20:19:19.157,1.4,sell,4075.46,BTC-28JUN19-5000-C,53.22,0.036000000000000004,1.4,2,1553890759157,16961712,692
2019-03-30 03:36:45.076,14.4,buy,4097.06,BTC-28JUN19-5000-C,52.0,0.035,14.4,2,1553917005076,16968733,694
2019-03-30 03:36:45.076,2.0,buy,4097.06,BTC-28JUN19-5000-C,52.0,0.035,2.0,3,1553917005076,16968734,695
2019-03-30 03:36:46.618,2.0,sell,4097.06,BTC-28JUN19-5000-C,52.0,0.035,2.0,3,1553917006618,16968736,697
2019-03-30 03:36:46.618,8.6,sell,4097.06,BTC-28JUN19-5000-C,52.0,0.035,8.6,3,1553917006618,16968735,696
2019-03-30 14:48:00.648,2.0,buy,4074.21,BTC-28JUN19-5000-C,54.07,0.037000000000000005,2.0,0,1553957280648,16979856,698
2019-03-30 19:18:59.707,5.6000000000000005,sell,4078.07,BTC-28JUN19-5000-C,51.23,0.0325,5.6000000000000005,2,1553973539707,16982759,699
2019-03-30 19:18:59.707,60.0,sell,4078.07,BTC-28JUN19-5000-C,51.23,0.0325,60.0,3,1553973539707,16982760,700
2019-03-30 20:12:40.118,0.2,buy,4079.42,BTC-28JUN19-5000-C,53.44,0.036000000000000004,0.2,0,1553976760118,16983008,701
2019-03-31 15:31:31.618,12.6,buy,4093.19,BTC-28JUN19-5000-C,53.22,0.036000000000000004,12.6,1,1554046291618,16989677,703
2019-03-31 15:31:31.618,2.0,buy,4093.19,BTC-28JUN19-5000-C,53.22,0.036000000000000004,2.0,1,1554046291618,16989676,702
2019-03-31 15:31:31.618,10.0,buy,4093.19,BTC-28JUN19-5000-C,54.16,0.0375,10.0,0,1554046291618,16989678,704
2019-03-31 15:31:31.618,7.1000000000000005,buy,4093.19,BTC-28JUN19-5000-C,54.16,0.0375,7.1000000000000005,1,1554046291618,16989679,705
2019-04-01 06:02:33.797,1.0,sell,4123.45,BTC-28JUN19-5000-C,52.81,0.0365,1.0,2,1554098553797,17001072,706
2019-04-01 07:09:41.433,2.0,sell,4127.61,BTC-28JUN19-5000-C,52.94,0.037000000000000005,2.0,1,1554102581433,17001483,708
2019-04-01 07:09:41.433,24.0,sell,4127.61,BTC-28JUN19-5000-C,52.94,0.037000000000000005,24.0,0,1554102581433,17001482,707
2019-04-01 12:48:42.969,0.1,buy,4126.95,BTC-28JUN19-5000-C,53.63,0.0375,0.1,0,1554122922969,17004931,709
2019-04-01 16:27:56.175,0.9,buy,4141.76,BTC-28JUN19-5000-C,54.0,0.0385,0.9,0,1554136076175,17008667,711
2019-04-01 16:27:56.175,0.1,buy,4141.76,BTC-28JUN19-5000-C,53.69,0.038,0.1,0,1554136076175,17008666,710
2019-04-01 18:17:22.215,0.1,sell,4130.22,BTC-28JUN19-5000-C,52.74,0.036000000000000004,0.1,2,1554142642215,17009688,712
2019-04-01 18:54:59.401,2.0,buy,4133.21,BTC-28JUN19-5000-C,54.08,0.038,2.0,0,1554144899401,17010019,713
2019-04-02 04:32:09.542,2.0,buy,4198.25,BTC-28JUN19-5000-C,52.39,0.039,2.0,1,1554179529542,17019234,715
2019-04-02 04:32:09.542,2.9,buy,4198.25,BTC-28JUN19-5000-C,52.39,0.039,2.9,0,1554179529542,17019233,714
2019-04-02 04:32:40.654,0.1,buy,4217.62,BTC-28JUN19-5000-C,52.25,0.04,0.1,0,1554179560654,17019951,716
2019-04-02 04:33:37.012,0.3,buy,4293.5,BTC-28JUN19-5000-C,49.0,0.041,0.3,0,1554179617012,17022635,717
2019-04-02 04:34:11.188,5.0,buy,4330.13,BTC-28JUN19-5000-C,47.93,0.042,5.0,0,1554179651188,17024040,718
2019-04-02 04:35:14.631,5.0,buy,4349.0,BTC-28JUN19-5000-C,48.53,0.043,5.0,0,1554179714631,17025224,719
2019-04-02 04:38:00.475,3.0,buy,4417.96,BTC-28JUN19-5000-C,49.79,0.05,3.0,0,1554179880475,17027887,720
2019-04-02 04:45:54.483,0.1,sell,4460.5,BTC-28JUN19-5000-C,49.84,0.051,0.1,0,1554180354483,17033524,721
2019-04-02 04:53:57.021,0.1,buy,4754.98,BTC-28JUN19-5000-C,50.1,0.076,0.1,0,1554180837021,17039324,722
2019-04-02 04:53:59.922,0.5,buy,4747.49,BTC-28JUN19-5000-C,51.89,0.0795,0.5,0,1554180839922,17039454,723
2019-04-02 05:16:14.738,0.2,buy,4741.21,BTC-28JUN19-5000-C,50.23,0.07400000000000001,0.2,2,1554182174738,17052652,724
2019-04-02 05:17:51.365,3.0,buy,4855.11,BTC-28JUN19-5000-C,45.23,0.075,3.0,0,1554182271365,17054420,725
2019-04-02 05:25:40.590,10.0,sell,4991.26,BTC-28JUN19-5000-C,46.75,0.0895,10.0,0,1554182740590,17063458,726
2019-04-02 05:48:51.651,1.0,buy,4867.51,BTC-28JUN19-5000-C,57.37,0.1,1.0,0,1554184131651,17072484,727
2019-04-02 05:50:33.713,5.0,buy,4822.08,BTC-28JUN19-5000-C,62.34,0.1055,5.0,0,1554184233713,17073006,728
2019-04-02 05:58:49.421,0.1,sell,4738.72,BTC-28JUN19-5000-C,49.38,0.0735,0.1,2,1554184729421,17075549,729
2019-04-02 06:37:24.483,1.0,sell,4667.04,BTC-28JUN19-5000-C,48.79,0.067,1.0,2,1554187044483,17085604,730
2019-04-02 06:55:35.451,3.5,buy,4736.87,BTC-28JUN19-5000-C,57.41,0.0895,3.5,0,1554188135451,17087996,731
2019-04-02 07:29:31.406,2.0,buy,4683.87,BTC-28JUN19-5000-C,58.14,0.0865,2.0,2,1554190171406,17092101,732
2019-04-02 08:10:40.464,5.0,buy,4722.07,BTC-28JUN19-5000-C,54.35,0.0815,5.0,2,1554192640464,17093675,733
2019-04-02 09:48:48.492,0.5,buy,4775.24,BTC-28JUN19-5000-C,58.11,0.0935,0.5,0,1554198528492,17101421,734
2019-04-02 10:10:07.223,3.0,buy,4792.55,BTC-28JUN19-5000-C,55.59,0.09,3.0,2,1554199807223,17103290,735
2019-04-02 10:16:52.215,2.0,buy,4787.04,BTC-28JUN19-5000-C,55.95,0.09,2.0,3,1554200212215,17103835,736
2019-04-02 10:52:33.577,6.7,buy,4777.64,BTC-28JUN19-5000-C,56.26,0.09,6.7,3,1554202353577,17105702,737
2019-04-02 16:05:41.012,2.0,buy,4728.45,BTC-28JUN19-5000-C,55.72,0.085,2.0,2,1554221141012,17121922,738
2019-04-02 17:15:51.146,10.0,buy,4730.98,BTC-28JUN19-5000-C,54.55,0.083,10.0,2,1554225351146,17123745,739
2019-04-02 17:22:00.349,0.5,buy,4728.47,BTC-28JUN19-5000-C,57.82,0.08900000000000001,0.5,0,1554225720349,17123817,740
2019-04-02 18:36:53.445,0.1,sell,4732.95,BTC-28JUN19-5000-C,54.52,0.083,0.1,2,1554230213445,17126607,741
2019-04-02 20:15:35.398,0.5,buy,4818.33,BTC-28JUN19-5000-C,54.26,0.08900000000000001,0.5,0,1554236135398,17130498,742
2019-04-02 22:59:15.592,1.0,buy,4820.01,BTC-28JUN19-5000-C,55.06,0.091,1.0,0,1554245955592,17141012,743
2019-04-02 23:13:51.770,1.0,buy,4847.72,BTC-28JUN19-5000-C,54.86,0.0925,1.0,0,1554246831770,17143173,744
2019-04-02 23:16:53.880,10.0,buy,4890.38,BTC-28JUN19-5000-C,54.31,0.095,10.0,0,1554247013880,17144391,745
2019-04-02 23:36:49.684,3.2,buy,4912.1,BTC-28JUN19-5000-C,56.08,0.1,3.2,0,1554248209684,17148426,746
2019-04-02 23:37:30.613,0.4,buy,4915.25,BTC-28JUN19-5000-C,56.0,0.1,0.4,1,1554248250613,17148503,747
2019-04-02 23:37:38.770,3.7,buy,4920.22,BTC-28JUN19-5000-C,55.83,0.1,3.7,1,1554248258770,17148525,748
2019-04-02 23:37:40.762,0.6,buy,4920.8,BTC-28JUN19-5000-C,55.81,0.1,0.6,1,1554248260762,17148537,749
2019-04-02 23:37:43.652,0.2,buy,4921.66,BTC-28JUN19-5000-C,55.82,0.1,0.2,1,1554248263652,17148550,750
2019-04-02 23:37:47.488,0.6,buy,4923.69,BTC-28JUN19-5000-C,55.65,0.1,0.6,1,1554248267488,17148575,751
2019-04-02 23:37:48.817,0.4,buy,4925.2,BTC-28JUN19-5000-C,55.56,0.1,0.4,1,1554248268817,17148593,752
2019-04-02 23:37:49.428,0.2,buy,4925.25,BTC-28JUN19-5000-C,55.56,0.1,0.2,1,1554248269428,17148595,753
2019-04-02 23:37:50.222,0.1,buy,4926.66,BTC-28JUN19-5000-C,55.54,0.1,0.1,1,1554248270222,17148598,754
2019-04-02 23:37:52.467,0.6,buy,4928.44,BTC-28JUN19-5000-C,55.37,0.1,0.6,1,1554248272467,17148603,755
2019-04-03 00:19:00.260,1.0,buy,4930.23,BTC-28JUN19-5000-C,55.42,0.1,1.0,1,1554250740260,17155176,756
2019-04-03 00:41:26.101,0.5,sell,4953.51,BTC-28JUN19-5000-C,54.51,0.1005,0.5,0,1554252086101,17160792,757
2019-04-03 01:38:38.816,3.0,buy,4941.68,BTC-28JUN19-5000-C,58.15,0.107,3.0,0,1554255518816,17165527,758
2019-04-03 03:07:11.505,5.0,sell,5082.17,BTC-28JUN19-5000-C,58.71,0.12,5.0,1,1554260831505,17174445,760
2019-04-03 03:07:11.505,5.0,sell,5082.17,BTC-28JUN19-5000-C,58.71,0.12,5.0,0,1554260831505,17174444,759
2019-04-03 03:43:12.104,0.1,sell,5062.68,BTC-28JUN19-5000-C,58.02,0.11699999999999999,0.1,2,1554262992104,17178386,761
2019-04-03 04:46:48.856,1.0,sell,4929.33,BTC-28JUN19-5000-C,63.02,0.1155,1.0,2,1554266808856,17185235,762
2019-04-03 05:09:54.849,5.0,sell,4943.74,BTC-28JUN19-5000-C,58.21,0.108,5.0,2,1554268194849,17187633,763
2019-04-03 05:09:54.849,2.4,sell,4943.74,BTC-28JUN19-5000-C,57.95,0.1075,2.4,2,1554268194849,17187634,764
2019-04-03 08:40:20.159,0.1,sell,4941.51,BTC-28JUN19-5000-C,57.71,0.1065,0.1,2,1554280820159,17192313,765
2019-04-03 10:20:27.705,0.2,buy,4963.57,BTC-28JUN19-5000-C,60.95,0.1145,0.2,0,1554286827705,17193421,766
2019-04-03 14:20:15.330,0.4,buy,5027.28,BTC-28JUN19-5000-C,63.59,0.125,0.4,0,1554301215330,17202779,767
2019-04-03 17:43:25.401,0.2,sell,5128.35,BTC-28JUN19-5000-C,59.72,0.1255,0.2,0,1554313405401,17220445,768
2019-04-03 19:19:03.615,0.1,sell,5164.15,BTC-28JUN19-5000-C,60.33,0.131,0.1,0,1554319143615,17225898,769
2019-04-03 19:29:36.626,0.1,sell,5170.74,BTC-28JUN19-5000-C,59.72,0.1305,0.1,2,1554319776626,17226254,770
2019-04-03 19:33:21.272,10.0,sell,5164.37,BTC-28JUN19-5000-C,64.82,0.139,10.0,0,1554320001272,17226351,771
2019-04-03 19:34:40.724,10.0,buy,5165.8,BTC-28JUN19-5000-C,65.12,0.14,10.0,0,1554320080724,17226390,772
2019-04-03 19:35:04.885,9.4,buy,5164.46,BTC-28JUN19-5000-C,60.91,0.132,9.4,2,1554320104885,17226413,773
2019-04-03 19:35:07.392,10.8,buy,5164.78,BTC-28JUN19-5000-C,60.91,0.132,10.8,3,1554320107392,17226416,774
2019-04-03 19:35:08.118,9.8,buy,5164.89,BTC-28JUN19-5000-C,60.91,0.132,9.8,3,1554320108118,17226417,775
2019-04-03 19:35:24.709,10.0,buy,5164.29,BTC-28JUN19-5000-C,65.17,0.14,10.0,0,1554320124709,17226423,776
2019-04-03 19:36:31.651,10.0,buy,5164.84,BTC-28JUN19-5000-C,65.74,0.141,10.0,0,1554320191651,17226434,777
2019-04-03 19:37:18.878,10.0,buy,5159.63,BTC-28JUN19-5000-C,66.54,0.142,10.0,0,1554320238878,17226483,778
2019-04-03 19:37:43.351,7.8,buy,5160.11,BTC-28JUN19-5000-C,66.79,0.1425,7.8,0,1554320263351,17226494,779
2019-04-03 19:37:43.359,2.2,sell,5160.11,BTC-28JUN19-5000-C,66.79,0.1425,2.2,1,1554320263359,17226495,780
2019-04-03 19:38:20.908,7.7,sell,5155.16,BTC-28JUN19-5000-C,66.66,0.142,7.7,2,1554320300908,17226579,781
2019-04-03 19:38:26.998,2.3000000000000003,sell,5156.24,BTC-28JUN19-5000-C,66.58,0.142,2.3000000000000003,3,1554320306998,17226585,782
2019-04-03 19:39:40.493,10.0,buy,5155.46,BTC-28JUN19-5000-C,66.85,0.1425,10.0,0,1554320380493,17226615,783
2019-04-03 19:43:50.435,10.0,buy,5143.97,BTC-28JUN19-5000-C,66.68,0.141,10.0,2,1554320630435,17227033,784
2019-04-03 19:44:51.628,7.5,sell,5149.33,BTC-28JUN19-5000-C,67.2,0.1425,7.5,0,1554320691628,17227048,785
2019-04-03 19:45:22.965,7.9,buy,5149.09,BTC-28JUN19-5000-C,67.48,0.14300000000000002,7.9,0,1554320722965,17227054,786
2019-04-03 19:45:22.975,2.1,sell,5149.09,BTC-28JUN19-5000-C,67.48,0.14300000000000002,2.1,1,1554320722975,17227055,787
2019-04-03 19:48:17.280,5.0,buy,5139.31,BTC-28JUN19-5000-C,67.62,0.1425,5.0,2,1554320897280,17227142,788
2019-04-03 19:48:57.616,2.9,buy,5140.55,BTC-28JUN19-5000-C,68.11,0.1435,2.9,0,1554320937616,17227156,789
2019-04-03 19:48:57.618,7.1000000000000005,sell,5140.55,BTC-28JUN19-5000-C,68.11,0.1435,7.1000000000000005,1,1554320937618,17227157,790
2019-04-03 19:49:43.271,8.0,buy,5131.29,BTC-28JUN19-5000-C,68.7,0.14400000000000002,8.0,1,1554320983271,17227229,792
2019-04-03 19:49:43.271,0.2,buy,5131.29,BTC-28JUN19-5000-C,68.7,0.14400000000000002,0.2,0,1554320983271,17227228,791
2019-04-03 19:49:43.274,6.8,sell,5131.29,BTC-28JUN19-5000-C,68.7,0.14400000000000002,6.8,1,1554320983274,17227230,793
2019-04-03 20:08:19.943,8.0,buy,5161.98,BTC-28JUN19-5000-C,63.6,0.13699999999999998,8.0,2,1554322099943,17228125,794
2019-04-03 20:10:27.672,2.0,buy,5168.38,BTC-28JUN19-5000-C,63.44,0.13699999999999998,2.0,3,1554322227672,17228237,795
2019-04-03 20:56:04.198,0.2,buy,5284.62,BTC-28JUN19-5000-C,64.7,0.1495,0.2,0,1554324964198,17237630,796
2019-04-03 20:56:33.593,10.0,buy,5284.74,BTC-28JUN19-5000-C,65.04,0.15,10.0,0,1554324993593,17237705,797
2019-04-03 20:58:19.342,0.2,buy,5293.17,BTC-28JUN19-5000-C,66.84,0.154,0.2,0,1554325099342,17237913,798
2019-04-03 20:58:19.342,2.1,buy,5293.17,BTC-28JUN19-5000-C,78.9,0.17600000000000002,2.1,0,1554325099342,17237916,801
2019-04-03 20:58:19.342,6.9,buy,5293.17,BTC-28JUN19-5000-C,67.67,0.1555,6.9,0,1554325099342,17237915,800
2019-04-03 20:58:19.342,10.8,buy,5293.17,BTC-28JUN19-5000-C,67.39,0.155,10.8,0,1554325099342,17237914,799
2019-04-03 20:58:42.720,2.9,buy,5294.5,BTC-28JUN19-5000-C,68.93,0.158,2.9,0,1554325122720,17237935,804
2019-04-03 20:58:42.720,11.3,buy,5294.5,BTC-28JUN19-5000-C,68.11,0.1565,11.3,2,1554325122720,17237933,802
2019-04-03 20:58:42.720,10.8,buy,5294.5,BTC-28JUN19-5000-C,68.39,0.157,10.8,0,1554325122720,17237934,803
2019-04-03 21:01:12.088,0.5,sell,5304.86,BTC-28JUN19-5000-C,67.77,0.157,0.5,2,1554325272088,17238257,805
2019-04-03 21:02:11.113,0.3,buy,5319.76,BTC-28JUN19-5000-C,67.21,0.1575,0.3,0,1554325331113,17238398,806
2019-04-03 21:02:16.532,9.7,sell,5321.84,BTC-28JUN19-5000-C,67.08,0.1575,9.7,1,1554325336532,17238438,807
2019-04-03 21:02:17.733,0.6,buy,5322.28,BTC-28JUN19-5000-C,68.41,0.16,0.6,0,1554325337733,17238456,808
2019-04-03 21:03:29.183,0.4,buy,5335.76,BTC-28JUN19-5000-C,68.94,0.162,0.4,0,1554325409183,17238732,809
2019-04-03 21:03:47.817,10.8,buy,5323.38,BTC-28JUN19-5000-C,68.25,0.1595,10.8,2,1554325427817,17238863,810
2019-04-03 21:03:47.817,0.3,buy,5323.38,BTC-28JUN19-5000-C,68.53,0.16,0.3,0,1554325427817,17238864,811
2019-04-03 21:03:48.178,8.700000000000001,sell,5322.76,BTC-28JUN19-5000-C,69.16,0.161,8.700000000000001,0,1554325428178,17238876,812
2019-04-03 21:31:22.475,0.3,buy,5332.22,BTC-28JUN19-5000-C,67.41,0.158,0.3,2,1554327082475,17241416,813
2019-04-03 21:58:50.129,5.0,sell,5239.93,BTC-28JUN19-5000-C,66.87,0.1495,5.0,2,1554328730129,17244440,814
2019-04-03 21:58:52.504,14.8,sell,5237.76,BTC-28JUN19-5000-C,66.95,0.1495,14.8,3,1554328732504,17244452,815
2019-04-03 22:01:37.832,7.6,sell,5220.69,BTC-28JUN19-5000-C,61.55,0.139,7.6,2,1554328897832,17246215,818
2019-04-03 22:01:37.832,5.0,sell,5220.69,BTC-28JUN19-5000-C,61.82,0.1395,5.0,2,1554328897832,17246214,817
2019-04-03 22:01:37.832,7.2,sell,5220.69,BTC-28JUN19-5000-C,63.45,0.1425,7.2,2,1554328897832,17246213,816
2019-04-03 22:05:52.040,5.0,buy,5224.82,BTC-28JUN19-5000-C,66.97,0.149,5.0,0,1554329152040,17246719,819
2019-04-03 22:06:13.551,7.2,buy,5224.63,BTC-28JUN19-5000-C,67.39,0.15,7.2,0,1554329173551,17246731,820
2019-04-03 22:06:13.551,2.8000000000000003,buy,5224.63,BTC-28JUN19-5000-C,67.39,0.15,2.8000000000000003,1,1554329173551,17246732,821
2019-04-03 22:09:31.976,0.1,sell,5228.0,BTC-28JUN19-5000-C,63.22,0.1425,0.1,2,1554329371976,17246913,822
2019-04-03 23:03:58.181,5.0,buy,5028.15,BTC-28JUN19-5000-C,67.6,0.1335,5.0,2,1554332638181,17259727,823
2019-04-04 01:05:50.084,0.5,buy,5040.86,BTC-28JUN19-5000-C,70.52,0.1385,0.5,0,1554339950084,17282630,824
2019-04-04 04:53:48.626,0.5,buy,5007.9,BTC-28JUN19-5000-C,68.62,0.132,0.5,2,1554353628626,17292131,825
2019-04-04 09:26:10.463,0.1,sell,5027.23,BTC-28JUN19-5000-C,66.85,0.13,0.1,2,1554369970463,17298840,826
2019-04-04 10:53:25.818,1.0,sell,4976.99,BTC-28JUN19-5000-C,66.3,0.1245,1.0,2,1554375205818,17301457,827
2019-04-04 18:14:07.977,1.0,sell,4845.9,BTC-28JUN19-5000-C,65.97,0.1145,1.0,2,1554401647977,17321587,828
2019-04-04 19:15:48.865,1.0,buy,4873.66,BTC-28JUN19-5000-C,66.55,0.11800000000000001,1.0,0,1554405348865,17326273,829
2019-04-04 19:44:55.183,1.0,sell,4866.99,BTC-28JUN19-5000-C,65.01,0.1135,1.0,2,1554407095183,17327303,830
2019-04-05 16:25:39.002,4.0,buy,5012.91,BTC-28JUN19-5000-C,67.09,0.1285,4.0,0,1554481539002,17372477,831
2019-04-05 19:37:51.237,4.0,sell,5012.22,BTC-28JUN19-5000-C,64.28,0.1225,4.0,2,1554493071237,17379962,832
2019-04-05 19:53:16.242,0.5,sell,5021.22,BTC-28JUN19-5000-C,64.18,0.123,0.5,0,1554493996242,17380155,833
2019-04-06 09:21:41.040,0.1,sell,4989.97,BTC-28JUN19-5000-C,63.89,0.12,0.1,2,1554542501040,17391975,834
2019-04-06 14:12:41.568,0.9,sell,5012.9,BTC-28JUN19-5000-C,63.99,0.122,0.9,0,1554559961568,17395231,835
2019-04-06 15:29:23.813,0.5,buy,5046.31,BTC-28JUN19-5000-C,66.42,0.1305,0.5,0,1554564563813,17399487,836
2019-04-06 15:29:33.408,0.5,buy,5046.49,BTC-28JUN19-5000-C,66.4,0.1305,0.5,1,1554564573408,17399489,837
2019-04-06 17:10:32.712,1.0,sell,5158.77,BTC-28JUN19-5000-C,62.76,0.134,1.0,0,1554570632712,17411924,838
2019-04-06 19:17:42.425,1.0,buy,5181.9,BTC-28JUN19-5000-C,64.29,0.1395,1.0,0,1554578262425,17419437,839
2019-04-07 00:20:14.658,0.1,sell,5050.76,BTC-28JUN19-5000-C,63.85,0.1265,0.1,2,1554596414658,17447429,840
2019-04-07 01:16:56.677,5.0,buy,5046.55,BTC-28JUN19-5000-C,68.72,0.135,5.0,1,1554599816677,17448317,842
2019-04-07 01:16:56.677,5.0,buy,5046.55,BTC-28JUN19-5000-C,68.72,0.135,5.0,0,1554599816677,17448316,841
2019-04-07 04:36:31.674,10.0,sell,5143.55,BTC-28JUN19-5000-C,63.47,0.1345,10.0,2,1554611791674,17455622,843
2019-04-07 10:01:32.363,3.0,sell,5124.7,BTC-28JUN19-5000-C,63.38,0.1325,3.0,2,1554631292363,17463238,844
2019-04-07 16:26:50.729,1.0,sell,5071.01,BTC-28JUN19-5000-C,64.19,0.1285,1.0,2,1554654410729,17473203,845
2019-04-07 19:17:01.448,0.5,sell,5161.32,BTC-28JUN19-5000-C,64.49,0.13699999999999998,0.5,0,1554664621448,17477183,846
2019-04-07 21:17:58.481,0.1,buy,5164.29,BTC-28JUN19-5000-C,66.27,0.1405,0.1,0,1554671878481,17481679,847
2019-04-07 21:18:46.866,1.9,buy,5164.64,BTC-28JUN19-5000-C,67.12,0.142,1.9,0,1554671926866,17481686,848
2019-04-07 22:26:12.589,1.0,buy,5185.07,BTC-28JUN19-5000-C,64.29,0.139,1.0,2,1554675972589,17483507,849
2019-04-08 01:21:14.396,2.0,buy,5309.21,BTC-28JUN19-5000-C,68.98,0.159,2.0,0,1554686474396,17502577,850
2019-04-08 02:59:47.858,5.9,sell,5288.34,BTC-28JUN19-5000-C,68.74,0.158,5.9,2,1554692387858,17508961,851
2019-04-08 05:52:15.153,185.8,sell,5280.22,BTC-28JUN19-5000-C,65.06,0.15,185.8,2,1554702735153,17514595,852
2019-04-08 11:28:51.850,0.3,sell,5138.3,BTC-28JUN19-5000-C,67.39,0.14,0.3,3,1554722931850,17527253,854
2019-04-08 11:28:51.850,10.0,sell,5138.3,BTC-28JUN19-5000-C,67.39,0.14,10.0,2,1554722931850,17527252,853
2019-04-08 16:31:08.960,0.6,sell,5222.14,BTC-28JUN19-5000-C,65.08,0.1425,0.6,1,1554741068960,17535975,856
2019-04-08 16:31:08.960,7.2,sell,5222.14,BTC-28JUN19-5000-C,65.08,0.1425,7.2,0,1554741068960,17535974,855
2019-04-08 16:52:47.200,0.5,buy,5194.31,BTC-28JUN19-5000-C,64.47,0.1395,0.5,2,1554742367200,17536873,857
2019-04-08 20:25:31.700,1.0,sell,5227.32,BTC-28JUN19-5000-C,64.49,0.1425,1.0,0,1554755131700,17541369,858
2019-04-09 15:43:39.290,7.2,sell,5210.85,BTC-28JUN19-5000-C,64.04,0.139,7.2,2,1554824619290,17577666,859
2019-04-09 15:43:39.290,4.8,sell,5210.85,BTC-28JUN19-5000-C,64.04,0.139,4.8,3,1554824619290,17577667,860
2019-04-09 15:43:55.093,0.4,sell,5211.54,BTC-28JUN19-5000-C,64.27,0.1395,0.4,0,1554824635093,17577668,861
2019-04-09 19:26:39.963,0.5,sell,5212.91,BTC-28JUN19-5000-C,64.37,0.139,0.5,2,1554837999963,17580395,862
2019-04-09 19:57:28.437,5.0,sell,5213.71,BTC-28JUN19-5000-C,64.3,0.139,5.0,3,1554839848437,17580616,863
2019-04-09 19:58:55.561,0.2,buy,5213.64,BTC-28JUN19-5000-C,64.58,0.1395,0.2,0,1554839935561,17580637,864
2019-04-09 23:49:07.679,6.0,sell,5198.03,BTC-28JUN19-5000-C,61.69,0.1335,6.0,2,1554853747679,17586764,865
2019-04-10 02:35:43.514,5.0,sell,5232.54,BTC-28JUN19-5000-C,63.56,0.14,5.0,0,1554863743514,17590821,866
2019-04-10 13:00:26.636,7.2,buy,5278.28,BTC-28JUN19-5000-C,61.8,0.141,7.2,0,1554901226636,17599784,867
2019-04-10 16:43:42.270,5.0,buy,5273.1,BTC-28JUN19-5000-C,60.6,0.138,5.0,2,1554914622270,17605297,868
2019-04-10 18:45:19.182,0.2,buy,5399.43,BTC-28JUN19-5000-C,64.25,0.1555,0.2,0,1554921919182,17620318,869
2019-04-10 18:56:29.362,1.0,buy,5404.33,BTC-28JUN19-5000-C,61.3,0.151,1.0,2,1554922589362,17622259,870
2019-04-10 19:50:48.605,2.8000000000000003,sell,5409.88,BTC-28JUN19-5000-C,61.01,0.151,2.8000000000000003,3,1554925848605,17626021,872
2019-04-10 19:50:48.605,7.2,sell,5409.88,BTC-28JUN19-5000-C,61.01,0.151,7.2,3,1554925848605,17626020,871
2019-04-11 13:57:46.899,1.0,sell,5041.02,BTC-28JUN19-5000-C,62.3,0.117,1.0,2,1554991066899,17701307,873
2019-04-11 14:04:03.384,5.0,sell,5026.31,BTC-28JUN19-5000-C,62.39,0.1155,5.0,2,1554991443384,17701674,874
2019-04-11 14:04:36.936,1.0,sell,5023.47,BTC-28JUN19-5000-C,62.1,0.115,1.0,2,1554991476936,17701757,875
2019-04-11 14:04:36.936,5.0,sell,5023.47,BTC-28JUN19-5000-C,62.1,0.115,5.0,3,1554991476936,17701758,876
2019-04-11 19:49:11.288,5.0,buy,5073.21,BTC-28JUN19-5000-C,61.95,0.118,5.0,0,1555012151288,17713781,877
2019-04-11 19:49:18.104,5.0,buy,5073.23,BTC-28JUN19-5000-C,61.94,0.118,5.0,1,1555012158104,17713784,878
2019-04-11 19:49:19.369,5.0,buy,5073.23,BTC-28JUN19-5000-C,61.94,0.118,5.0,1,1555012159369,17713788,879
2019-04-11 19:49:20.928,4.6000000000000005,buy,5073.23,BTC-28JUN19-5000-C,61.94,0.118,4.6000000000000005,1,1555012160928,17713796,881
2019-04-11 19:49:20.928,0.4,buy,5073.23,BTC-28JUN19-5000-C,61.94,0.118,0.4,1,1555012160928,17713795,880
2019-04-11 20:21:15.491,5.0,buy,5051.85,BTC-28JUN19-5000-C,62.7,0.1175,5.0,2,1555014075491,17714993,882
2019-04-11 20:39:15.923,4.8,buy,5071.13,BTC-28JUN19-5000-C,62.29,0.1185,4.8,1,1555015155923,17715321,884
2019-04-11 20:39:15.923,0.2,buy,5071.13,BTC-28JUN19-5000-C,62.29,0.1185,0.2,0,1555015155923,17715320,883
2019-04-12 01:44:35.448,0.1,sell,4942.75,BTC-28JUN19-5000-C,62.67,0.1085,0.1,2,1555033475448,17730390,885
2019-04-12 05:25:56.277,0.5,buy,5013.84,BTC-28JUN19-5000-C,61.64,0.1135,0.5,0,1555046756277,17738116,886
2019-04-12 09:32:49.032,5.0,sell,5022.42,BTC-28JUN19-5000-C,61.11,0.1135,5.0,1,1555061569032,17743459,887
2019-04-12 10:04:44.201,5.0,buy,5031.3,BTC-28JUN19-5000-C,60.9,0.114,5.0,0,1555063484201,17743702,888
2019-04-12 10:07:16.217,5.0,buy,5032.85,BTC-28JUN19-5000-C,60.88,0.114,5.0,1,1555063636217,17743709,889
2019-04-12 10:38:21.705,5.0,buy,5056.48,BTC-28JUN19-5000-C,59.68,0.114,5.0,1,1555065501705,17744237,890
2019-04-12 10:38:45.437,35.0,buy,5058.7,BTC-28JUN19-5000-C,59.61,0.114,35.0,1,1555065525437,17744255,891
2019-04-12 10:39:31.253,5.0,buy,5063.91,BTC-28JUN19-5000-C,59.88,0.115,5.0,0,1555065571253,17744338,892
2019-04-12 10:39:52.736,45.0,buy,5063.81,BTC-28JUN19-5000-C,59.91,0.115,45.0,1,1555065592736,17744409,893
2019-04-12 16:14:34.769,0.2,buy,5080.74,BTC-28JUN19-5000-C,59.51,0.115,0.2,1,1555085674769,17751988,894
2019-04-12 16:52:53.817,0.1,sell,5079.89,BTC-28JUN19-5000-C,57.11,0.11,0.1,2,1555087973817,17752362,895
2019-04-12 17:41:36.375,0.5,buy,5093.42,BTC-28JUN19-5000-C,59.59,0.115,0.5,0,1555090896375,17753487,896
2019-04-12 18:21:28.270,0.2,buy,5080.19,BTC-28JUN19-5000-C,60.02,0.1145,0.2,2,1555093288270,17757462,897
2019-04-12 20:23:20.800,1.0,buy,5045.66,BTC-28JUN19-5000-C,59.21,0.1105,1.0,2,1555100600800,17759579,898
2019-04-13 09:31:35.016,0.5,sell,5073.9,BTC-28JUN19-5000-C,58.87,0.11,0.5,2,1555147895016,17770176,899
2019-04-14 05:30:04.657,1.0,sell,5034.98,BTC-28JUN19-5000-C,53.3,0.0965,1.0,2,1555219804657,17792132,900
2019-04-14 13:02:22.276,0.1,buy,5071.37,BTC-28JUN19-5000-C,58.78,0.1095,0.1,0,1555246942276,17795911,901
2019-04-14 17:26:42.330,1.0,sell,5090.39,BTC-28JUN19-5000-C,56.34,0.1065,1.0,2,1555262802330,17799758,902
2019-04-16 15:49:39.118,0.1,sell,5086.74,BTC-28JUN19-5000-C,57.14,0.1095,0.1,0,1555429779118,17863265,903
2019-04-16 16:54:19.268,0.1,sell,5091.04,BTC-28JUN19-5000-C,56.71,0.109,0.1,2,1555433659268,17864463,904
2019-04-16 17:21:03.168,0.1,buy,5100.71,BTC-28JUN19-5000-C,56.44,0.109,0.1,3,1555435263168,17864896,905
2019-04-16 17:21:09.034,0.1,buy,5104.82,BTC-28JUN19-5000-C,56.46,0.1095,0.1,0,1555435269034,17865009,906
2019-04-16 17:21:11.764,0.1,buy,5108.09,BTC-28JUN19-5000-C,56.69,0.11,0.1,0,1555435271764,17865151,907
2019-04-16 17:21:30.707,0.1,buy,5117.89,BTC-28JUN19-5000-C,56.33,0.1105,0.1,0,1555435290707,17865300,908
2019-04-16 17:21:31.278,5.0,buy,5118.05,BTC-28JUN19-5000-C,56.62,0.111,5.0,1,1555435291278,17865374,910
2019-04-16 17:21:31.278,0.1,buy,5118.05,BTC-28JUN19-5000-C,56.62,0.111,0.1,0,1555435291278,17865373,909
2019-04-16 17:27:45.949,0.1,buy,5127.06,BTC-28JUN19-5000-C,56.61,0.112,0.1,0,1555435665949,17866270,911
2019-04-16 17:27:46.154,1.8,buy,5127.06,BTC-28JUN19-5000-C,56.61,0.112,1.8,1,1555435666154,17866292,912
2019-04-16 17:27:46.192,3.1,buy,5127.06,BTC-28JUN19-5000-C,56.61,0.11199999999999999,3.1,1,1555435666192,17866303,913
2019-04-16 17:28:56.109,5.0,buy,5139.68,BTC-28JUN19-5000-C,56.5,0.113,5.0,0,1555435736109,17866762,914
2019-04-16 17:31:00.248,0.1,sell,5222.16,BTC-28JUN19-5000-C,57.17,0.122,0.1,0,1555435860248,17869619,915
2019-04-17 10:04:43.986,0.2,buy,5205.23,BTC-28JUN19-5000-C,56.03,0.1185,0.2,2,1555495483986,17895103,916
2019-04-17 10:13:28.145,0.8,buy,5203.1,BTC-28JUN19-5000-C,56.04,0.11800000000000001,0.8,2,1555496008145,17895286,917
2019-04-18 11:45:17.067,0.1,buy,5236.85,BTC-28JUN19-5000-C,57.08,0.122,0.1,0,1555587917067,17921995,918
2019-04-18 17:27:55.732,0.1,buy,5276.65,BTC-28JUN19-5000-C,56.27,0.1245,0.1,0,1555608475732,17928879,919
2019-04-18 17:27:55.732,0.6,buy,5276.65,BTC-28JUN19-5000-C,57.48,0.1265,0.6,0,1555608475732,17928880,920
2019-04-18 18:06:05.846,0.1,buy,5270.33,BTC-28JUN19-5000-C,57.71,0.126,0.1,2,1555610765846,17930595,921
2019-04-18 18:06:05.846,0.9,buy,5270.33,BTC-28JUN19-5000-C,57.71,0.126,0.9,3,1555610765846,17930596,922
2019-04-19 07:52:27.581,1.0,buy,5247.42,BTC-28JUN19-5000-C,54.9,0.1185,1.0,2,1555660347581,17947543,923
2019-04-19 10:28:03.392,0.6,sell,5252.49,BTC-28JUN19-5000-C,54.33,0.118,0.6,2,1555669683392,17949361,924
2019-04-19 16:24:59.073,1.0,buy,5322.75,BTC-28JUN19-5000-C,55.3,0.1265,1.0,0,1555691099073,17956249,925
2019-04-19 23:09:08.265,0.2,buy,5278.05,BTC-28JUN19-5000-C,55.56,0.122,0.2,2,1555715348265,17969919,926
2019-04-20 01:00:26.785,0.1,sell,5288.08,BTC-28JUN19-5000-C,53.93,0.12,0.1,2,1555722026785,17971395,927
2019-04-20 21:06:08.209,2.0,sell,5317.95,BTC-28JUN19-5000-C,53.56,0.1215,2.0,0,1555794368209,17988924,928
2019-04-21 02:39:10.023,0.9,sell,5332.15,BTC-28JUN19-5000-C,53.79,0.1235,0.9,1,1555814350023,17997734,930
2019-04-21 02:39:10.023,0.1,sell,5332.15,BTC-28JUN19-5000-C,53.79,0.1235,0.1,0,1555814350023,17997733,929
2019-04-22 15:40:18.631,0.1,buy,5368.98,BTC-28JUN19-5000-C,54.56,0.128,0.1,0,1555947618631,18040772,931
2019-04-22 15:40:19.504,0.1,buy,5368.98,BTC-28JUN19-5000-C,54.88,0.1285,0.1,0,1555947619504,18040832,932
2019-04-22 15:40:43.279,0.1,buy,5391.25,BTC-28JUN19-5000-C,54.33,0.131,0.1,0,1555947643279,18041803,933
2019-04-22 20:50:35.623,7.2,sell,5369.73,BTC-28JUN19-5000-C,57.67,0.133,7.2,0,1555966235623,18068279,934
2019-04-23 04:20:23.280,0.5,buy,5468.88,BTC-28JUN19-5000-C,59.09,0.14400000000000002,0.5,0,1555993223280,18081559,935
2019-04-23 11:29:06.848,0.1,sell,5545.46,BTC-28JUN19-5000-C,56.3,0.1475,0.1,0,1556018946848,18107065,936
2019-04-23 11:29:27.693,0.1,sell,5546.31,BTC-28JUN19-5000-C,56.28,0.1475,0.1,1,1556018967693,18107067,937
2019-04-23 11:29:30.500,0.1,buy,5546.23,BTC-28JUN19-5000-C,56.28,0.1475,0.1,1,1556018970500,18107069,938
2019-04-23 11:30:20.047,0.1,buy,5546.78,BTC-28JUN19-5000-C,56.24,0.1475,0.1,1,1556019020047,18107075,939
2019-04-23 13:42:44.988,1.0,buy,5588.53,BTC-28JUN19-5000-C,57.39,0.153,1.0,0,1556026964988,18110675,940
2019-04-23 14:04:57.278,0.1,sell,5583.52,BTC-28JUN19-5000-C,57.85,0.153,0.1,1,1556028297278,18111491,941
2019-04-23 14:04:57.278,99.9,sell,5583.52,BTC-28JUN19-5000-C,57.5,0.1525,99.9,2,1556028297278,18111492,942
2019-04-23 14:13:51.710,100.0,sell,5576.8,BTC-28JUN19-5000-C,57.81,0.1525,100.0,3,1556028831710,18111598,943
2019-04-23 17:15:02.780,0.1,buy,5581.31,BTC-28JUN19-5000-C,60.54,0.157,0.1,0,1556039702780,18116369,945
2019-04-23 17:15:02.780,1.4,buy,5581.31,BTC-28JUN19-5000-C,61.92,0.159,1.4,0,1556039702780,18116370,946
2019-04-23 17:15:02.780,0.5,buy,5581.31,BTC-28JUN19-5000-C,58.81,0.1545,0.5,0,1556039702780,18116368,944
2019-04-23 23:22:39.588,0.1,buy,5551.27,BTC-28JUN19-5000-C,60.21,0.1535,0.1,2,1556061759588,18131716,947
2019-04-23 23:22:39.591,0.9,sell,5551.27,BTC-28JUN19-5000-C,60.21,0.1535,0.9,3,1556061759591,18131717,948
2019-04-24 06:46:19.429,0.1,sell,5594.08,BTC-28JUN19-5000-C,58.11,0.153,0.1,2,1556088379429,18148229,949
2019-04-24 06:46:19.429,4.9,sell,5594.08,BTC-28JUN19-5000-C,57.76,0.1525,4.9,2,1556088379429,18148230,950
2019-04-24 10:54:27.029,0.1,sell,5422.0,BTC-28JUN19-5000-C,60.1,0.138,0.1,2,1556103267029,18169853,951
2019-04-24 10:54:27.131,0.2,sell,5422.0,BTC-28JUN19-5000-C,57.17,0.1335,0.2,2,1556103267131,18169854,952
2019-04-24 18:27:02.020,2.0,sell,5399.96,BTC-28JUN19-5000-C,57.63,0.132,2.0,2,1556130422020,18191764,953
2019-04-25 15:12:22.784,0.1,sell,5460.01,BTC-28JUN19-5000-C,56.37,0.1345,0.1,0,1556205142784,18223126,954
2019-04-25 15:12:47.359,0.1,sell,5459.97,BTC-28JUN19-5000-C,56.04,0.134,0.1,2,1556205167359,18223127,955
2019-04-25 22:05:18.666,0.1,sell,5153.37,BTC-28JUN19-5000-C,62.59,0.111,0.1,2,1556229918666,18246520,956
2019-04-25 22:05:34.041,10.8,sell,5138.22,BTC-28JUN19-5000-C,61.51,0.1095,10.8,2,1556229934041,18246904,957
2019-04-25 22:09:27.287,0.1,sell,5104.62,BTC-28JUN19-5000-C,58.05,0.10099999999999999,0.1,2,1556230167287,18251372,958
2019-04-25 22:09:46.803,0.1,sell,5074.51,BTC-28JUN19-5000-C,59.4,0.0985,0.1,2,1556230186803,18252212,959
2019-04-25 22:09:47.442,0.1,buy,5074.51,BTC-28JUN19-5000-C,52.74,0.0875,0.1,2,1556230187442,18252245,960
2019-04-25 22:10:36.783,0.1,sell,5034.57,BTC-28JUN19-5000-C,59.76,0.0925,0.1,0,1556230236783,18254072,961
2019-04-25 22:30:40.155,0.1,buy,5098.2,BTC-28JUN19-5000-C,60.33,0.10400000000000001,0.1,0,1556231440155,18272419,962
2019-04-25 22:36:35.988,1.0,buy,5136.96,BTC-28JUN19-5000-C,61.62,0.11,1.0,0,1556231795988,18274140,963
2019-04-26 04:30:49.258,0.1,sell,5189.48,BTC-28JUN19-5000-C,56.52,0.109,0.1,2,1556253049258,18310754,964
2019-04-26 08:59:26.411,1.0,sell,5180.31,BTC-28JUN19-5000-C,56.96,0.1085,1.0,2,1556269166411,18320873,965
2019-04-26 10:04:55.409,0.1,buy,5168.61,BTC-28JUN19-5000-C,60.54,0.1125,0.1,0,1556273095409,18322593,966
2019-04-26 10:53:47.929,1.9,buy,5171.71,BTC-28JUN19-5000-C,60.92,0.113,1.9,1,1556276027929,18323287,968
2019-04-26 10:53:47.929,0.1,buy,5171.71,BTC-28JUN19-5000-C,60.92,0.113,0.1,0,1556276027929,18323286,967
2019-04-26 16:39:43.296,5.0,sell,5084.88,BTC-28JUN19-5000-C,58.24,0.1005,5.0,2,1556296783296,18340435,969
2019-04-26 16:39:55.011,10.0,buy,5086.33,BTC-28JUN19-5000-C,58.15,0.1005,10.0,3,1556296795011,18340441,970
2019-04-26 21:33:16.563,0.4,buy,5111.16,BTC-28JUN19-5000-C,58.03,0.10300000000000001,0.4,0,1556314396563,18349121,971
2019-04-26 22:05:54.779,0.3,buy,5145.0,BTC-28JUN19-5000-C,57.86,0.106,0.3,0,1556316354779,18350416,972
2019-04-26 22:05:56.233,0.1,buy,5146.02,BTC-28JUN19-5000-C,58.02,0.1065,0.1,0,1556316356233,18350505,973
2019-04-27 13:29:46.829,0.1,sell,5149.56,BTC-28JUN19-5000-C,56.97,0.103,0.1,2,1556371786829,18364313,974
2019-04-29 11:19:14.760,0.1,buy,5147.76,BTC-28JUN19-5000-C,59.36,0.10400000000000001,0.1,0,1556536754760,18416420,975
2019-04-30 05:30:24.646,1.0,buy,5139.56,BTC-28JUN19-5000-C,59.36,0.102,1.0,2,1556602224646,18449154,976
2019-04-30 16:47:15.807,0.1,sell,5241.44,BTC-28JUN19-5000-C,57.88,0.109,0.1,0,1556642835807,18479984,977
2019-05-01 06:24:46.436,2.5,buy,5311.37,BTC-28JUN19-5000-C,59.14,0.1165,2.5,0,1556691886436,18498980,978
2019-05-01 16:00:36.741,50.0,buy,5296.45,BTC-28JUN19-5000-C,58.11,0.113,50.0,2,1556726436741,18509342,979
2019-05-02 09:06:39.378,0.1,sell,5370.85,BTC-28JUN19-5000-C,55.42,0.11599999999999999,0.1,0,1556787999378,18541830,980
2019-05-02 09:41:20.113,5.0,buy,5346.8,BTC-28JUN19-5000-C,58.95,0.1185,5.0,0,1556790080113,18544779,981
2019-05-02 20:39:16.602,0.7000000000000001,buy,5394.05,BTC-28JUN19-5000-C,57.99,0.12,0.7000000000000001,0,1556829556602,18569478,982
2019-05-02 20:39:30.595,4.0,buy,5394.43,BTC-28JUN19-5000-C,58.28,0.1205,4.0,0,1556829570595,18569482,983
2019-05-02 20:41:22.405,5.0,buy,5392.16,BTC-28JUN19-5000-C,58.53,0.121,5.0,0,1556829682405,18569504,984
2019-05-02 20:45:34.768,4.4,buy,5395.5,BTC-28JUN19-5000-C,58.72,0.1215,4.4,1,1556829934768,18569710,986
2019-05-02 20:45:34.768,0.6,buy,5395.5,BTC-28JUN19-5000-C,58.72,0.1215,0.6,0,1556829934768,18569709,985
2019-05-02 20:50:08.490,3.6,buy,5399.62,BTC-28JUN19-5000-C,58.68,0.122,3.6,0,1556830208490,18569908,987
2019-05-02 21:53:34.113,5.0,sell,5402.68,BTC-28JUN19-5000-C,58.74,0.122,5.0,1,1556834014113,18572407,988
2019-05-03 07:59:25.612,0.1,buy,5581.93,BTC-28JUN19-5000-C,59.29,0.1445,0.1,0,1556870365612,18616688,989
2019-05-03 08:36:56.692,0.2,buy,5606.99,BTC-28JUN19-5000-C,57.01,0.145,0.2,0,1556872616692,18620568,990
2019-05-03 09:39:25.297,3.0,sell,5720.86,BTC-28JUN19-5000-C,55.24,0.155,3.0,0,1556876365297,18646618,991
2019-05-03 09:43:57.560,0.7000000000000001,buy,5763.14,BTC-28JUN19-5000-C,58.17,0.163,0.7000000000000001,0,1556876637560,18648954,992
2019-05-03 09:43:57.716,0.3,buy,5763.93,BTC-28JUN19-5000-C,58.1,0.163,0.3,1,1556876637716,18648959,993
2019-05-03 10:00:23.303,0.1,buy,5774.57,BTC-28JUN19-5000-C,61.46,0.168,0.1,0,1556877623303,18655081,994
2019-05-03 10:20:56.884,1.0,buy,5738.04,BTC-28JUN19-5000-C,58.83,0.161,1.0,2,1556878856884,18660548,995
2019-05-03 11:41:23.243,10.6,buy,5719.7,BTC-28JUN19-5000-C,58.99,0.16,10.6,2,1556883683243,18671453,996
2019-05-03 11:41:27.236,0.9,buy,5725.0,BTC-28JUN19-5000-C,58.39,0.16,0.9,3,1556883687236,18671499,997
2019-05-03 11:41:27.629,0.8,buy,5725.0,BTC-28JUN19-5000-C,58.39,0.16,0.8,3,1556883687629,18671503,998
2019-05-03 12:26:59.027,7.7,buy,5729.11,BTC-28JUN19-5000-C,58.16,0.16,7.7,3,1556886419027,18674423,999
2019-05-03 13:45:40.789,0.9,sell,5753.22,BTC-28JUN19-5000-C,54.64,0.158,0.9,2,1556891140789,18680443,1000
2019-05-03 14:15:59.049,2.0,buy,5762.03,BTC-28JUN19-5000-C,58.51,0.1645,2.0,0,1556892959049,18682450,1001
2019-05-03 14:15:59.049,5.0,buy,5762.03,BTC-28JUN19-5000-C,61.8,0.1685,5.0,0,1556892959049,18682451,1002
2019-05-03 14:17:15.548,2.6,sell,5757.91,BTC-28JUN19-5000-C,61.52,0.1675,2.6,2,1556893035548,18682506,1003
2019-05-03 14:17:15.982,2.6,sell,5757.91,BTC-28JUN19-5000-C,61.52,0.1675,2.6,3,1556893035982,18682507,1004
2019-05-03 14:19:58.776,2.6,sell,5757.76,BTC-28JUN19-5000-C,61.51,0.1675,2.6,3,1556893198776,18682649,1005
2019-05-03 14:20:35.972,10.1,sell,5755.5,BTC-28JUN19-5000-C,61.92,0.1675,10.1,3,1556893235972,18682785,1006
2019-05-03 14:20:36.272,0.3,sell,5755.5,BTC-28JUN19-5000-C,61.93,0.1675,0.3,3,1556893236272,18682786,1007
2019-05-03 14:20:36.297,2.6,sell,5755.5,BTC-28JUN19-5000-C,61.93,0.1675,2.6,3,1556893236297,18682787,1008
2019-05-03 14:20:36.713,0.2,sell,5755.4,BTC-28JUN19-5000-C,61.93,0.1675,0.2,3,1556893236713,18682788,1009
2019-05-03 14:20:36.934,0.4,sell,5755.4,BTC-28JUN19-5000-C,61.93,0.1675,0.4,3,1556893236934,18682789,1010
2019-05-03 14:20:41.102,1.0,sell,5754.07,BTC-28JUN19-5000-C,62.1,0.1675,1.0,3,1556893241102,18682790,1011
2019-05-03 14:20:42.947,0.6,sell,5752.73,BTC-28JUN19-5000-C,62.24,0.1675,0.6,3,1556893242947,18682814,1012
2019-05-03 15:58:23.452,0.2,sell,5716.59,BTC-28JUN19-5000-C,55.68,0.156,0.2,2,1556899103452,18691411,1013
2019-05-03 16:00:41.669,0.6,sell,5717.23,BTC-28JUN19-5000-C,55.69,0.156,0.6,3,1556899241669,18691544,1014
2019-05-03 16:01:55.222,1.0,sell,5719.17,BTC-28JUN19-5000-C,55.64,0.156,1.0,3,1556899315222,18691683,1015
2019-05-04 06:14:52.877,2.5,sell,5692.59,BTC-28JUN19-5000-C,54.34,0.151,2.5,2,1556950492877,18752243,1016
2019-05-04 17:10:15.954,0.1,sell,5578.55,BTC-28JUN19-5000-C,54.61,0.1385,0.1,2,1556989815954,18788409,1017
2019-05-04 17:42:54.246,0.2,sell,5585.24,BTC-28JUN19-5000-C,55.4,0.14,0.2,0,1556991774246,18789383,1018
2019-05-04 19:56:04.386,0.2,sell,5612.41,BTC-28JUN19-5000-C,55.32,0.1425,0.2,0,1556999764386,18793964,1019
2019-05-04 20:35:19.629,0.3,buy,5654.66,BTC-28JUN19-5000-C,57.57,0.15,0.3,0,1557002119629,18796668,1020
2019-05-04 21:25:21.397,0.1,sell,5800.99,BTC-28JUN19-5000-C,54.78,0.163,0.1,0,1557005121397,18811941,1021
2019-05-04 21:32:50.817,5.0,sell,5764.49,BTC-28JUN19-5000-C,58.93,0.16399999999999998,5.0,0,1557005570817,18814117,1022
2019-05-04 23:07:28.275,1.0,buy,5806.37,BTC-28JUN19-5000-C,64.55,0.1755,1.0,0,1557011248275,18829125,1023
2019-05-05 08:28:10.353,0.2,sell,5711.05,BTC-28JUN19-5000-C,54.24,0.1535,0.2,2,1557044890353,18863785,1024
2019-05-07 02:55:52.668,0.1,buy,5880.24,BTC-28JUN19-5000-C,62.15,0.18,0.1,0,1557197752668,19006799,1025
2019-05-07 03:01:35.234,1.0,buy,5940.09,BTC-28JUN19-5000-C,62.68,0.187,1.0,0,1557198095234,19011056,1026
2019-05-07 10:20:08.423,0.2,buy,5900.06,BTC-28JUN19-5000-C,66.97,0.187,0.2,1,1557224408423,19037676,1027
2019-05-08 00:01:36.939,1.0,sell,5676.49,BTC-28JUN19-5000-C,64.26,0.157,1.0,2,1557273696939,19104079,1028
2019-05-08 16:51:04.534,0.5,sell,5890.62,BTC-28JUN19-5000-C,58.89,0.172,0.5,0,1557334264534,19159351,1029
2019-05-09 01:10:13.234,0.1,buy,6072.53,BTC-28JUN19-5000-C,62.7,0.195,0.1,0,1557364213234,19206702,1030
2019-05-09 04:36:00.568,0.1,sell,6043.64,BTC-28JUN19-5000-C,66.53,0.196,0.1,0,1557376560568,19220032,1031
2019-05-09 05:46:35.627,0.2,buy,6061.0,BTC-28JUN19-5000-C,69.42,0.2,0.2,0,1557380795627,19223680,1032
2019-05-09 06:43:27.607,2.0,buy,6062.44,BTC-28JUN19-5000-C,67.42,0.198,2.0,2,1557384207607,19225350,1033
2019-05-09 09:03:03.702,1.0,sell,6011.34,BTC-28JUN19-5000-C,66.69,0.1915,1.0,2,1557392583702,19230014,1034
2019-05-09 12:09:53.922,15.0,buy,6022.32,BTC-28JUN19-5000-C,48.95,0.175,15.0,2,1557403793922,19238176,1035
2019-05-09 16:20:12.966,2.3000000000000003,buy,6019.17,BTC-28JUN19-5000-C,66.39,0.1915,2.3000000000000003,0,1557418812966,19252965,1036
2019-05-09 16:42:34.186,2.3000000000000003,buy,6034.54,BTC-28JUN19-5000-C,66.78,0.193,2.3000000000000003,0,1557420154186,19253687,1037
2019-05-09 21:30:10.289,1.0,buy,6096.22,BTC-28JUN19-5000-C,62.65,0.195,1.0,0,1557437410289,19265179,1038
2019-05-09 21:36:57.199,0.1,buy,6123.48,BTC-28JUN19-5000-C,59.65,0.196,0.1,0,1557437817199,19267856,1039
2019-05-09 22:16:06.975,9.8,buy,6141.49,BTC-28JUN19-5000-C,62.92,0.2,9.8,0,1557440166975,19272459,1040
2019-05-10 08:10:40.441,50.0,buy,6314.9,BTC-28JUN19-5000-C,64.02,0.2155,50.0,0,1557475840441,19337187,1041
2019-05-10 09:41:38.075,0.2,sell,6285.09,BTC-28JUN19-5000-C,69.88,0.218,0.2,0,1557481298075,19346813,1042
2019-05-10 10:38:48.595,0.1,sell,6293.89,BTC-28JUN19-5000-C,69.95,0.218,0.1,1,1557484728595,19349056,1043
2019-05-10 17:33:35.018,3.4,buy,6393.29,BTC-28JUN19-5000-C,68.95,0.228,3.4,0,1557509615018,19385549,1044
2019-05-10 18:18:43.757,3.4,buy,6392.9,BTC-28JUN19-5000-C,70.34,0.2285,3.4,0,1557512323757,19389006,1045
2019-05-10 19:10:44.132,3.4,buy,6372.85,BTC-28JUN19-5000-C,69.52,0.2265,3.4,2,1557515444132,19392486,1046
2019-05-10 19:11:58.862,3.4,buy,6373.44,BTC-28JUN19-5000-C,69.83,0.2265,3.4,3,1557515518862,19392531,1047
2019-05-11 00:08:15.998,1.0,buy,6372.06,BTC-28JUN19-5000-C,71.18,0.2275,1.0,0,1557533295998,19416722,1048
2019-05-11 08:45:53.516,0.1,buy,6714.52,BTC-28JUN19-5000-C,53.71,0.2535,0.1,0,1557564353516,19537558,1049
2019-05-11 14:17:11.366,6.0,sell,6800.29,BTC-28JUN19-5000-C,81.29,0.28,6.0,0,1557584231366,19571579,1050
2019-05-11 15:47:23.023,0.1,buy,6879.27,BTC-28JUN19-5000-C,83.68,0.289,0.1,0,1557589643023,19584161,1051
2019-05-11 15:56:24.266,0.9,buy,6922.49,BTC-28JUN19-5000-C,76.55,0.289,0.9,1,1557590184266,19587717,1052
2019-05-11 15:57:56.625,9.5,buy,6931.12,BTC-28JUN19-5000-C,76.68,0.29,9.5,0,1557590276625,19588242,1053
2019-05-11 16:16:35.332,0.1,sell,6963.27,BTC-28JUN19-5000-C,75.89,0.292,0.1,0,1557591395332,19597199,1054
2019-05-11 21:59:17.403,10.0,buy,7076.36,BTC-28JUN19-5000-C,70.66,0.3,10.0,0,1557611957403,19646621,1055
2019-05-11 22:11:10.728,0.2,sell,7098.49,BTC-28JUN19-5000-C,81.11,0.3095,0.2,0,1557612670728,19658786,1056
2019-05-11 23:03:32.136,1.0,buy,7291.14,BTC-28JUN19-5000-C,89.2,0.33,1.0,0,1557615812136,19691649,1057
2019-05-11 23:29:11.493,0.3,sell,7375.65,BTC-28JUN19-5000-C,105.57,0.345,0.3,0,1557617351493,19710799,1058
2019-05-11 23:31:01.287,1.0,buy,7417.09,BTC-28JUN19-5000-C,108.82,0.35,1.0,0,1557617461287,19711989,1059
2019-05-11 23:31:37.599,1.0,buy,7440.33,BTC-28JUN19-5000-C,105.17,0.35,1.0,1,1557617497599,19712869,1060
2019-05-11 23:34:33.314,1.0,buy,7403.14,BTC-28JUN19-5000-C,76.37,0.33,1.0,2,1557617673314,19714995,1061
2019-05-12 00:01:05.507,1.0,buy,7233.04,BTC-28JUN19-5000-C,98.18,0.33,1.0,3,1557619265507,19731884,1062
2019-05-12 01:27:41.885,0.3,sell,7121.76,BTC-28JUN19-5000-C,99.02,0.3205,0.3,2,1557624461885,19776400,1063
2019-05-12 04:31:16.145,1.0,buy,7217.34,BTC-28JUN19-5000-C,66.98,0.31,1.0,2,1557635476145,19805717,1064
2019-05-12 07:55:35.019,4.0,buy,7519.34,BTC-28JUN19-5000-C,92.3,0.345,4.0,0,1557647735019,19841560,1065
2019-05-12 07:55:50.693,11.0,buy,7515.55,BTC-28JUN19-5000-C,101.38,0.35,11.0,0,1557647750693,19841638,1066
2019-05-12 08:22:04.772,1.0,sell,7338.84,BTC-28JUN19-5000-C,112.39,0.345,1.0,2,1557649324772,19857245,1067
2019-05-12 08:25:46.549,5.0,sell,7315.47,BTC-28JUN19-5000-C,115.31,0.345,5.0,3,1557649546549,19861282,1068
2019-05-12 08:25:53.038,5.0,sell,7323.28,BTC-28JUN19-5000-C,114.31,0.345,5.0,3,1557649553038,19861351,1069
2019-05-12 08:33:52.737,0.1,sell,7370.87,BTC-28JUN19-5000-C,68.86,0.3215,0.1,2,1557650032737,19864650,1070
2019-05-12 09:28:11.455,13.5,buy,7549.34,BTC-28JUN19-5000-C,98.5,0.35,13.5,0,1557653291455,19876561,1071
2019-05-12 10:41:41.772,2.0,buy,7365.75,BTC-28JUN19-5000-C,86.52,0.33,2.0,2,1557657701772,19911269,1072
2019-05-12 11:13:27.808,3.0,buy,7267.45,BTC-28JUN19-5000-C,83.44,0.32,3.0,2,1557659607808,19926082,1073
