date_utc,amount,direction,indexPrice,instrument,iv,price,quantity,tickDirection,timeStamp,tradeId,tradeSeq
2019-05-22 08:10:34.864,1.0,buy,257.87,ETH-31MAY19-260-P,106.35,0.071,1.0,1,1558512634864,3283964,1
2019-05-22 14:04:20.536,1.0,buy,252.25,ETH-31MAY19-260-P,111.07,0.086,1.0,0,1558533860536,3299107,2
2019-05-23 02:30:28.735,1.0,sell,244.51,ETH-31MAY19-260-P,102.64,0.1,1.0,0,1558578628735,3355502,3
2019-05-23 02:32:07.005,2.0,sell,244.34,ETH-31MAY19-260-P,99.99,0.099,2.0,2,1558578727005,3355654,4
2019-05-23 02:33:49.198,1.0,sell,244.4,ETH-31MAY19-260-P,98.55,0.098,1.0,2,1558578829198,3355716,5
2019-05-23 02:34:24.639,1.0,sell,244.34,ETH-31MAY19-260-P,98.23,0.098,1.0,3,1558578864639,3355721,6
2019-05-23 02:41:13.923,1.0,sell,244.51,ETH-31MAY19-260-P,97.39,0.09699999999999999,1.0,2,1558579273923,3355864,7
2019-05-23 23:36:41.801,10.0,sell,247.24,ETH-31MAY19-260-P,86.2,0.08,10.0,2,1558654601801,3429995,8
2019-05-24 14:10:59.619,2.0,sell,251.42,ETH-31MAY19-260-P,81.45,0.064,2.0,2,1558707059619,3467963,9
2019-05-24 19:11:45.544,50.0,buy,249.93,ETH-31MAY19-260-P,82.73,0.068,50.0,0,1558725105544,3485713,10
2019-05-25 16:46:26.213,1.0,sell,252.03,ETH-31MAY19-260-P,82.02,0.059000000000000004,1.0,2,1558802786213,3536368,11
2019-05-26 20:30:22.879,50.0,buy,268.02,ETH-31MAY19-260-P,116.23,0.037000000000000005,50.0,2,1558902622879,3601589,12
2019-05-26 20:50:02.121,5.0,sell,266.54,ETH-31MAY19-260-P,72.92,0.021,5.0,2,1558903802121,3606208,13
2019-05-26 22:25:09.667,1.0,buy,268.09,ETH-31MAY19-260-P,98.32,0.028999999999999998,1.0,0,1558909509667,3618456,14
2019-05-27 10:32:35.372,2.0,buy,267.41,ETH-31MAY19-260-P,104.46,0.03,2.0,0,1558953155372,3666748,15
2019-05-27 12:01:07.016,60.0,sell,267.59,ETH-31MAY19-260-P,105.99,0.03,60.0,1,1558958467016,3670552,16
2019-05-27 20:05:53.162,1.0,sell,269.06,ETH-31MAY19-260-P,97.62,0.023,1.0,2,1558987553162,3714650,17
2019-05-27 21:51:19.232,10.0,buy,268.98,ETH-31MAY19-260-P,117.81,0.03,10.0,0,1558993879232,3718655,18
2019-05-27 23:14:11.518,15.0,sell,270.8,ETH-31MAY19-260-P,108.96,0.024,15.0,2,1558998851518,3720946,19
2019-05-29 06:37:27.323,50.0,buy,263.5,ETH-31MAY19-260-P,101.45,0.024,50.0,3,1559111847323,3816912,20
2019-05-29 13:47:01.015,72.0,sell,271.17,ETH-31MAY19-260-P,93.94,0.01,72.0,2,1559137621015,3833269,21
2019-05-29 13:47:01.015,8.0,sell,271.17,ETH-31MAY19-260-P,84.64,0.008,8.0,2,1559137621015,3833270,22
2019-05-29 14:15:13.802,1.0,buy,272.01,ETH-31MAY19-260-P,107.2,0.012,1.0,0,1559139313802,3835626,23
2019-05-30 03:33:09.103,1.0,sell,273.82,ETH-31MAY19-260-P,103.45,0.006,1.0,2,1559187189103,3879114,24
2019-05-30 04:01:45.095,19.0,buy,285.67,ETH-31MAY19-260-P,146.26,0.005,19.0,2,1559188905095,3891871,25
2019-05-30 07:12:04.899,2.0,sell,283.83,ETH-31MAY19-260-P,127.48,0.003,2.0,2,1559200324899,3906781,26
2019-05-30 13:57:59.164,19.0,sell,283.64,ETH-31MAY19-260-P,115.29,0.001,19.0,2,1559224679164,3921840,27
2019-05-30 16:39:24.351,52.0,sell,276.68,ETH-31MAY19-260-P,137.73,0.004,52.0,0,1559234364351,3942966,28
2019-05-30 16:39:25.882,2.0,sell,276.74,ETH-31MAY19-260-P,138.06,0.004,2.0,1,1559234365882,3942973,29
2019-05-30 16:39:28.092,2.0,sell,276.76,ETH-31MAY19-260-P,138.17,0.004,2.0,1,1559234368092,3942998,30
2019-05-30 16:39:36.729,34.0,sell,276.84,ETH-31MAY19-260-P,138.69,0.004,34.0,1,1559234376729,3943030,31
2019-05-30 16:57:28.137,3.0,buy,273.99,ETH-31MAY19-260-P,123.83,0.004,3.0,1,1559235448137,3945343,32
2019-05-30 17:02:42.029,2.0,buy,268.52,ETH-31MAY19-260-P,130.69,0.009000000000000001,2.0,0,1559235762029,3948524,33
2019-05-30 17:11:57.336,1.0,sell,266.89,ETH-31MAY19-260-P,104.15,0.006999999999999999,1.0,2,1559236317336,3952859,34
2019-05-30 17:12:35.810,2.0,sell,267.83,ETH-31MAY19-260-P,103.45,0.006,2.0,2,1559236355810,3953015,35
2019-05-30 17:44:19.944,2.0,sell,270.45,ETH-31MAY19-260-P,123.75,0.006,2.0,3,1559238259944,3957533,36
2019-05-30 18:12:55.953,2.0,sell,269.21,ETH-31MAY19-260-P,99.26,0.004,2.0,2,1559239975953,3960237,37
2019-05-30 18:15:27.223,2.0,sell,269.97,ETH-31MAY19-260-P,104.36,0.004,2.0,3,1559240127223,3960338,38
2019-05-30 18:15:47.057,1.0,sell,269.36,ETH-31MAY19-260-P,100.43,0.004,1.0,3,1559240147057,3960441,39
2019-05-30 18:23:37.120,3.0,sell,270.0,ETH-31MAY19-260-P,123.58,0.006,3.0,0,1559240617120,3960841,40
2019-05-30 18:41:26.280,19.0,sell,270.65,ETH-31MAY19-260-P,99.91,0.003,19.0,2,1559241686280,3961239,41
2019-05-30 19:59:11.479,1.0,sell,269.04,ETH-31MAY19-260-P,124.18,0.006,1.0,0,1559246351479,3965288,42
2019-05-30 21:17:14.235,1.0,sell,256.28,ETH-31MAY19-260-P,119.19,0.025,1.0,0,1559251034235,3978364,43
2019-05-30 21:18:03.930,1.0,sell,256.65,ETH-31MAY19-260-P,111.26,0.023,1.0,2,1559251083930,3979283,44
2019-05-30 21:18:25.187,1.0,sell,256.52,ETH-31MAY19-260-P,116.33,0.024,1.0,0,1559251105187,3979550,45
2019-05-30 21:20:46.572,1.0,sell,257.85,ETH-31MAY19-260-P,110.79,0.02,1.0,2,1559251246572,3980172,46
2019-05-30 21:23:07.246,3.0,buy,254.47,ETH-31MAY19-260-P,120.86,0.03,3.0,0,1559251387246,3980815,47
2019-05-30 21:23:46.633,50.0,buy,251.06,ETH-31MAY19-260-P,211.62,0.051,50.0,0,1559251426633,3982936,48
2019-05-30 21:26:09.493,50.0,buy,244.46,ETH-31MAY19-260-P,317.1,0.084,50.0,0,1559251569493,3988737,49
2019-05-30 21:26:13.388,12.0,buy,244.09,ETH-31MAY19-260-P,290.45,0.08199999999999999,12.0,2,1559251573388,3988968,50
2019-05-30 21:26:13.432,22.0,buy,244.09,ETH-31MAY19-260-P,290.45,0.08199999999999999,22.0,3,1559251573432,3988979,51
2019-05-30 21:26:25.623,77.0,buy,242.65,ETH-31MAY19-260-P,292.18,0.087,77.0,0,1559251585623,3989749,52
2019-05-30 21:26:25.644,7.0,buy,242.65,ETH-31MAY19-260-P,292.18,0.087,7.0,1,1559251585644,3989751,53
2019-05-30 21:26:26.129,1.0,buy,242.65,ETH-31MAY19-260-P,292.18,0.087,1.0,1,1559251586129,3989786,54
2019-05-30 21:29:03.883,1.0,sell,241.58,ETH-31MAY19-260-P,0.0,0.073,1.0,2,1559251743883,3994584,55
2019-05-30 21:46:47.552,53.0,buy,246.42,ETH-31MAY19-260-P,160.59,0.06,53.0,2,1559252807552,4008731,56
2019-05-30 21:46:47.604,37.0,buy,246.42,ETH-31MAY19-260-P,160.59,0.06,37.0,3,1559252807604,4008732,57
