date_utc,amount,direction,indexPrice,instrument,iv,price,quantity,tickDirection,timeStamp,tradeId,tradeSeq
2019-04-10 19:20:43.922,9.6,buy,5389.89,BTC-31MAY19-5750-P,65.42,0.13699999999999998,9.6,1,1554924043922,17624157,1
2019-04-10 19:21:01.969,9.6,buy,5385.92,BTC-31MAY19-5750-P,66.77,0.1395,9.6,0,1554924061969,17624196,2
2019-04-10 20:31:38.612,0.2,buy,5358.78,BTC-31MAY19-5750-P,59.58,0.1325,0.2,2,1554928298612,17628509,3
2019-04-10 20:36:21.113,9.6,buy,5366.86,BTC-31MAY19-5750-P,66.48,0.1415,9.6,0,1554928581113,17629403,4
2019-04-10 21:25:22.110,0.1,buy,5298.04,BTC-31MAY19-5750-P,64.94,0.1485,0.1,0,1554931522110,17644044,5
2019-04-10 21:25:25.853,9.6,buy,5298.42,BTC-31MAY19-5750-P,70.14,0.156,9.6,0,1554931525853,17644046,6
2019-04-10 21:57:44.884,5.8,buy,5296.25,BTC-31MAY19-5750-P,69.26,0.155,5.8,2,1554933464884,17647441,7
2019-04-11 03:26:01.085,0.2,buy,5257.55,BTC-31MAY19-5750-P,63.21,0.1515,0.2,2,1554953161085,17658927,8
2019-04-12 14:56:48.766,15.0,buy,5082.87,BTC-31MAY19-5750-P,49.9,0.16,15.0,0,1555081008766,17750671,9
2019-04-12 14:56:49.309,10.0,buy,5082.87,BTC-31MAY19-5750-P,49.9,0.16,10.0,1,1555081009309,17750672,10
2019-04-12 14:57:03.898,19.3,buy,5083.79,BTC-31MAY19-5750-P,50.03,0.16,19.3,1,1555081023898,17750678,11
2019-04-12 20:00:59.920,0.1,buy,5046.95,BTC-31MAY19-5750-P,56.25,0.174,0.1,0,1555099259920,17758720,12
2019-04-13 08:35:08.157,0.3,buy,5074.02,BTC-31MAY19-5750-P,56.68,0.1695,0.3,2,1555144508157,17769601,13
2019-04-16 20:10:41.592,4.3,sell,5181.06,BTC-31MAY19-5750-P,52.89,0.1445,4.3,2,1555445441592,17879159,14
2019-04-16 20:15:06.972,4.4,sell,5180.19,BTC-31MAY19-5750-P,51.98,0.1435,4.4,2,1555445706972,17879183,15
2019-04-17 12:18:04.508,1.3,buy,5177.62,BTC-31MAY19-5750-P,52.04,0.1435,1.3,3,1555503484508,17899973,16
2019-04-22 21:34:29.376,0.1,sell,5380.36,BTC-31MAY19-5750-P,51.43,0.1085,0.1,2,1555968869376,18069737,17
2019-04-23 04:18:07.812,0.1,sell,5467.5,BTC-31MAY19-5750-P,52.31,0.098,0.1,2,1555993087812,18081391,18
2019-04-23 08:54:22.432,0.1,buy,5556.35,BTC-31MAY19-5750-P,55.27,0.091,0.1,2,1556009662432,18103353,19
2019-04-23 13:25:40.158,0.1,sell,5570.96,BTC-31MAY19-5750-P,55.52,0.0895,0.1,2,1556025940158,18110052,20
2019-04-23 22:09:13.964,0.1,buy,5552.53,BTC-31MAY19-5750-P,56.12,0.092,0.1,0,1556057353964,18124875,21
2019-04-23 22:35:06.000,0.1,buy,5533.68,BTC-31MAY19-5750-P,57.57,0.096,0.1,0,1556058906000,18129480,22
2019-04-24 05:51:20.336,0.1,sell,5595.29,BTC-31MAY19-5750-P,55.79,0.0865,0.1,2,1556085080336,18145367,23
2019-04-24 06:34:21.171,0.1,buy,5606.62,BTC-31MAY19-5750-P,58.75,0.08900000000000001,0.1,0,1556087661171,18147808,24
2019-04-24 06:44:40.791,0.1,buy,5597.91,BTC-31MAY19-5750-P,58.41,0.0895,0.1,0,1556088280791,18148172,25
2019-04-24 07:36:57.043,0.1,buy,5558.46,BTC-31MAY19-5750-P,58.13,0.0935,0.1,0,1556091417043,18149965,26
2019-04-24 07:47:06.793,0.1,buy,5519.46,BTC-31MAY19-5750-P,57.74,0.0975,0.1,0,1556092026793,18151674,27
2019-04-24 07:48:05.284,0.1,buy,5501.33,BTC-31MAY19-5750-P,58.02,0.1,0.1,0,1556092085284,18152052,28
2019-04-24 07:48:22.661,0.1,buy,5481.32,BTC-31MAY19-5750-P,58.48,0.103,0.1,0,1556092102661,18152505,29
2019-04-24 09:05:05.622,1.0,buy,5476.51,BTC-31MAY19-5750-P,59.25,0.1045,1.0,0,1556096705622,18163290,30
2019-04-24 10:32:36.529,4.8,buy,5465.67,BTC-31MAY19-5750-P,59.04,0.1055,4.8,0,1556101956529,18168218,31
2019-04-24 10:54:22.399,0.1,buy,5423.17,BTC-31MAY19-5750-P,59.16,0.111,0.1,0,1556103262399,18169834,32
2019-04-24 18:13:07.635,0.7000000000000001,buy,5409.0,BTC-31MAY19-5750-P,57.92,0.111,0.7000000000000001,1,1556129587635,18188456,33
2019-04-24 18:14:28.984,0.7000000000000001,buy,5396.24,BTC-31MAY19-5750-P,58.59,0.1135,0.7000000000000001,0,1556129668984,18188831,34
2019-04-24 18:33:59.053,0.7000000000000001,buy,5379.75,BTC-31MAY19-5750-P,58.03,0.115,0.7000000000000001,0,1556130839053,18192588,35
2019-04-24 19:00:34.983,5.1000000000000005,buy,5403.09,BTC-31MAY19-5750-P,57.72,0.1115,5.1000000000000005,2,1556132434983,18194172,36
2019-04-24 21:02:59.572,0.1,buy,5441.9,BTC-31MAY19-5750-P,59.41,0.1085,0.1,2,1556139779572,18197869,37
2019-04-24 22:20:21.117,0.1,buy,5438.72,BTC-31MAY19-5750-P,59.54,0.109,0.1,0,1556144421117,18198980,38
2019-04-25 01:16:10.854,0.1,sell,5453.75,BTC-31MAY19-5750-P,60.36,0.108,0.1,2,1556154970854,18201764,39
2019-04-25 03:03:10.934,0.6,buy,5425.73,BTC-31MAY19-5750-P,57.94,0.1085,0.6,0,1556161390934,18204000,40
2019-04-25 06:20:54.105,0.3,buy,5407.42,BTC-31MAY19-5750-P,58.15,0.111,0.3,0,1556173254105,18208650,41
2019-04-25 09:30:50.438,6.0,buy,5386.03,BTC-31MAY19-5750-P,59.64,0.1155,6.0,0,1556184650438,18213698,42
2019-04-25 09:30:50.452,0.3,sell,5386.03,BTC-31MAY19-5750-P,59.64,0.1155,0.3,1,1556184650452,18213699,43
2019-04-25 16:40:31.519,5.4,buy,5466.06,BTC-31MAY19-5750-P,57.25,0.102,5.4,2,1556210431519,18224460,44
2019-04-25 20:06:31.096,5.6000000000000005,buy,5481.65,BTC-31MAY19-5750-P,57.3,0.1,5.6000000000000005,2,1556222791096,18230016,45
2019-04-25 20:06:38.621,0.1,buy,5474.79,BTC-31MAY19-5750-P,57.02,0.1005,0.1,1,1556222798621,18230145,47
2019-04-25 20:06:38.621,0.1,buy,5474.79,BTC-31MAY19-5750-P,57.02,0.1005,0.1,0,1556222798621,18230144,46
2019-04-25 20:06:38.645,0.5,sell,5474.79,BTC-31MAY19-5750-P,57.02,0.1005,0.5,1,1556222798645,18230146,48
2019-04-25 21:47:19.947,0.1,buy,5429.55,BTC-31MAY19-5750-P,56.92,0.106,0.1,0,1556228839947,18233944,49
2019-04-25 21:48:03.263,14.4,buy,5412.25,BTC-31MAY19-5750-P,57.54,0.109,14.4,0,1556228883263,18234644,50
2019-04-25 21:48:13.791,0.6,buy,5406.15,BTC-31MAY19-5750-P,56.88,0.109,0.6,1,1556228893791,18234843,51
2019-04-25 22:04:01.944,14.4,buy,5270.56,BTC-31MAY19-5750-P,58.63,0.13,14.4,0,1556229841944,18242585,52
2019-04-25 22:04:15.439,0.6,buy,5260.08,BTC-31MAY19-5750-P,57.27,0.13,0.6,1,1556229855439,18243177,53
2019-04-25 22:09:26.488,4.9,buy,5104.75,BTC-31MAY19-5750-P,61.1,0.159,4.9,0,1556230166488,18251273,54
2019-04-25 22:12:07.058,1.0,sell,4999.51,BTC-31MAY19-5750-P,56.03,0.1725,1.0,0,1556230327058,18257448,55
2019-04-25 22:12:09.887,1.0,buy,4999.16,BTC-31MAY19-5750-P,56.48,0.173,1.0,0,1556230329887,18257528,56
2019-04-25 22:26:54.671,0.4,buy,5081.53,BTC-31MAY19-5750-P,63.02,0.165,0.4,2,1556231214671,18269860,57
2019-04-25 22:26:54.731,0.4,buy,5081.53,BTC-31MAY19-5750-P,63.02,0.165,0.4,3,1556231214731,18269861,58
2019-04-25 23:01:58.291,0.6,buy,5101.9,BTC-31MAY19-5750-P,62.99,0.1615,0.6,2,1556233318291,18280815,59
2019-04-26 10:39:47.822,0.4,sell,5174.43,BTC-31MAY19-5750-P,72.5,0.16,0.4,2,1556275187822,18323064,60
2019-04-26 13:17:14.164,6.4,buy,5177.62,BTC-31MAY19-5750-P,62.49,0.14800000000000002,6.4,2,1556284634164,18329403,61
2019-04-26 13:17:48.395,0.6,buy,5175.21,BTC-31MAY19-5750-P,62.6,0.1485,0.6,0,1556284668395,18329445,62
2019-04-28 19:25:13.869,0.1,buy,5141.53,BTC-31MAY19-5750-P,59.06,0.14800000000000002,0.1,2,1556479513869,18394596,63
2019-04-30 11:39:26.612,1.0,sell,5192.95,BTC-31MAY19-5750-P,59.05,0.138,1.0,2,1556624366612,18459903,64
2019-04-30 15:27:03.202,0.1,buy,5255.5,BTC-31MAY19-5750-P,66.94,0.1365,0.1,2,1556638023202,18477202,65
2019-04-30 15:27:03.345,0.1,buy,5255.5,BTC-31MAY19-5750-P,66.48,0.136,0.1,2,1556638023345,18477213,66
2019-04-30 15:27:04.377,0.1,buy,5255.78,BTC-31MAY19-5750-P,66.52,0.136,0.1,3,1556638024377,18477234,67
2019-04-30 15:27:04.474,0.1,buy,5255.78,BTC-31MAY19-5750-P,66.98,0.1365,0.1,0,1556638024474,18477243,68
2019-04-30 15:27:04.528,0.1,buy,5255.78,BTC-31MAY19-5750-P,66.98,0.1365,0.1,1,1556638024528,18477254,69
2019-04-30 15:27:05.091,0.1,buy,5255.78,BTC-31MAY19-5750-P,67.44,0.13699999999999998,0.1,0,1556638025091,18477271,70
2019-04-30 15:27:05.203,0.1,buy,5255.78,BTC-31MAY19-5750-P,67.44,0.13699999999999998,0.1,1,1556638025203,18477279,71
2019-04-30 15:27:05.716,0.1,buy,5255.76,BTC-31MAY19-5750-P,67.44,0.13699999999999998,0.1,1,1556638025716,18477285,72
2019-04-30 15:27:05.774,0.1,buy,5255.76,BTC-31MAY19-5750-P,67.44,0.13699999999999998,0.1,1,1556638025774,18477291,73
2019-05-01 00:25:41.455,12.0,buy,5308.28,BTC-31MAY19-5750-P,67.95,0.1295,12.0,2,1556670341455,18491464,74
2019-05-01 08:23:03.973,0.2,buy,5293.8,BTC-31MAY19-5750-P,63.63,0.1265,0.2,3,1556698983973,18501256,76
2019-05-01 08:23:03.973,0.4,buy,5293.8,BTC-31MAY19-5750-P,63.63,0.1265,0.4,2,1556698983973,18501255,75
2019-05-01 11:33:10.328,12.0,sell,5314.65,BTC-31MAY19-5750-P,64.69,0.1245,12.0,2,1556710390328,18504771,77
2019-05-02 21:56:35.016,0.1,sell,5400.6,BTC-31MAY19-5750-P,64.68,0.111,0.1,2,1556834195016,18572598,78
2019-05-03 06:34:26.873,0.2,sell,5553.29,BTC-31MAY19-5750-P,63.06,0.09,0.2,2,1556865266873,18604731,79
2019-05-03 07:15:45.874,0.3,sell,5539.4,BTC-31MAY19-5750-P,62.09,0.0905,0.3,0,1556867745874,18610676,80
2019-05-03 07:15:47.146,0.3,buy,5539.4,BTC-31MAY19-5750-P,62.54,0.091,0.3,0,1556867747146,18610683,81
2019-05-03 07:15:47.204,0.3,buy,5539.4,BTC-31MAY19-5750-P,62.54,0.091,0.3,1,1556867747204,18610687,82
2019-05-03 07:15:47.233,0.3,buy,5539.4,BTC-31MAY19-5750-P,62.54,0.091,0.3,1,1556867747233,18610688,83
2019-05-03 07:15:47.250,0.3,buy,5539.4,BTC-31MAY19-5750-P,62.54,0.091,0.3,1,1556867747250,18610689,84
2019-05-03 09:45:05.609,5.5,buy,5756.74,BTC-31MAY19-5750-P,62.72,0.0685,5.5,2,1556876705609,18650352,85
2019-05-03 09:45:10.345,2.0,sell,5755.59,BTC-31MAY19-5750-P,62.62,0.0685,2.0,3,1556876710345,18650420,86
2019-05-03 10:12:03.319,15.0,sell,5721.27,BTC-31MAY19-5750-P,63.8,0.073,15.0,0,1556878323319,18659657,87
2019-05-03 10:32:03.350,7.0,buy,5732.8,BTC-31MAY19-5750-P,62.99,0.071,7.0,2,1556879523350,18662264,88
2019-05-03 10:35:29.918,4.0,sell,5740.89,BTC-31MAY19-5750-P,63.69,0.071,4.0,3,1556879729918,18662480,89
2019-05-03 11:06:34.458,2.0,sell,5682.22,BTC-31MAY19-5750-P,58.55,0.071,2.0,3,1556881594458,18666991,90
2019-05-03 12:30:01.457,2.0,sell,5735.61,BTC-31MAY19-5750-P,63.33,0.071,2.0,3,1556886601457,18674679,91
2019-05-03 12:54:16.148,15.0,sell,5722.86,BTC-31MAY19-5750-P,61.33,0.07,15.0,2,1556888056148,18676193,92
2019-05-03 15:02:50.842,0.5,buy,5693.01,BTC-31MAY19-5750-P,61.52,0.073,0.5,0,1556895770842,18686829,93
2019-05-04 00:23:01.449,0.1,sell,5708.7,BTC-31MAY19-5750-P,60.62,0.07,0.1,2,1556929381449,18722915,94
2019-05-04 00:23:24.552,0.5,sell,5714.22,BTC-31MAY19-5750-P,60.65,0.0695,0.5,2,1556929404552,18723154,95
2019-05-04 00:23:24.552,0.1,sell,5714.22,BTC-31MAY19-5750-P,60.65,0.0695,0.1,3,1556929404552,18723155,96
2019-05-04 00:23:24.809,0.1,buy,5714.79,BTC-31MAY19-5750-P,60.7,0.0695,0.1,3,1556929404809,18723160,97
2019-05-04 00:23:24.864,0.1,buy,5714.79,BTC-31MAY19-5750-P,60.7,0.0695,0.1,3,1556929404864,18723161,98
2019-05-04 01:46:19.127,0.1,sell,5776.0,BTC-31MAY19-5750-P,61.41,0.0645,0.1,2,1556934379127,18731834,99
2019-05-04 01:54:22.923,0.5,sell,5794.96,BTC-31MAY19-5750-P,60.67,0.062,0.5,2,1556934862923,18733481,100
2019-05-04 01:54:59.942,0.3,buy,5809.8,BTC-31MAY19-5750-P,60.95,0.061,0.3,2,1556934899942,18733811,101
2019-05-04 01:55:00.008,0.3,buy,5809.8,BTC-31MAY19-5750-P,60.95,0.061,0.3,3,1556934900008,18733818,102
2019-05-04 01:55:01.096,0.3,buy,5810.73,BTC-31MAY19-5750-P,61.48,0.0615,0.3,0,1556934901096,18733851,103
2019-05-04 01:55:01.173,0.3,buy,5810.73,BTC-31MAY19-5750-P,61.48,0.0615,0.3,1,1556934901173,18733854,104
2019-05-04 01:55:03.285,0.3,sell,5810.82,BTC-31MAY19-5750-P,60.56,0.0605,0.3,2,1556934903285,18734078,105
2019-05-04 02:04:33.930,0.1,buy,5758.39,BTC-31MAY19-5750-P,57.65,0.062,0.1,0,1556935473930,18736883,106
2019-05-04 02:04:34.563,0.1,sell,5758.39,BTC-31MAY19-5750-P,57.65,0.062,0.1,1,1556935474563,18736920,107
2019-05-04 02:04:34.630,0.1,sell,5758.39,BTC-31MAY19-5750-P,57.65,0.062,0.1,1,1556935474630,18736923,108
2019-05-04 02:04:34.719,0.1,sell,5754.99,BTC-31MAY19-5750-P,57.36,0.062,0.1,1,1556935474719,18736927,109
2019-05-04 02:04:34.757,0.1,sell,5754.99,BTC-31MAY19-5750-P,57.36,0.062,0.1,1,1556935474757,18736931,110
2019-05-04 02:49:07.004,0.1,buy,5750.23,BTC-31MAY19-5750-P,58.37,0.0635,0.1,0,1556938147004,18740177,111
2019-05-04 03:45:28.860,0.7000000000000001,buy,5721.96,BTC-31MAY19-5750-P,56.89,0.0645,0.7000000000000001,0,1556941528860,18742488,112
2019-05-04 03:45:44.825,0.1,buy,5716.93,BTC-31MAY19-5750-P,56.91,0.065,0.1,0,1556941544825,18742553,113
2019-05-04 03:46:02.612,0.5,buy,5707.43,BTC-31MAY19-5750-P,56.52,0.0655,0.5,0,1556941562612,18742689,114
2019-05-04 03:46:02.612,0.1,buy,5707.43,BTC-31MAY19-5750-P,56.52,0.0655,0.1,1,1556941562612,18742690,115
2019-05-04 04:07:18.409,0.1,buy,5710.98,BTC-31MAY19-5750-P,58.23,0.067,0.1,0,1556942838409,18744970,116
2019-05-04 04:07:18.413,0.6,sell,5710.98,BTC-31MAY19-5750-P,58.23,0.067,0.6,1,1556942838413,18744971,117
2019-05-04 04:07:28.004,0.1,buy,5707.54,BTC-31MAY19-5750-P,58.39,0.0675,0.1,0,1556942848004,18745046,118
2019-05-04 04:07:28.225,0.1,sell,5707.54,BTC-31MAY19-5750-P,58.39,0.0675,0.1,1,1556942848225,18745047,119
2019-05-04 05:03:17.025,0.1,buy,5689.51,BTC-31MAY19-5750-P,59.56,0.0705,0.1,0,1556946197025,18749560,120
2019-05-04 05:03:17.076,0.5,buy,5689.51,BTC-31MAY19-5750-P,59.56,0.0705,0.5,1,1556946197076,18749561,121
2019-05-04 07:46:17.370,0.1,sell,5761.41,BTC-31MAY19-5750-P,62.78,0.067,0.1,2,1556955977370,18755186,122
2019-05-04 09:44:06.720,1.0,buy,5733.93,BTC-31MAY19-5750-P,62.36,0.069,1.0,0,1556963046720,18757699,123
2019-05-04 10:43:43.236,0.1,sell,5726.26,BTC-31MAY19-5750-P,59.89,0.067,0.1,2,1556966623236,18759814,124
2019-05-04 10:45:06.288,0.8,sell,5726.45,BTC-31MAY19-5750-P,58.06,0.065,0.8,3,1556966706288,18759826,126
2019-05-04 10:45:06.288,0.1,sell,5726.45,BTC-31MAY19-5750-P,58.06,0.065,0.1,2,1556966706288,18759825,125
2019-05-04 13:36:57.537,0.1,buy,5675.91,BTC-31MAY19-5750-P,59.16,0.071,0.1,0,1556977017537,18765348,127
2019-05-04 13:47:52.130,0.1,buy,5629.39,BTC-31MAY19-5750-P,58.42,0.075,0.1,0,1556977672130,18768148,128
2019-05-04 13:49:21.699,0.1,buy,5576.32,BTC-31MAY19-5750-P,59.55,0.08199999999999999,0.1,0,1556977761699,18770305,129
2019-05-04 13:49:21.755,0.1,sell,5576.32,BTC-31MAY19-5750-P,59.55,0.08199999999999999,0.1,1,1556977761755,18770306,130
2019-05-04 13:49:21.813,0.1,sell,5576.32,BTC-31MAY19-5750-P,59.55,0.08199999999999999,0.1,1,1556977761813,18770307,131
2019-05-04 13:49:30.500,0.1,buy,5565.56,BTC-31MAY19-5750-P,59.35,0.083,0.1,0,1556977770500,18770554,132
2019-05-04 13:49:30.565,0.1,sell,5565.56,BTC-31MAY19-5750-P,59.35,0.083,0.1,1,1556977770565,18770556,133
2019-05-04 13:49:30.617,0.1,sell,5565.56,BTC-31MAY19-5750-P,59.35,0.083,0.1,1,1556977770617,18770559,134
2019-05-04 13:49:30.717,0.1,sell,5559.86,BTC-31MAY19-5750-P,58.74,0.083,0.1,1,1556977770717,18770581,135
2019-05-04 13:56:49.394,0.1,buy,5565.64,BTC-31MAY19-5750-P,59.36,0.083,0.1,1,1556978209394,18775308,136
2019-05-04 14:11:19.048,0.1,buy,5553.13,BTC-31MAY19-5750-P,59.44,0.0845,0.1,0,1556979079048,18778377,137
2019-05-04 14:11:19.416,0.1,sell,5553.13,BTC-31MAY19-5750-P,59.44,0.0845,0.1,1,1556979079416,18778379,138
2019-05-04 14:11:19.473,0.1,sell,5553.13,BTC-31MAY19-5750-P,59.44,0.0845,0.1,1,1556979079473,18778380,139
2019-05-04 14:11:19.547,0.1,sell,5553.13,BTC-31MAY19-5750-P,59.44,0.0845,0.1,1,1556979079547,18778381,140
2019-05-04 14:22:36.509,0.1,sell,5570.2,BTC-31MAY19-5750-P,62.19,0.0855,0.1,0,1556979756509,18782051,141
2019-05-04 15:50:43.879,0.1,buy,5551.98,BTC-31MAY19-5750-P,59.39,0.0845,0.1,2,1556985043879,18785464,142
2019-05-04 15:50:43.894,0.5,sell,5551.98,BTC-31MAY19-5750-P,59.39,0.0845,0.5,3,1556985043894,18785465,143
2019-05-04 15:55:57.186,0.1,buy,5558.25,BTC-31MAY19-5750-P,60.54,0.085,0.1,0,1556985357186,18785678,144
2019-05-04 16:00:35.354,1.9,buy,5547.0,BTC-31MAY19-5750-P,59.8,0.0855,1.9,0,1556985635354,18785996,145
2019-05-04 16:00:35.354,0.1,buy,5547.0,BTC-31MAY19-5750-P,59.8,0.0855,0.1,1,1556985635354,18785997,146
2019-05-04 20:14:28.316,0.1,sell,5639.42,BTC-31MAY19-5750-P,62.03,0.0775,0.1,2,1557000868316,18795698,147
2019-05-04 20:50:32.187,0.1,sell,5659.07,BTC-31MAY19-5750-P,63.96,0.0775,0.1,3,1557003032187,18797874,148
2019-05-04 21:03:08.147,0.1,sell,5719.55,BTC-31MAY19-5750-P,62.11,0.0695,0.1,2,1557003788147,18800484,149
2019-05-04 21:27:35.617,0.1,buy,5789.4,BTC-31MAY19-5750-P,59.26,0.06,0.1,2,1557005255617,18812672,150
2019-05-04 22:19:35.722,0.1,sell,5818.39,BTC-31MAY19-5750-P,61.2,0.0595,0.1,2,1557008375722,18823455,151
2019-05-05 00:17:25.182,1.0,buy,5715.24,BTC-31MAY19-5750-P,57.67,0.065,1.0,0,1557015445182,18839212,152
2019-05-05 00:17:25.461,0.4,buy,5715.24,BTC-31MAY19-5750-P,57.67,0.065,0.4,1,1557015445461,18839213,153
2019-05-05 00:24:12.467,0.1,buy,5704.64,BTC-31MAY19-5750-P,58.12,0.0665,0.1,0,1557015852467,18840537,154
2019-05-05 00:24:12.477,0.4,sell,5704.64,BTC-31MAY19-5750-P,58.12,0.0665,0.4,1,1557015852477,18840538,155
2019-05-05 00:24:12.537,0.1,sell,5704.64,BTC-31MAY19-5750-P,58.12,0.0665,0.1,1,1557015852537,18840539,156
2019-05-05 00:24:12.584,0.1,sell,5704.64,BTC-31MAY19-5750-P,58.12,0.0665,0.1,1,1557015852584,18840540,157
2019-05-05 00:24:12.600,0.2,buy,5704.64,BTC-31MAY19-5750-P,58.12,0.0665,0.2,1,1557015852600,18840541,158
2019-05-05 00:33:03.036,0.1,sell,5730.17,BTC-31MAY19-5750-P,59.95,0.066,0.1,2,1557016383036,18842743,159
2019-05-05 00:57:59.781,0.1,sell,5755.03,BTC-31MAY19-5750-P,60.74,0.0645,0.1,2,1557017879781,18843822,160
2019-05-05 01:17:00.707,0.1,sell,5750.67,BTC-31MAY19-5750-P,60.38,0.0645,0.1,3,1557019020707,18845109,161
2019-05-05 01:46:38.102,2.0,buy,5733.06,BTC-31MAY19-5750-P,63.07,0.069,2.0,0,1557020798102,18846559,162
2019-05-05 07:51:20.566,0.4,buy,5699.4,BTC-31MAY19-5750-P,59.39,0.068,0.4,2,1557042680566,18859610,163
2019-05-05 08:03:25.710,0.1,buy,5674.54,BTC-31MAY19-5750-P,58.96,0.07,0.1,0,1557043405710,18861546,164
2019-05-05 08:03:25.724,0.4,sell,5674.54,BTC-31MAY19-5750-P,58.96,0.07,0.4,1,1557043405724,18861547,165
2019-05-05 16:18:44.646,0.7000000000000001,buy,5685.38,BTC-31MAY19-5750-P,59.91,0.0695,0.7000000000000001,2,1557073124646,18881557,166
2019-05-05 16:18:44.769,0.3,buy,5684.96,BTC-31MAY19-5750-P,59.87,0.0695,0.3,3,1557073124769,18881560,167
2019-05-05 18:04:05.774,0.7000000000000001,buy,5643.31,BTC-31MAY19-5750-P,58.77,0.0725,0.7000000000000001,0,1557079445774,18887336,168
2019-05-05 18:04:06.446,0.2,buy,5643.31,BTC-31MAY19-5750-P,58.77,0.0725,0.2,1,1557079446446,18887343,169
2019-05-05 18:24:28.302,3.0,sell,5693.92,BTC-31MAY19-5750-P,59.39,0.068,3.0,2,1557080668302,18890990,170
2019-05-05 21:16:45.618,1.0,buy,5737.91,BTC-31MAY19-5750-P,60.7,0.065,1.0,2,1557091005618,18902172,171
2019-05-06 04:21:26.804,1.0,sell,5630.13,BTC-31MAY19-5750-P,62.25,0.077,1.0,0,1557116486804,18931416,172
2019-05-06 20:21:59.185,0.1,buy,5672.15,BTC-31MAY19-5750-P,61.97,0.0715,0.1,2,1557174119185,18978737,173
2019-05-06 23:16:59.826,4.0,buy,5694.66,BTC-31MAY19-5750-P,62.85,0.07,4.0,2,1557184619826,18986173,174
2019-05-07 03:01:59.062,0.2,sell,5959.72,BTC-31MAY19-5750-P,65.58,0.05,0.2,2,1557198119062,19011485,175
2019-05-07 05:17:18.635,0.5,buy,5908.45,BTC-31MAY19-5750-P,65.36,0.0535,0.5,1,1557206238635,19027052,177
2019-05-07 05:17:18.635,14.4,buy,5908.45,BTC-31MAY19-5750-P,65.36,0.0535,14.4,0,1557206238635,19027051,176
2019-05-07 16:53:10.764,2.0,sell,5888.83,BTC-31MAY19-5750-P,66.0,0.055,2.0,0,1557247990764,19067436,178
2019-05-07 16:53:15.432,0.5,sell,5888.61,BTC-31MAY19-5750-P,65.98,0.055,0.5,1,1557247995432,19067437,179
2019-05-08 18:28:58.241,3.0,buy,5877.74,BTC-31MAY19-5750-P,63.53,0.052000000000000005,3.0,2,1557340138241,19163585,180
2019-05-08 20:21:30.845,3.0,sell,5882.03,BTC-31MAY19-5750-P,63.99,0.052000000000000005,3.0,3,1557346890845,19169322,181
2019-05-08 20:21:30.845,0.5,sell,5882.03,BTC-31MAY19-5750-P,63.99,0.052000000000000005,0.5,3,1557346890845,19169323,182
2019-05-08 20:32:06.841,0.5,sell,5886.54,BTC-31MAY19-5750-P,63.33,0.051,0.5,3,1557347526841,19169816,184
2019-05-08 20:32:06.841,10.0,sell,5886.54,BTC-31MAY19-5750-P,63.33,0.051,10.0,2,1557347526841,19169815,183
2019-05-08 20:32:06.844,3.5,buy,5886.54,BTC-31MAY19-5750-P,63.33,0.051,3.5,3,1557347526844,19169817,185
2019-05-08 20:32:08.899,8.9,buy,5886.49,BTC-31MAY19-5750-P,63.33,0.051,8.9,3,1557347528899,19169818,186
2019-05-08 20:57:23.029,0.3,buy,5899.37,BTC-31MAY19-5750-P,66.47,0.053,0.3,0,1557349043029,19170747,187
2019-05-08 20:57:39.080,0.7000000000000001,sell,5898.56,BTC-31MAY19-5750-P,66.41,0.053,0.7000000000000001,1,1557349059080,19170752,188
2019-05-08 20:57:39.080,0.5,sell,5898.56,BTC-31MAY19-5750-P,66.41,0.053,0.5,1,1557349059080,19170753,189
2019-05-08 20:58:09.393,2.0,sell,5898.66,BTC-31MAY19-5750-P,62.26,0.049,2.0,3,1557349089393,19170766,192
2019-05-08 20:58:09.393,5.8,sell,5898.66,BTC-31MAY19-5750-P,62.26,0.049,5.8,2,1557349089393,19170764,190
2019-05-08 20:58:09.393,0.5,sell,5898.66,BTC-31MAY19-5750-P,62.26,0.049,0.5,3,1557349089393,19170765,191
2019-05-08 20:58:09.395,1.7,buy,5898.66,BTC-31MAY19-5750-P,62.26,0.049,1.7,3,1557349089395,19170767,193
2019-05-08 20:58:10.331,6.4,buy,5898.56,BTC-31MAY19-5750-P,62.25,0.049,6.4,3,1557349090331,19170770,194
2019-05-08 22:13:21.212,4.0,buy,5884.14,BTC-31MAY19-5750-P,62.72,0.0505,4.0,0,1557353601212,19172635,195
2019-05-08 23:19:10.879,0.5,sell,5931.44,BTC-31MAY19-5750-P,61.83,0.046,0.5,2,1557357550879,19178370,196
2019-05-09 01:09:18.495,0.1,sell,6064.33,BTC-31MAY19-5750-P,65.2,0.04,0.1,2,1557364158495,19206283,197
2019-05-09 01:34:46.369,1.2,buy,6035.91,BTC-31MAY19-5750-P,68.7,0.045,1.2,0,1557365686369,19213818,198
2019-05-09 02:27:33.806,6.4,buy,6046.33,BTC-31MAY19-5750-P,66.22,0.042,6.4,2,1557368853806,19216183,199
2019-05-09 11:31:53.059,0.1,sell,6031.59,BTC-31MAY19-5750-P,64.09,0.0405,0.1,2,1557401513059,19236250,200
2019-05-09 11:36:45.230,0.1,sell,6036.98,BTC-31MAY19-5750-P,63.92,0.04,0.1,2,1557401805230,19236376,201
2019-05-09 12:05:31.192,0.1,buy,6012.72,BTC-31MAY19-5750-P,64.4,0.042,0.1,0,1557403531192,19237691,202
2019-05-09 13:22:59.925,0.1,buy,5988.07,BTC-31MAY19-5750-P,67.01,0.046,0.1,0,1557408179925,19247014,203
2019-05-09 16:52:18.035,5.0,sell,6045.8,BTC-31MAY19-5750-P,64.87,0.04,5.0,2,1557420738035,19254359,204
2019-05-09 16:54:14.955,5.0,sell,6043.38,BTC-31MAY19-5750-P,64.7,0.04,5.0,3,1557420854955,19254611,205
2019-05-09 18:01:20.366,8.5,sell,6054.45,BTC-31MAY19-5750-P,65.56,0.04,8.5,3,1557424880366,19256743,206
2019-05-10 02:42:54.550,0.1,sell,6238.66,BTC-31MAY19-5750-P,66.52,0.03,0.1,2,1557456174550,19297084,207
2019-05-10 03:16:43.118,0.1,sell,6293.74,BTC-31MAY19-5750-P,68.61,0.028999999999999998,0.1,2,1557458203118,19303719,208
2019-05-10 03:27:00.053,5.0,buy,6295.82,BTC-31MAY19-5750-P,68.11,0.0285,5.0,2,1557458820053,19306753,209
2019-05-10 03:46:52.782,1.0,buy,6271.99,BTC-31MAY19-5750-P,68.61,0.03,1.0,0,1557460012782,19310334,210
2019-05-10 03:48:09.578,19.3,sell,6272.29,BTC-31MAY19-5750-P,68.0,0.0295,19.3,2,1557460089578,19310434,211
2019-05-10 03:48:52.515,3.0,sell,6276.2,BTC-31MAY19-5750-P,68.23,0.0295,3.0,3,1557460132515,19310562,212
2019-05-10 03:48:52.530,0.2,sell,6276.2,BTC-31MAY19-5750-P,68.23,0.0295,0.2,3,1557460132530,19310563,213
2019-05-10 03:48:54.892,0.4,sell,6276.2,BTC-31MAY19-5750-P,68.23,0.0295,0.4,3,1557460134892,19310573,214
2019-05-10 03:49:00.452,2.1,sell,6280.66,BTC-31MAY19-5750-P,68.5,0.0295,2.1,3,1557460140452,19310577,215
2019-05-10 04:50:43.819,0.1,sell,6283.7,BTC-31MAY19-5750-P,69.38,0.03,0.1,0,1557463843819,19320446,216
2019-05-10 06:46:15.759,0.1,sell,6275.84,BTC-31MAY19-5750-P,66.51,0.027999999999999997,0.1,2,1557470775759,19327481,217
2019-05-10 06:46:15.759,0.9,sell,6275.84,BTC-31MAY19-5750-P,66.51,0.027999999999999997,0.9,3,1557470775759,19327482,218
2019-05-10 06:46:42.055,1.0,sell,6277.03,BTC-31MAY19-5750-P,66.58,0.027999999999999997,1.0,3,1557470802055,19327495,219
2019-05-10 08:43:54.392,2.0,buy,6277.31,BTC-31MAY19-5750-P,71.77,0.032,2.0,0,1557477834392,19342317,220
2019-05-10 08:56:24.222,3.0,sell,6288.15,BTC-31MAY19-5750-P,68.02,0.0285,3.0,2,1557478584222,19343758,221
2019-05-10 09:11:26.251,0.4,buy,6284.26,BTC-31MAY19-5750-P,70.98,0.031,0.4,0,1557479486251,19344548,222
2019-05-10 10:13:12.751,0.6,buy,6297.46,BTC-31MAY19-5750-P,71.85,0.031,0.6,1,1557483192751,19348230,224
2019-05-10 10:13:12.751,0.4,buy,6297.46,BTC-31MAY19-5750-P,71.85,0.031,0.4,1,1557483192751,19348229,223
2019-05-10 11:47:57.504,0.4,sell,6285.17,BTC-31MAY19-5750-P,70.58,0.0305,0.4,2,1557488877504,19351643,225
2019-05-10 12:42:21.716,0.4,sell,6280.54,BTC-31MAY19-5750-P,70.37,0.0305,0.4,3,1557492141716,19356125,226
2019-05-10 12:43:21.961,6.7,sell,6286.17,BTC-31MAY19-5750-P,70.71,0.0305,6.7,3,1557492201961,19356225,227
2019-05-10 16:02:48.154,15.1,sell,6318.38,BTC-31MAY19-5750-P,70.31,0.0285,15.1,2,1557504168154,19368169,228
2019-05-10 17:25:17.098,0.1,sell,6386.97,BTC-31MAY19-5750-P,69.69,0.025,0.1,2,1557509117098,19385148,229
2019-05-10 20:33:47.161,0.9,buy,6344.72,BTC-31MAY19-5750-P,67.52,0.025,0.9,3,1557520427161,19397219,230
2019-05-10 22:24:40.577,5.0,sell,6354.83,BTC-31MAY19-5750-P,70.92,0.027000000000000003,5.0,0,1557527080577,19412252,231
2019-05-10 22:39:57.623,0.4,sell,6362.17,BTC-31MAY19-5750-P,71.36,0.027000000000000003,0.4,1,1557527997623,19412575,232
2019-05-10 22:40:49.478,0.4,sell,6364.72,BTC-31MAY19-5750-P,71.51,0.027000000000000003,0.4,1,1557528049478,19412684,233
2019-05-10 22:40:49.491,0.4,sell,6364.72,BTC-31MAY19-5750-P,71.51,0.027000000000000003,0.4,1,1557528049491,19412685,234
2019-05-10 22:40:49.518,0.4,sell,6364.72,BTC-31MAY19-5750-P,71.51,0.027000000000000003,0.4,1,1557528049518,19412686,235
2019-05-10 22:40:49.566,0.4,sell,6365.04,BTC-31MAY19-5750-P,71.53,0.027000000000000003,0.4,1,1557528049566,19412687,236
2019-05-10 22:42:08.424,5.5,sell,6367.94,BTC-31MAY19-5750-P,71.7,0.027000000000000003,5.5,1,1557528128424,19412713,237
2019-05-11 01:53:37.510,0.2,sell,6454.34,BTC-31MAY19-5750-P,71.2,0.023,0.2,2,1557539617510,19423190,238
2019-05-11 04:04:07.703,0.4,sell,6573.86,BTC-31MAY19-5750-P,69.98,0.018000000000000002,0.4,2,1557547447703,19442308,239
2019-05-11 04:05:19.352,0.2,buy,6569.09,BTC-31MAY19-5750-P,68.95,0.0175,0.2,2,1557547519352,19442448,240
2019-05-11 05:13:59.546,1.0,buy,6680.22,BTC-31MAY19-5750-P,77.68,0.0195,1.0,0,1557551639546,19465008,241
2019-05-11 06:09:17.078,0.4,sell,6804.52,BTC-31MAY19-5750-P,73.94,0.013999999999999999,0.4,2,1557554957078,19481343,242
2019-05-11 06:09:37.865,0.2,buy,6789.8,BTC-31MAY19-5750-P,73.3,0.013999999999999999,0.2,3,1557554977865,19481621,243
2019-05-11 06:39:06.756,0.5,buy,6870.4,BTC-31MAY19-5750-P,81.49,0.0165,0.5,0,1557556746756,19505346,244
2019-05-11 06:39:06.758,0.5,sell,6870.4,BTC-31MAY19-5750-P,81.49,0.0165,0.5,1,1557556746758,19505347,245
2019-05-11 07:21:35.128,3.0,buy,6836.71,BTC-31MAY19-5750-P,81.82,0.0175,3.0,0,1557559295128,19523466,246
2019-05-11 07:48:34.640,0.2,buy,6802.11,BTC-31MAY19-5750-P,81.15,0.018000000000000002,0.2,0,1557560914640,19528062,247
2019-05-11 08:00:14.739,0.2,buy,6799.78,BTC-31MAY19-5750-P,82.77,0.019,0.2,0,1557561614739,19530087,248
2019-05-11 08:17:24.837,0.2,buy,6768.55,BTC-31MAY19-5750-P,83.0,0.02,0.2,0,1557562644837,19532059,249
2019-05-11 11:06:26.233,1.0,buy,6813.13,BTC-31MAY19-5750-P,85.37,0.02,1.0,1,1557572786233,19554675,250
2019-05-11 11:44:28.993,0.4,buy,6815.75,BTC-31MAY19-5750-P,85.55,0.02,0.4,1,1557575068993,19557731,251
2019-05-11 11:59:39.133,12.7,buy,6784.99,BTC-31MAY19-5750-P,86.6,0.0215,12.7,0,1557575979133,19558999,252
2019-05-11 13:52:12.223,0.4,sell,6819.29,BTC-31MAY19-5750-P,80.7,0.017,0.4,2,1557582732223,19569176,253
2019-05-11 13:52:26.442,16.0,sell,6820.75,BTC-31MAY19-5750-P,78.96,0.016,16.0,2,1557582746442,19569181,254
2019-05-11 13:52:26.442,0.4,sell,6820.75,BTC-31MAY19-5750-P,78.96,0.016,0.4,3,1557582746442,19569182,255
2019-05-11 13:52:47.233,0.4,buy,6819.52,BTC-31MAY19-5750-P,78.91,0.016,0.4,3,1557582767233,19569205,256
2019-05-11 13:52:47.272,0.4,buy,6819.52,BTC-31MAY19-5750-P,78.91,0.016,0.4,3,1557582767272,19569206,257
2019-05-11 13:52:56.357,2.8000000000000003,buy,6818.55,BTC-31MAY19-5750-P,78.87,0.016,2.8000000000000003,3,1557582776357,19569239,258
2019-05-11 14:40:57.404,0.4,buy,6781.5,BTC-31MAY19-5750-P,77.25,0.016,0.4,3,1557585657404,19574080,259
2019-05-11 14:40:57.435,0.4,buy,6781.5,BTC-31MAY19-5750-P,77.25,0.016,0.4,3,1557585657435,19574081,260
2019-05-11 14:42:05.681,0.4,sell,6787.41,BTC-31MAY19-5750-P,76.62,0.0155,0.4,2,1557585725681,19574520,261
2019-05-11 14:42:05.681,9.6,sell,6787.41,BTC-31MAY19-5750-P,76.62,0.0155,9.6,3,1557585725681,19574521,262
2019-05-11 14:42:10.116,0.4,buy,6787.45,BTC-31MAY19-5750-P,77.52,0.016,0.4,0,1557585730116,19574525,263
2019-05-11 14:42:10.156,0.4,buy,6787.45,BTC-31MAY19-5750-P,77.52,0.016,0.4,1,1557585730156,19574526,264
2019-05-11 14:42:13.619,8.4,buy,6787.38,BTC-31MAY19-5750-P,77.52,0.016,8.4,1,1557585733619,19574528,265
2019-05-11 14:44:54.339,0.4,sell,6796.8,BTC-31MAY19-5750-P,77.05,0.0155,0.4,2,1557585894339,19574987,266
2019-05-11 14:45:04.536,0.4,sell,6798.29,BTC-31MAY19-5750-P,76.2,0.015,0.4,2,1557585904536,19574998,267
2019-05-11 14:45:04.538,24.6,buy,6798.29,BTC-31MAY19-5750-P,76.2,0.015,24.6,3,1557585904538,19574999,268
2019-05-11 14:45:23.527,0.4,buy,6799.59,BTC-31MAY19-5750-P,76.26,0.015,0.4,3,1557585923527,19575013,269
2019-05-11 14:45:25.128,0.4,buy,6799.48,BTC-31MAY19-5750-P,76.25,0.015,0.4,3,1557585925128,19575014,270
2019-05-11 14:45:25.161,0.4,buy,6799.48,BTC-31MAY19-5750-P,76.25,0.015,0.4,3,1557585925161,19575015,271
2019-05-11 14:45:26.593,23.8,buy,6799.48,BTC-31MAY19-5750-P,76.25,0.015,23.8,3,1557585926593,19575016,272
2019-05-11 14:48:22.473,0.4,sell,6790.9,BTC-31MAY19-5750-P,77.69,0.016,0.4,0,1557586102473,19575314,273
2019-05-11 14:50:14.274,0.4,buy,6795.46,BTC-31MAY19-5750-P,77.9,0.016,0.4,1,1557586214274,19575380,274
2019-05-11 14:50:14.304,0.4,buy,6795.46,BTC-31MAY19-5750-P,77.9,0.016,0.4,1,1557586214304,19575381,275
2019-05-11 14:54:09.176,0.4,buy,6791.67,BTC-31MAY19-5750-P,77.73,0.016,0.4,1,1557586449176,19575753,276
2019-05-11 15:05:43.260,0.4,buy,6764.35,BTC-31MAY19-5750-P,76.5,0.016,0.4,1,1557587143260,19576699,277
2019-05-11 15:13:14.940,0.4,buy,6783.84,BTC-31MAY19-5750-P,77.4,0.016,0.4,1,1557587594940,19577215,278
2019-05-11 15:13:15.528,0.4,buy,6783.84,BTC-31MAY19-5750-P,77.4,0.016,0.4,1,1557587595528,19577216,279
2019-05-11 15:13:16.075,0.4,buy,6784.32,BTC-31MAY19-5750-P,77.42,0.016,0.4,1,1557587596075,19577217,280
2019-05-11 17:31:32.906,4.0,buy,6962.3,BTC-31MAY19-5750-P,85.57,0.016,4.0,1,1557595892906,19615775,281
2019-05-11 19:36:02.609,0.4,buy,6920.96,BTC-31MAY19-5750-P,83.94,0.016,0.4,1,1557603362609,19632877,282
2019-05-11 21:27:13.015,0.5,sell,6937.97,BTC-31MAY19-5750-P,82.94,0.015,0.5,2,1557610033015,19639662,283
2019-05-11 21:27:13.035,0.5,sell,6937.97,BTC-31MAY19-5750-P,82.94,0.015,0.5,3,1557610033035,19639664,284
2019-05-11 21:44:28.396,2.3000000000000003,sell,6982.51,BTC-31MAY19-5750-P,82.9,0.013999999999999999,2.3000000000000003,2,1557611068396,19641191,286
2019-05-11 21:44:28.396,1.0,sell,6982.51,BTC-31MAY19-5750-P,83.9,0.0145,1.0,2,1557611068396,19641190,285
2019-05-11 21:48:28.867,0.2,sell,7039.39,BTC-31MAY19-5750-P,85.31,0.013999999999999999,0.2,3,1557611308867,19642724,287
2019-05-11 21:48:28.867,2.0,sell,7039.39,BTC-31MAY19-5750-P,85.31,0.013999999999999999,2.0,3,1557611308867,19642725,288
2019-05-11 22:00:46.853,1.0,sell,7091.76,BTC-31MAY19-5750-P,85.4,0.013000000000000001,1.0,2,1557612046853,19647331,289
2019-05-11 22:04:32.863,1.0,sell,7143.76,BTC-31MAY19-5750-P,86.42,0.0125,1.0,2,1557612272863,19650073,290
2019-05-11 22:04:32.863,0.8,sell,7143.76,BTC-31MAY19-5750-P,85.31,0.012,0.8,2,1557612272863,19650074,291
2019-05-11 22:09:51.952,0.2,sell,7122.8,BTC-31MAY19-5750-P,84.49,0.012,0.2,3,1557612591952,19657586,292
2019-05-11 23:39:58.400,0.5,buy,7371.52,BTC-31MAY19-5750-P,103.32,0.016,0.5,0,1557617998400,19717421,293
2019-05-11 23:40:16.449,1.9,buy,7365.2,BTC-31MAY19-5750-P,103.06,0.016,1.9,1,1557618016449,19717507,294
2019-05-11 23:51:12.628,0.5,buy,7308.45,BTC-31MAY19-5750-P,102.87,0.017,0.5,0,1557618672628,19724692,295
2019-05-11 23:51:17.922,2.0,buy,7301.93,BTC-31MAY19-5750-P,102.6,0.017,2.0,1,1557618677922,19724793,296
2019-05-11 23:51:36.331,0.5,buy,7282.59,BTC-31MAY19-5750-P,101.8,0.017,0.5,1,1557618696331,19725106,297
2019-05-11 23:51:36.398,1.0,buy,7282.59,BTC-31MAY19-5750-P,101.8,0.017,1.0,1,1557618696398,19725107,298
2019-05-11 23:51:38.589,0.6,buy,7278.52,BTC-31MAY19-5750-P,101.64,0.017,0.6,1,1557618698589,19725160,299
2019-05-12 00:34:26.760,0.4,sell,7094.06,BTC-31MAY19-5750-P,98.67,0.0195,0.4,0,1557621266760,19751168,300
2019-05-12 00:39:22.088,0.4,sell,6984.2,BTC-31MAY19-5750-P,95.53,0.0205,0.4,0,1557621562088,19756666,301
2019-05-12 05:55:47.412,0.5,sell,7318.95,BTC-31MAY19-5750-P,105.02,0.0175,0.5,2,1557640547412,19817226,302
2019-05-12 06:10:43.656,0.5,sell,7327.23,BTC-31MAY19-5750-P,105.4,0.0175,0.5,3,1557641443656,19818656,303
2019-05-12 06:45:41.209,0.5,sell,7376.39,BTC-31MAY19-5750-P,106.45,0.017,0.5,2,1557643541209,19826185,304
2019-05-12 07:36:37.309,0.5,sell,7524.78,BTC-31MAY19-5750-P,103.36,0.013000000000000001,0.5,2,1557646597309,19837447,305
2019-05-12 07:36:37.309,19.5,sell,7524.78,BTC-31MAY19-5750-P,102.13,0.0125,19.5,2,1557646597309,19837448,306
2019-05-12 07:40:51.209,0.5,sell,7532.48,BTC-31MAY19-5750-P,102.43,0.0125,0.5,3,1557646851209,19838444,307
2019-05-12 07:46:29.249,0.5,sell,7510.5,BTC-31MAY19-5750-P,102.83,0.013000000000000001,0.5,0,1557647189249,19840027,308
2019-05-12 07:49:12.651,0.5,sell,7517.6,BTC-31MAY19-5750-P,99.39,0.0115,0.5,2,1557647352651,19840594,309
2019-05-12 07:49:13.269,0.5,sell,7518.77,BTC-31MAY19-5750-P,99.43,0.0115,0.5,3,1557647353269,19840599,310
2019-05-12 07:49:39.596,0.5,sell,7521.79,BTC-31MAY19-5750-P,98.26,0.011000000000000001,0.5,2,1557647379596,19840674,311
2019-05-12 07:49:39.774,0.5,sell,7521.79,BTC-31MAY19-5750-P,98.26,0.011000000000000001,0.5,3,1557647379774,19840677,312
2019-05-12 07:49:44.424,0.5,sell,7523.6,BTC-31MAY19-5750-P,97.02,0.0105,0.5,2,1557647384424,19840686,313
2019-05-12 07:49:44.465,0.5,sell,7523.6,BTC-31MAY19-5750-P,97.02,0.0105,0.5,3,1557647384465,19840688,314
2019-05-12 08:22:54.145,0.3,buy,7246.33,BTC-31MAY19-5750-P,97.04,0.015,0.3,0,1557649374145,19858131,315
2019-05-12 09:22:47.877,1.0,sell,7508.14,BTC-31MAY19-5750-P,95.29,0.01,1.0,2,1557652967877,19874836,316
2019-05-12 10:29:23.759,0.5,buy,7367.03,BTC-31MAY19-5750-P,98.78,0.0135,0.5,0,1557656963759,19906031,317
2019-05-12 10:30:30.318,0.5,buy,7348.54,BTC-31MAY19-5750-P,100.32,0.0145,0.5,0,1557657030318,19906533,318
2019-05-12 13:07:35.899,0.4,sell,7174.94,BTC-31MAY19-5750-P,92.44,0.013999999999999999,0.4,2,1557666455899,19970867,319
2019-05-12 13:13:17.851,0.1,sell,7215.32,BTC-31MAY19-5750-P,94.11,0.013999999999999999,0.1,3,1557666797851,19972245,320
2019-05-12 15:44:31.191,0.4,sell,6796.44,BTC-31MAY19-5750-P,84.61,0.0185,0.4,0,1557675871191,20013139,321
2019-05-12 15:45:05.211,1.0,sell,6816.75,BTC-31MAY19-5750-P,85.58,0.0185,1.0,1,1557675905211,20013414,322
2019-05-12 16:40:12.802,5.1000000000000005,sell,6893.9,BTC-31MAY19-5750-P,82.73,0.015,5.1000000000000005,2,1557679212802,20029384,323
2019-05-12 22:19:43.641,10.0,buy,7030.13,BTC-31MAY19-5750-P,90.34,0.0155,10.0,0,1557699583641,20090650,324
2019-05-12 22:26:38.003,0.1,buy,6960.75,BTC-31MAY19-5750-P,88.25,0.016,0.1,0,1557699998003,20092725,325
2019-05-12 23:03:04.786,0.4,sell,6944.45,BTC-31MAY19-5750-P,87.58,0.016,0.4,1,1557702184786,20101831,326
2019-05-13 03:13:59.628,1.5,sell,7056.82,BTC-31MAY19-5750-P,85.63,0.0125,1.5,3,1557717239628,20125673,328
2019-05-13 03:13:59.628,0.5,sell,7056.82,BTC-31MAY19-5750-P,85.63,0.0125,0.5,2,1557717239628,20125672,327
2019-05-13 04:06:53.973,70.0,sell,7013.75,BTC-31MAY19-5750-P,83.89,0.0125,70.0,3,1557720413973,20127846,329
2019-05-13 11:16:49.148,0.2,buy,7105.15,BTC-31MAY19-5750-P,91.81,0.013999999999999999,0.2,0,1557746209148,20154963,330
2019-05-13 11:25:38.081,0.1,sell,7150.3,BTC-31MAY19-5750-P,91.52,0.013000000000000001,0.1,2,1557746738081,20156216,331
2019-05-13 15:11:43.260,1.0,sell,7745.87,BTC-31MAY19-5750-P,104.24,0.009000000000000001,1.0,2,1557760303260,20213643,332
2019-05-13 16:05:20.052,1.0,sell,7890.44,BTC-31MAY19-5750-P,106.07,0.008,1.0,2,1557763520052,20250344,333
2019-05-13 16:41:02.334,1.0,sell,7898.23,BTC-31MAY19-5750-P,106.41,0.008,1.0,3,1557765662334,20263866,334
2019-05-13 17:10:57.981,0.1,buy,7906.13,BTC-31MAY19-5750-P,110.03,0.009000000000000001,0.1,0,1557767457981,20273926,335
2019-05-13 17:29:36.677,4.3,sell,7842.94,BTC-31MAY19-5750-P,107.9,0.009000000000000001,4.3,1,1557768576677,20280498,336
2019-05-13 21:44:28.976,20.0,sell,8119.78,BTC-31MAY19-5750-P,104.66,0.0055,20.0,2,1557783868976,20327625,337
2019-05-13 21:44:28.976,0.5,sell,8119.78,BTC-31MAY19-5750-P,104.66,0.0055,0.5,3,1557783868976,20327626,338
2019-05-13 21:44:28.976,50.4,sell,8119.78,BTC-31MAY19-5750-P,104.66,0.0055,50.4,3,1557783868976,20327627,339
2019-05-13 22:17:55.554,1.0,buy,8098.09,BTC-31MAY19-5750-P,108.16,0.0065,1.0,0,1557785875554,20334527,340
2019-05-13 23:54:19.592,5.0,buy,7846.13,BTC-31MAY19-5750-P,110.42,0.0095,5.0,0,1557791659592,20370027,341
2019-05-14 08:31:29.490,0.1,buy,8212.84,BTC-31MAY19-5750-P,120.74,0.0085,0.1,2,1557822689490,20469654,342
2019-05-14 08:34:14.910,0.2,buy,8228.54,BTC-31MAY19-5750-P,119.44,0.008,0.2,2,1557822854910,20470010,343
2019-05-14 08:57:28.574,1.0,sell,8008.76,BTC-31MAY19-5750-P,117.34,0.0095,1.0,0,1557824248574,20480757,344
2019-05-14 10:17:00.044,1.0,buy,7973.38,BTC-31MAY19-5750-P,111.25,0.008,1.0,2,1557829020044,20498700,345
2019-05-14 13:31:49.450,1.0,sell,8138.93,BTC-31MAY19-5750-P,117.24,0.008,1.0,3,1557840709450,20522445,346
2019-05-14 18:44:58.558,2.2,buy,7886.86,BTC-31MAY19-5750-P,105.86,0.006999999999999999,2.2,2,1557859498558,20585801,347
2019-05-16 21:22:58.802,2.0,sell,7853.52,BTC-31MAY19-5750-P,108.04,0.006,2.0,2,1558041778802,20985653,348
2019-05-16 21:25:04.126,0.1,sell,7837.9,BTC-31MAY19-5750-P,107.49,0.006,0.1,3,1558041904126,20985753,349
2019-05-16 21:46:51.664,1.6,sell,7907.08,BTC-31MAY19-5750-P,109.99,0.006,1.6,3,1558043211664,20989129,350
2019-05-16 21:53:38.883,21.3,sell,7950.14,BTC-31MAY19-5750-P,111.52,0.006,21.3,3,1558043618883,20990059,351
2019-05-17 03:08:19.886,1.0,sell,6969.9,BTC-31MAY19-5750-P,105.32,0.018000000000000002,1.0,0,1558062499886,21044694,352
2019-05-17 03:08:42.476,1.0,sell,6948.96,BTC-31MAY19-5750-P,106.34,0.019,1.0,0,1558062522476,21045296,353
2019-05-17 03:08:55.691,1.0,sell,6914.1,BTC-31MAY19-5750-P,105.52,0.0195,1.0,0,1558062535691,21045670,354
2019-05-17 03:09:03.800,1.0,sell,6883.12,BTC-31MAY19-5750-P,105.87,0.0205,1.0,0,1558062543800,21045970,355
2019-05-17 03:09:04.558,1.0,sell,6886.96,BTC-31MAY19-5750-P,106.08,0.0205,1.0,1,1558062544558,21045999,356
2019-05-17 03:09:09.940,1.0,sell,6847.77,BTC-31MAY19-5750-P,104.91,0.021,1.0,0,1558062549940,21046333,357
2019-05-17 03:09:10.703,1.0,sell,6848.4,BTC-31MAY19-5750-P,105.94,0.0215,1.0,0,1558062550703,21046396,358
2019-05-17 03:09:13.784,1.0,sell,6813.81,BTC-31MAY19-5750-P,105.93,0.0225,1.0,0,1558062553784,21046617,359
2019-05-17 03:48:49.217,2.0,buy,7294.36,BTC-31MAY19-5750-P,101.07,0.01,2.0,2,1558064929217,21084230,360
2019-05-17 05:48:40.665,0.2,buy,7234.87,BTC-31MAY19-5750-P,98.76,0.01,0.2,3,1558072120665,21114553,361
2019-05-17 05:59:08.446,1.0,buy,7130.25,BTC-31MAY19-5750-P,98.21,0.0115,1.0,0,1558072748446,21116740,362
2019-05-17 06:01:37.654,4.9,buy,7103.05,BTC-31MAY19-5750-P,98.26,0.012,4.9,0,1558072897654,21117639,363
2019-05-17 08:55:00.942,0.1,buy,7286.32,BTC-31MAY19-5750-P,107.17,0.012,0.1,1,1558083300942,21135109,364
2019-05-17 08:58:37.205,10.4,buy,7289.78,BTC-31MAY19-5750-P,110.05,0.013000000000000001,10.4,1,1558083517205,21135308,366
2019-05-17 08:58:37.205,5.0,buy,7289.78,BTC-31MAY19-5750-P,110.05,0.013000000000000001,5.0,0,1558083517205,21135307,365
2019-05-17 09:44:58.324,20.0,buy,7292.59,BTC-31MAY19-5750-P,111.63,0.0135,20.0,0,1558086298324,21138724,367
2019-05-17 09:45:57.351,0.2,buy,7304.04,BTC-31MAY19-5750-P,113.47,0.013999999999999999,0.2,0,1558086357351,21138876,368
2019-05-17 09:45:57.351,20.0,buy,7304.04,BTC-31MAY19-5750-P,113.47,0.013999999999999999,20.0,1,1558086357351,21138877,369
2019-05-17 09:45:57.353,11.7,sell,7304.04,BTC-31MAY19-5750-P,113.47,0.013999999999999999,11.7,1,1558086357353,21138878,370
2019-05-17 12:17:47.579,0.2,buy,7035.14,BTC-31MAY19-5750-P,110.21,0.018000000000000002,0.2,0,1558095467579,21162122,371
2019-05-17 16:20:43.433,1.0,buy,7152.99,BTC-31MAY19-5750-P,108.62,0.0145,1.0,2,1558110043433,21196049,372
2019-05-17 20:09:47.469,20.0,sell,7109.2,BTC-31MAY19-5750-P,105.84,0.013999999999999999,20.0,2,1558123787469,21228040,373
2019-05-17 20:31:46.810,0.1,sell,7069.16,BTC-31MAY19-5750-P,102.66,0.0135,0.1,2,1558125106810,21229521,374
2019-05-18 02:10:54.607,3.0,sell,7311.33,BTC-31MAY19-5750-P,111.21,0.012,3.0,2,1558145454607,21260430,375
2019-05-18 04:36:27.067,1.0,sell,7335.13,BTC-31MAY19-5750-P,106.8,0.01,1.0,2,1558154187067,21267441,376
2019-05-18 09:45:41.956,0.3,sell,7262.09,BTC-31MAY19-5750-P,107.35,0.011000000000000001,0.3,0,1558172741956,21291274,377
2019-05-19 04:11:53.812,0.2,buy,7930.23,BTC-31MAY19-5750-P,127.37,0.0075,0.2,2,1558239113812,21367077,378
2019-05-19 18:53:47.132,1.0,buy,7986.03,BTC-31MAY19-5750-P,112.11,0.0035,1.0,2,1558292027132,21443355,379
2019-05-20 14:03:05.698,1.0,buy,7763.79,BTC-31MAY19-5750-P,110.92,0.004,1.0,0,1558360985698,21590771,380
2019-05-20 14:08:37.615,0.1,buy,7764.2,BTC-31MAY19-5750-P,113.83,0.0045,0.1,0,1558361317615,21591499,381
2019-05-20 15:31:54.935,3.0,sell,7782.57,BTC-31MAY19-5750-P,101.89,0.0025,3.0,2,1558366314935,21597654,382
2019-05-21 08:10:17.298,100.0,sell,7954.89,BTC-31MAY19-5750-P,111.75,0.0025,100.0,3,1558426217298,21676478,383
2019-05-21 09:39:45.016,1.0,sell,7969.86,BTC-31MAY19-5750-P,108.16,0.002,1.0,2,1558431585016,21680400,384
2019-05-21 13:33:35.068,0.1,buy,7897.57,BTC-31MAY19-5750-P,101.31,0.0015,0.1,2,1558445615068,21696791,385
2019-05-21 15:46:15.356,0.9,buy,7921.02,BTC-31MAY19-5750-P,102.61,0.0015,0.9,3,1558453575356,21705493,386
2019-05-22 03:18:54.865,0.5,sell,7953.61,BTC-31MAY19-5750-P,99.77,0.001,0.5,2,1558495134865,21743083,387
2019-05-22 14:55:13.544,50.0,sell,7869.94,BTC-31MAY19-5750-P,106.26,0.0015,50.0,0,1558536913544,21777298,388
2019-05-22 21:14:25.314,0.1,buy,7805.51,BTC-31MAY19-5750-P,110.87,0.002,0.1,0,1558559665314,21820216,389
2019-05-23 07:03:38.172,1.0,buy,7643.3,BTC-31MAY19-5750-P,111.57,0.0025,1.0,0,1558595018172,21876263,390
2019-05-23 07:04:08.520,100.0,sell,7636.72,BTC-31MAY19-5750-P,106.74,0.002,100.0,2,1558595048520,21876291,391
2019-05-23 09:34:36.858,1.0,buy,7546.11,BTC-31MAY19-5750-P,108.07,0.0025,1.0,0,1558604076858,21887994,392
2019-05-24 08:17:01.808,0.2,sell,7930.41,BTC-31MAY19-5750-P,113.55,0.001,0.2,2,1558685821808,21970274,393
2019-05-24 08:23:06.587,0.1,sell,7978.98,BTC-31MAY19-5750-P,115.46,0.001,0.1,3,1558686186587,21972269,394
2019-05-24 08:23:26.596,2.0,sell,7982.0,BTC-31MAY19-5750-P,115.58,0.001,2.0,3,1558686206596,21972286,395
2019-05-24 08:26:44.918,2.0,sell,7996.44,BTC-31MAY19-5750-P,116.16,0.001,2.0,3,1558686404918,21972657,396
2019-05-24 08:27:02.760,5.2,sell,7989.95,BTC-31MAY19-5750-P,115.91,0.001,5.2,3,1558686422760,21972786,397
2019-05-24 10:12:06.459,0.1,sell,8006.74,BTC-31MAY19-5750-P,106.22,0.0005,0.1,2,1558692726459,21978730,398
2019-05-25 11:26:06.929,1.0,sell,8130.07,BTC-31MAY19-5750-P,120.09,0.0005,1.0,3,1558783566929,22051742,399
2019-05-25 11:26:06.929,3.0,sell,8130.07,BTC-31MAY19-5750-P,120.09,0.0005,3.0,3,1558783566929,22051743,400
2019-05-25 20:05:24.853,0.3,buy,8042.32,BTC-31MAY19-5750-P,132.89,0.001,0.3,0,1558814724853,22072185,401
2019-05-26 02:43:25.862,0.7000000000000001,buy,8047.51,BTC-31MAY19-5750-P,136.6,0.001,0.7000000000000001,1,1558838605862,22081324,402
2019-05-26 02:43:25.862,0.3,buy,8047.51,BTC-31MAY19-5750-P,136.6,0.001,0.3,1,1558838605862,22081325,403
2019-05-26 13:29:18.137,5.0,buy,7961.18,BTC-31MAY19-5750-P,138.86,0.001,5.0,1,1558877358137,22103452,404
2019-05-27 00:17:05.263,1.0,buy,8837.33,BTC-31MAY19-5750-P,169.65,0.0005,1.0,2,1558916225263,22239633,405
