date_utc,amount,direction,indexPrice,instrument,iv,price,quantity,tickDirection,timeStamp,tradeId,tradeSeq
2019-02-14 00:11:08.608,1.0,buy,3577.86,BTC-28JUN19-3000-P,60.95,0.073,1.0,0,1550103068608,15349967,277
2019-02-14 00:52:39.867,0.1,buy,3583.89,BTC-28JUN19-3000-P,61.21,0.073,0.1,1,1550105559867,15351105,278
2019-02-14 16:02:37.392,0.2,sell,3575.29,BTC-28JUN19-3000-P,60.87,0.0725,0.2,2,1550160157392,15370451,279
2019-02-14 16:53:13.909,25.0,sell,3567.13,BTC-28JUN19-3000-P,59.32,0.0705,25.0,2,1550163193909,15371318,280
2019-02-14 16:53:13.909,3.5,sell,3567.13,BTC-28JUN19-3000-P,59.32,0.0705,3.5,3,1550163193909,15371319,281
2019-02-14 16:53:13.909,11.5,sell,3567.13,BTC-28JUN19-3000-P,59.32,0.0705,11.5,3,1550163193909,15371320,282
2019-02-14 17:39:27.609,11.0,sell,3572.38,BTC-28JUN19-3000-P,59.15,0.0695,11.0,2,1550165967609,15371768,283
2019-02-14 17:48:34.939,3.0,sell,3574.72,BTC-28JUN19-3000-P,59.61,0.07,3.0,0,1550166514939,15372000,284
2019-02-14 17:49:51.706,5.0,sell,3574.61,BTC-28JUN19-3000-P,58.83,0.0685,5.0,2,1550166591706,15372020,285
2019-02-14 17:49:52.795,5.0,sell,3574.61,BTC-28JUN19-3000-P,58.83,0.0685,5.0,3,1550166592795,15372022,286
2019-02-14 17:49:54.026,5.0,sell,3574.61,BTC-28JUN19-3000-P,58.83,0.0685,5.0,3,1550166594026,15372023,287
2019-02-14 17:49:59.348,2.0,sell,3575.26,BTC-28JUN19-3000-P,58.61,0.068,2.0,2,1550166599348,15372034,289
2019-02-14 17:49:59.348,3.0,sell,3575.26,BTC-28JUN19-3000-P,58.86,0.0685,3.0,3,1550166599348,15372033,288
2019-02-14 17:50:00.587,5.0,sell,3574.97,BTC-28JUN19-3000-P,58.6,0.068,5.0,3,1550166600587,15372037,290
2019-02-14 17:50:04.155,5.0,sell,3575.31,BTC-28JUN19-3000-P,58.86,0.0685,5.0,0,1550166604155,15372039,291
2019-02-14 17:50:05.782,5.0,sell,3575.11,BTC-28JUN19-3000-P,58.35,0.0675,5.0,2,1550166605782,15372040,292
2019-02-14 17:50:12.643,5.0,sell,3574.91,BTC-28JUN19-3000-P,58.35,0.0675,5.0,3,1550166612643,15372042,293
2019-02-15 13:49:34.940,1.0,buy,3582.82,BTC-28JUN19-3000-P,59.75,0.069,1.0,0,1550238574940,15387726,294
2019-02-15 14:23:01.963,5.0,buy,3569.76,BTC-28JUN19-3000-P,59.2,0.069,5.0,1,1550240581963,15392052,295
2019-02-16 12:16:04.638,2.0,sell,3592.41,BTC-28JUN19-3000-P,57.46,0.062,2.0,3,1550319364638,15412574,297
2019-02-16 12:16:04.638,3.6,sell,3592.41,BTC-28JUN19-3000-P,57.46,0.062,3.6,2,1550319364638,15412573,296
2019-02-16 12:16:04.638,6.4,sell,3592.41,BTC-28JUN19-3000-P,57.2,0.0615,6.4,2,1550319364638,15412575,298
2019-02-16 12:16:07.825,5.0,buy,3592.41,BTC-28JUN19-3000-P,59.54,0.066,5.0,0,1550319367825,15412579,299
2019-02-16 12:16:20.989,12.0,sell,3592.43,BTC-28JUN19-3000-P,57.5,0.062,12.0,2,1550319380989,15412629,300
2019-02-16 22:42:21.449,1.6,buy,3591.68,BTC-28JUN19-3000-P,59.8,0.0665,1.6,0,1550356941449,15423480,301
2019-02-17 10:17:57.024,12.0,sell,3602.89,BTC-28JUN19-3000-P,58.29,0.0625,12.0,2,1550398677024,15430004,302
2019-02-17 17:13:40.014,12.0,sell,3573.26,BTC-28JUN19-3000-P,58.18,0.065,12.0,1,1550423620014,15450700,304
2019-02-17 17:13:40.014,3.0,sell,3573.26,BTC-28JUN19-3000-P,58.18,0.065,3.0,0,1550423620014,15450699,303
2019-02-18 03:09:12.621,2.0,sell,3689.79,BTC-28JUN19-3000-P,58.54,0.055,2.0,2,1550459352621,15486432,305
2019-02-18 03:09:25.735,1.0,sell,3690.63,BTC-28JUN19-3000-P,58.63,0.055,1.0,3,1550459365735,15486465,306
2019-02-18 03:59:57.654,1.0,buy,3685.29,BTC-28JUN19-3000-P,60.36,0.059,1.0,0,1550462397654,15489134,307
2019-02-18 04:01:17.045,1.0,sell,3688.99,BTC-28JUN19-3000-P,60.24,0.0585,1.0,2,1550462477045,15489191,308
2019-02-18 07:27:38.893,10.0,buy,3715.06,BTC-28JUN19-3000-P,60.12,0.056,10.0,2,1550474858893,15501553,309
2019-02-18 12:17:50.615,2.0,sell,3700.54,BTC-28JUN19-3000-P,58.79,0.0545,2.0,2,1550492270615,15515095,310
2019-02-18 16:07:21.910,3.4,sell,3826.82,BTC-28JUN19-3000-P,57.96,0.044,3.4,2,1550506041910,15548421,313
2019-02-18 16:07:21.910,3.0,sell,3826.82,BTC-28JUN19-3000-P,58.57,0.045,3.0,2,1550506041910,15548419,311
2019-02-18 16:07:21.910,12.0,sell,3826.82,BTC-28JUN19-3000-P,58.27,0.0445,12.0,2,1550506041910,15548420,312
2019-02-18 16:15:33.707,10.8,sell,3826.39,BTC-28JUN19-3000-P,57.32,0.043,10.8,2,1550506533707,15549719,314
2019-02-18 16:15:33.707,12.0,sell,3826.39,BTC-28JUN19-3000-P,57.02,0.0425,12.0,2,1550506533707,15549721,316
2019-02-18 16:15:33.707,5.0,sell,3826.39,BTC-28JUN19-3000-P,57.32,0.043,5.0,3,1550506533707,15549720,315
2019-02-18 16:17:08.237,10.8,sell,3823.17,BTC-28JUN19-3000-P,56.9,0.0425,10.8,3,1550506628237,15549932,318
2019-02-18 16:17:08.237,12.0,sell,3823.17,BTC-28JUN19-3000-P,56.9,0.0425,12.0,3,1550506628237,15549931,317
2019-02-18 16:18:38.407,3.1,sell,3830.32,BTC-28JUN19-3000-P,56.29,0.041,3.1,2,1550506718407,15550123,319
2019-02-18 16:18:38.407,12.0,sell,3830.32,BTC-28JUN19-3000-P,56.29,0.041,12.0,3,1550506718407,15550124,320
2019-02-18 16:18:38.409,0.2,buy,3830.32,BTC-28JUN19-3000-P,56.29,0.041,0.2,3,1550506718409,15550125,321
2019-02-18 16:23:48.285,5.0,sell,3856.25,BTC-28JUN19-3000-P,56.84,0.0405,5.0,2,1550507028285,15551354,322
2019-02-18 16:23:48.287,10.7,buy,3856.25,BTC-28JUN19-3000-P,56.21,0.0395,10.7,2,1550507028287,15551355,323
2019-02-18 16:25:16.399,3.1,buy,3852.68,BTC-28JUN19-3000-P,57.57,0.0415,3.1,0,1550507116399,15552323,324
2019-02-18 23:30:36.158,5.0,buy,3861.01,BTC-28JUN19-3000-P,60.81,0.0455,5.0,0,1550532636158,15586280,325
2019-02-19 00:23:14.762,5.0,buy,3899.66,BTC-28JUN19-3000-P,61.18,0.0435,5.0,2,1550535794762,15589958,326
2019-02-19 00:50:26.392,5.0,buy,3921.12,BTC-28JUN19-3000-P,62.31,0.044,5.0,0,1550537426392,15596185,327
2019-02-19 02:03:37.370,1.0,sell,3873.12,BTC-28JUN19-3000-P,62.94,0.0475,1.0,0,1550541817370,15604469,328
2019-02-19 09:59:14.880,10.0,buy,3863.85,BTC-28JUN19-3000-P,62.37,0.047,10.0,2,1550570354880,15617965,329
2019-02-19 13:08:35.394,10.0,buy,3892.87,BTC-28JUN19-3000-P,62.21,0.045,10.0,2,1550581715394,15623950,330
2019-02-19 13:10:32.922,10.0,buy,3889.33,BTC-28JUN19-3000-P,62.12,0.045,10.0,3,1550581832922,15624040,331
2019-02-19 13:10:53.642,10.0,buy,3889.33,BTC-28JUN19-3000-P,62.12,0.045,10.0,3,1550581853642,15624047,332
2019-02-19 13:11:03.838,8.0,buy,3889.64,BTC-28JUN19-3000-P,62.12,0.045,8.0,3,1550581863838,15624057,333
2019-02-19 13:22:48.932,10.0,buy,3917.91,BTC-28JUN19-3000-P,62.49,0.044,10.0,2,1550582568932,15626038,334
2019-02-19 14:04:42.126,0.1,buy,3965.23,BTC-28JUN19-3000-P,63.05,0.0425,0.1,2,1550585082126,15638279,335
2019-02-19 14:52:56.580,5.0,buy,3935.3,BTC-28JUN19-3000-P,62.74,0.044,5.0,0,1550587976580,15645527,336
2019-02-19 21:52:21.058,2.0,buy,3906.81,BTC-28JUN19-3000-P,62.42,0.045,2.0,0,1550613141058,15663635,337
2019-02-20 10:27:17.106,1.0,sell,3940.3,BTC-28JUN19-3000-P,62.28,0.0425,1.0,2,1550658437106,15686543,338
2019-02-20 11:46:33.179,11.0,sell,3927.1,BTC-28JUN19-3000-P,60.31,0.04,11.0,2,1550663193179,15690881,339
2019-02-20 19:58:15.971,1.0,sell,3924.0,BTC-28JUN19-3000-P,60.08,0.04,1.0,3,1550692695971,15709486,340
2019-02-20 19:58:15.971,3.4,sell,3924.0,BTC-28JUN19-3000-P,57.76,0.0365,3.4,2,1550692695971,15709490,344
2019-02-20 19:58:15.971,5.0,sell,3924.0,BTC-28JUN19-3000-P,58.43,0.0375,5.0,2,1550692695971,15709489,343
2019-02-20 19:58:15.971,3.6,sell,3924.0,BTC-28JUN19-3000-P,59.09,0.0385,3.6,3,1550692695971,15709488,342
2019-02-20 19:58:15.971,2.0,sell,3924.0,BTC-28JUN19-3000-P,59.09,0.0385,2.0,2,1550692695971,15709487,341
2019-02-20 19:58:21.992,11.7,buy,3924.21,BTC-28JUN19-3000-P,58.1,0.037000000000000005,11.7,0,1550692701992,15709520,345
2019-02-21 09:04:00.788,5.0,buy,3892.97,BTC-28JUN19-3000-P,61.87,0.044000000000000004,5.0,0,1550739840788,15734528,346
2019-02-21 11:02:36.673,10.0,sell,3897.46,BTC-28JUN19-3000-P,61.57,0.043,10.0,2,1550746956673,15739310,347
2019-02-21 11:14:15.668,1.0,buy,3886.41,BTC-28JUN19-3000-P,62.09,0.0445,1.0,0,1550747655668,15739575,348
2019-02-21 11:39:44.078,10.0,sell,3891.43,BTC-28JUN19-3000-P,61.48,0.043,10.0,2,1550749184078,15741483,349
2019-02-21 14:58:04.829,2.0,buy,3900.55,BTC-28JUN19-3000-P,61.97,0.0435,2.0,0,1550761084829,15745446,350
2019-02-21 15:07:32.413,0.5,buy,3896.25,BTC-28JUN19-3000-P,62.47,0.0445,0.5,0,1550761652413,15745578,351
2019-02-21 15:08:03.557,1.0,buy,3895.91,BTC-28JUN19-3000-P,62.46,0.0445,1.0,1,1550761683557,15745586,352
2019-02-21 16:04:40.309,5.0,sell,3896.34,BTC-28JUN19-3000-P,61.61,0.043,5.0,2,1550765080309,15746314,353
2019-02-21 16:15:18.932,3.6,buy,3885.98,BTC-28JUN19-3000-P,61.51,0.0435,3.6,0,1550765718932,15746616,354
2019-02-22 00:09:15.254,4.0,sell,3898.6,BTC-28JUN19-3000-P,61.4,0.0425,4.0,2,1550794155254,15752157,355
2019-02-22 00:39:41.902,4.0,sell,3904.26,BTC-28JUN19-3000-P,61.27,0.042,4.0,2,1550795981902,15752654,356
2019-02-22 13:58:13.473,3.0,buy,3950.03,BTC-28JUN19-3000-P,62.16,0.0405,3.0,2,1550843893473,15775631,357
2019-02-22 17:36:13.192,18.2,sell,3925.68,BTC-28JUN19-3000-P,60.8,0.04,18.2,3,1550856973192,15784788,359
2019-02-22 17:36:13.192,0.1,sell,3925.68,BTC-28JUN19-3000-P,60.8,0.04,0.1,2,1550856973192,15784787,358
2019-02-22 17:36:13.192,11.7,sell,3925.68,BTC-28JUN19-3000-P,60.14,0.039,11.7,2,1550856973192,15784789,360
2019-02-22 18:24:25.337,3.0,buy,3940.54,BTC-28JUN19-3000-P,62.28,0.0415,3.0,1,1550859865337,15785806,362
2019-02-22 18:24:25.337,12.0,buy,3940.54,BTC-28JUN19-3000-P,62.28,0.0415,12.0,0,1550859865337,15785805,361
2019-02-23 03:39:35.839,10.0,sell,3937.7,BTC-28JUN19-3000-P,61.11,0.04,10.0,2,1550893175839,15793242,363
2019-02-23 03:39:47.531,10.0,sell,3937.89,BTC-28JUN19-3000-P,61.12,0.04,10.0,3,1550893187531,15793243,364
2019-02-24 03:32:38.778,1.0,sell,4180.19,BTC-28JUN19-3000-P,64.03,0.033,1.0,2,1550979158778,15863888,365
2019-02-24 08:50:18.719,2.0,sell,4137.97,BTC-28JUN19-3000-P,63.26,0.033,2.0,3,1550998218719,15872625,366
2019-02-24 14:04:00.103,5.0,buy,4038.43,BTC-28JUN19-3000-P,63.17,0.0365,5.0,0,1551017040103,15885987,367
2019-02-24 14:04:42.314,5.0,buy,4014.33,BTC-28JUN19-3000-P,62.16,0.0365,5.0,1,1551017082314,15887250,368
2019-02-24 18:06:42.035,0.4,sell,3759.59,BTC-28JUN19-3000-P,61.26,0.0535,0.4,2,1551031602035,15952987,370
2019-02-24 18:06:42.035,4.0,sell,3759.59,BTC-28JUN19-3000-P,62.71,0.056,4.0,0,1551031602035,15952986,369
2019-02-25 07:09:02.005,7.5,buy,3772.33,BTC-28JUN19-3000-P,63.23,0.0545,7.5,0,1551078542005,15978816,371
2019-02-25 12:47:45.437,4.0,sell,3786.04,BTC-28JUN19-3000-P,61.34,0.0505,4.0,2,1551098865437,15987834,372
2019-02-26 02:06:22.391,10.0,sell,3819.27,BTC-28JUN19-3000-P,62.88,0.0505,10.0,3,1551146782391,16014317,373
2019-02-26 05:06:15.637,0.1,buy,3789.89,BTC-28JUN19-3000-P,62.43,0.052000000000000005,0.1,0,1551157575637,16016765,374
2019-02-26 05:58:26.334,0.2,buy,3790.54,BTC-28JUN19-3000-P,63.17,0.053,0.2,0,1551160706334,16020059,375
2019-02-26 08:51:49.469,10.0,buy,3788.1,BTC-28JUN19-3000-P,63.26,0.053,10.0,1,1551171109469,16024854,376
2019-02-26 11:28:38.306,8.0,sell,3797.01,BTC-28JUN19-3000-P,62.38,0.051,8.0,2,1551180518306,16028206,377
2019-02-26 15:40:45.014,10.0,sell,3815.82,BTC-28JUN19-3000-P,61.95,0.0495,10.0,3,1551195645014,16034799,379
2019-02-26 15:40:45.014,0.1,sell,3815.82,BTC-28JUN19-3000-P,61.95,0.0495,0.1,2,1551195645014,16034798,378
2019-02-26 21:41:56.772,1.0,buy,3797.72,BTC-28JUN19-3000-P,62.83,0.0515,1.0,0,1551217316772,16042363,380
2019-02-26 23:27:57.371,2.0,sell,3794.61,BTC-28JUN19-3000-P,61.69,0.05,2.0,2,1551223677371,16043931,381
2019-02-26 23:27:57.371,10.0,sell,3794.61,BTC-28JUN19-3000-P,61.69,0.05,10.0,3,1551223677371,16043932,382
2019-02-26 23:28:05.024,10.0,sell,3794.61,BTC-28JUN19-3000-P,61.39,0.0495,10.0,2,1551223685024,16043935,383
2019-02-27 20:32:52.893,3.6,buy,3769.78,BTC-28JUN19-3000-P,61.63,0.051,3.6,0,1551299572893,16065601,384
2019-02-27 20:34:06.669,10.0,buy,3737.7,BTC-28JUN19-3000-P,62.02,0.0535,10.0,0,1551299646669,16066954,385
2019-02-28 17:12:28.856,10.0,buy,3798.39,BTC-28JUN19-3000-P,62.85,0.0505,10.0,2,1551373948856,16129666,386
2019-03-01 11:32:03.654,1.0,sell,3810.38,BTC-28JUN19-3000-P,61.71,0.0475,1.0,2,1551439923654,16149043,387
2019-03-01 12:58:11.756,4.5,buy,3809.4,BTC-28JUN19-3000-P,61.81,0.0475,4.5,3,1551445091756,16149761,388
2019-03-01 15:33:34.882,1.0,sell,3816.04,BTC-28JUN19-3000-P,60.44,0.045,1.0,2,1551454414882,16151479,389
2019-03-01 17:08:17.342,10.0,sell,3829.13,BTC-28JUN19-3000-P,61.65,0.046,10.0,0,1551460097342,16153148,390
2019-03-01 17:40:38.127,10.0,buy,3839.76,BTC-28JUN19-3000-P,61.72,0.0455,10.0,2,1551462038127,16153987,391
2019-03-01 18:32:20.894,3.6,buy,3830.88,BTC-28JUN19-3000-P,61.55,0.0455,3.6,3,1551465140894,16155166,392
2019-03-01 20:59:34.374,1.6,buy,3829.1,BTC-28JUN19-3000-P,61.84,0.046,1.6,0,1551473974374,16156116,393
2019-03-01 22:12:35.814,3.6,sell,3832.8,BTC-28JUN19-3000-P,60.04,0.043,3.6,2,1551478355814,16157346,394
2019-03-01 22:12:35.814,6.4,sell,3832.8,BTC-28JUN19-3000-P,59.72,0.0425,6.4,2,1551478355814,16157347,395
2019-03-02 04:45:36.005,1.0,sell,3795.33,BTC-28JUN19-3000-P,61.03,0.0475,1.0,0,1551501936005,16164948,396
2019-03-04 02:55:15.250,5.0,buy,3793.17,BTC-28JUN19-3000-P,61.43,0.047,5.0,2,1551668115250,16203795,397
2019-03-04 04:48:23.534,5.0,sell,3745.87,BTC-28JUN19-3000-P,62.52,0.052000000000000005,5.0,0,1551674903534,16211606,398
2019-03-04 10:31:53.314,1.0,sell,3692.76,BTC-28JUN19-3000-P,60.84,0.053,1.0,0,1551695513314,16228542,399
2019-03-04 12:21:57.022,3.0,buy,3705.09,BTC-28JUN19-3000-P,60.9,0.052000000000000005,3.0,2,1551702117022,16234927,400
2019-03-04 13:53:30.256,1.0,buy,3708.77,BTC-28JUN19-3000-P,62.09,0.054000000000000006,1.0,0,1551707610256,16236729,401
2019-03-04 15:32:52.929,2.0,sell,3706.58,BTC-28JUN19-3000-P,61.89,0.0535,2.0,2,1551713572929,16238429,402
2019-03-04 19:27:05.357,0.2,sell,3700.88,BTC-28JUN19-3000-P,60.69,0.052000000000000005,0.2,2,1551727625357,16242524,403
2019-03-04 22:20:17.585,0.2,sell,3704.14,BTC-28JUN19-3000-P,60.9,0.052000000000000005,0.2,3,1551738017585,16244518,404
2019-03-05 06:22:50.469,3.0,buy,3709.44,BTC-28JUN19-3000-P,61.22,0.0515,3.0,2,1551766970469,16250004,405
2019-03-05 13:15:09.036,3.0,buy,3776.68,BTC-28JUN19-3000-P,61.13,0.0465,3.0,2,1551791709036,16259875,406
2019-03-05 13:15:09.743,3.0,sell,3776.64,BTC-28JUN19-3000-P,61.13,0.0465,3.0,3,1551791709743,16259878,407
2019-03-05 13:16:13.456,10.0,sell,3755.41,BTC-28JUN19-3000-P,61.24,0.048,10.0,0,1551791773456,16260573,408
2019-03-06 08:48:05.483,8.0,buy,3831.44,BTC-28JUN19-3000-P,62.64,0.0445,8.0,2,1551862085483,16309098,409
2019-03-06 10:45:13.662,8.0,sell,3878.64,BTC-28JUN19-3000-P,62.53,0.0415,8.0,2,1551869113662,16313184,410
2019-03-06 10:45:20.325,0.2,sell,3886.18,BTC-28JUN19-3000-P,62.77,0.0415,0.2,3,1551869120325,16313459,411
2019-03-07 05:56:28.929,2.0,sell,3866.36,BTC-28JUN19-3000-P,60.9,0.0395,2.0,2,1551938188929,16342317,412
2019-03-07 14:19:38.721,0.2,sell,3849.62,BTC-28JUN19-3000-P,59.81,0.0385,0.2,2,1551968378721,16353221,413
2019-03-07 17:50:44.288,1.0,buy,3860.26,BTC-28JUN19-3000-P,59.91,0.038,1.0,2,1551981044288,16360239,414
2019-03-07 23:48:44.014,2.0,sell,3852.95,BTC-28JUN19-3000-P,59.45,0.0375,2.0,2,1552002524014,16364119,415
2019-03-07 23:51:19.993,5.0,sell,3855.39,BTC-28JUN19-3000-P,59.17,0.037000000000000005,5.0,3,1552002679993,16364174,417
2019-03-07 23:51:19.993,7.0,sell,3855.39,BTC-28JUN19-3000-P,59.17,0.037000000000000005,7.0,2,1552002679993,16364173,416
2019-03-08 16:16:00.487,1.0,sell,3887.82,BTC-28JUN19-3000-P,59.07,0.0355,1.0,2,1552061760487,16389033,418
2019-03-08 16:42:59.736,1.0,sell,3882.08,BTC-28JUN19-3000-P,58.57,0.035,1.0,2,1552063379736,16389859,419
2019-03-08 17:29:31.427,1.0,sell,3889.04,BTC-28JUN19-3000-P,58.47,0.0345,1.0,2,1552066171427,16390168,420
2019-03-08 17:30:24.216,1.0,buy,3888.95,BTC-28JUN19-3000-P,59.89,0.0365,1.0,0,1552066224216,16390178,421
2019-03-08 22:02:49.515,0.1,buy,3821.14,BTC-28JUN19-3000-P,58.58,0.038,0.1,0,1552082569515,16397872,422
2019-03-08 23:34:52.832,1.0,sell,3841.6,BTC-28JUN19-3000-P,57.95,0.036000000000000004,1.0,2,1552088092832,16407139,423
2019-03-09 07:04:21.637,3.0,sell,3909.24,BTC-28JUN19-3000-P,59.52,0.0345,3.0,2,1552115061637,16417059,424
2019-03-09 16:09:16.152,5.2,sell,3943.79,BTC-28JUN19-3000-P,59.42,0.033,5.2,2,1552147756152,16437157,425
2019-03-10 03:02:58.607,1.0,sell,3907.01,BTC-28JUN19-3000-P,57.42,0.032,1.0,2,1552186978607,16451084,426
2019-03-10 03:18:01.826,1.0,sell,3899.0,BTC-28JUN19-3000-P,57.13,0.032,1.0,3,1552187881826,16451400,427
2019-03-10 03:22:57.194,1.0,sell,3900.92,BTC-28JUN19-3000-P,57.25,0.032,1.0,3,1552188177194,16451501,428
2019-03-10 03:23:46.537,1.0,sell,3901.15,BTC-28JUN19-3000-P,57.26,0.032,1.0,3,1552188226537,16451504,429
2019-03-10 05:24:22.288,1.0,sell,3898.66,BTC-28JUN19-3000-P,57.62,0.0325,1.0,0,1552195462288,16453374,430
2019-03-10 16:43:35.601,1.0,sell,3880.7,BTC-28JUN19-3000-P,57.82,0.0335,1.0,0,1552236215601,16464604,431
2019-03-10 16:58:25.118,2.0,sell,3878.75,BTC-28JUN19-3000-P,57.8,0.0335,2.0,1,1552237105118,16464790,432
2019-03-10 21:32:31.371,1.0,sell,3896.7,BTC-28JUN19-3000-P,57.33,0.032,1.0,2,1552253551371,16466979,433
2019-03-10 21:34:11.347,3.0,sell,3896.85,BTC-28JUN19-3000-P,57.33,0.032,3.0,3,1552253651347,16466986,434
2019-03-10 22:28:16.602,5.0,sell,3897.37,BTC-28JUN19-3000-P,57.53,0.032,5.0,3,1552256896602,16467407,435
2019-03-11 05:00:09.647,7.0,buy,3886.26,BTC-28JUN19-3000-P,59.29,0.035,7.0,0,1552280409647,16472848,436
2019-03-11 05:19:25.727,10.0,buy,3889.79,BTC-28JUN19-3000-P,59.76,0.0355,10.0,0,1552281565727,16473977,437
2019-03-11 12:55:45.831,1.0,sell,3829.36,BTC-28JUN19-3000-P,58.76,0.037000000000000005,1.0,0,1552308945831,16489208,438
2019-03-11 17:11:14.193,10.0,sell,3844.43,BTC-28JUN19-3000-P,58.93,0.0365,10.0,2,1552324274193,16494841,439
2019-03-12 02:06:47.432,0.7000000000000001,sell,3817.8,BTC-28JUN19-3000-P,59.11,0.038,0.7000000000000001,0,1552356407432,16504417,440
2019-03-12 09:46:50.798,1.3,sell,3856.61,BTC-28JUN19-3000-P,59.04,0.0355,1.3,2,1552384010798,16516263,441
2019-03-12 17:04:57.608,4.3,sell,3859.2,BTC-28JUN19-3000-P,59.08,0.0355,4.3,3,1552410297608,16523991,443
2019-03-12 17:04:57.608,0.7000000000000001,sell,3859.2,BTC-28JUN19-3000-P,59.08,0.0355,0.7000000000000001,3,1552410297608,16523990,442
2019-03-12 18:25:32.229,10.0,sell,3856.39,BTC-28JUN19-3000-P,59.02,0.0355,10.0,3,1552415132229,16524465,444
2019-03-12 18:25:32.229,250.0,sell,3856.39,BTC-28JUN19-3000-P,59.02,0.0355,250.0,3,1552415132229,16524466,445
2019-03-12 22:45:02.508,2.0,sell,3865.03,BTC-28JUN19-3000-P,58.55,0.0345,2.0,2,1552430702508,16525976,446
2019-03-13 00:58:19.293,10.0,sell,3861.64,BTC-28JUN19-3000-P,58.7,0.035,10.0,0,1552438699293,16527242,447
2019-03-13 01:23:25.154,5.0,sell,3855.66,BTC-28JUN19-3000-P,57.32,0.0335,5.0,2,1552440205154,16527475,448
2019-03-13 01:30:24.574,5.0,sell,3857.56,BTC-28JUN19-3000-P,57.46,0.0335,5.0,3,1552440624574,16527631,449
2019-03-13 01:34:15.504,5.0,sell,3858.04,BTC-28JUN19-3000-P,58.18,0.0345,5.0,0,1552440855504,16527647,450
2019-03-13 01:36:40.671,10.0,sell,3857.88,BTC-28JUN19-3000-P,58.18,0.0345,10.0,1,1552441000671,16527657,451
2019-03-13 17:08:40.904,5.0,sell,3846.08,BTC-28JUN19-3000-P,57.36,0.034,5.0,2,1552496920904,16543680,452
2019-03-13 17:13:45.947,5.0,sell,3845.6,BTC-28JUN19-3000-P,57.01,0.0335,5.0,2,1552497225947,16543702,453
2019-03-14 14:12:05.820,10.0,sell,3894.63,BTC-28JUN19-3000-P,58.89,0.0335,10.0,3,1552572725820,16557938,454
2019-03-14 19:05:17.209,2.5,sell,3851.81,BTC-28JUN19-3000-P,57.66,0.0335,2.5,3,1552590317209,16572889,455
2019-03-14 19:10:12.864,2.5,sell,3851.16,BTC-28JUN19-3000-P,57.63,0.0335,2.5,3,1552590612864,16572903,456
2019-03-14 20:57:51.430,8.8,sell,3851.92,BTC-28JUN19-3000-P,56.97,0.0325,8.8,2,1552597071430,16573311,458
2019-03-14 20:57:51.430,1.2,sell,3851.92,BTC-28JUN19-3000-P,57.7,0.0335,1.2,3,1552597071430,16573310,457
2019-03-14 22:07:44.022,4.0,sell,3853.95,BTC-28JUN19-3000-P,57.05,0.0325,4.0,3,1552601264022,16573905,460
2019-03-14 22:07:44.022,10.0,sell,3853.95,BTC-28JUN19-3000-P,57.05,0.0325,10.0,3,1552601264022,16573904,459
2019-03-15 01:17:40.256,10.0,buy,3867.17,BTC-28JUN19-3000-P,58.68,0.034,10.0,0,1552612660256,16576240,461
2019-03-15 11:57:55.731,7.0,sell,3886.57,BTC-28JUN19-3000-P,58.33,0.032,7.0,2,1552651075731,16587341,462
2019-03-15 14:43:44.228,5.0,sell,3884.1,BTC-28JUN19-3000-P,58.16,0.032,5.0,3,1552661024228,16592680,463
2019-03-15 15:38:58.398,100.0,sell,3895.44,BTC-28JUN19-3000-P,57.77,0.031,100.0,2,1552664338398,16595298,464
2019-03-16 01:52:23.117,0.8,sell,3928.34,BTC-28JUN19-3000-P,58.96,0.0305,0.8,2,1552701143117,16606684,465
2019-03-16 01:54:38.866,3.5,sell,3937.25,BTC-28JUN19-3000-P,59.05,0.03,3.5,2,1552701278866,16607110,466
2019-03-16 01:55:02.597,2.0,sell,3935.48,BTC-28JUN19-3000-P,58.57,0.0295,2.0,2,1552701302597,16607319,467
2019-03-16 05:35:30.397,12.0,buy,4006.36,BTC-28JUN19-3000-P,61.09,0.03,12.0,0,1552714530397,16631232,468
2019-03-16 05:36:11.124,3.0,buy,4006.98,BTC-28JUN19-3000-P,61.55,0.0305,3.0,0,1552714571124,16631287,469
2019-03-16 05:38:51.840,10.0,buy,4007.63,BTC-28JUN19-3000-P,62.0,0.031,10.0,0,1552714731840,16631346,470
2019-03-16 05:38:51.840,10.0,buy,4007.63,BTC-28JUN19-3000-P,62.0,0.031,10.0,1,1552714731840,16631347,471
2019-03-16 05:40:30.851,10.0,buy,4008.56,BTC-28JUN19-3000-P,61.93,0.031,10.0,1,1552714830851,16631393,472
2019-03-16 05:40:30.851,5.0,buy,4008.56,BTC-28JUN19-3000-P,62.71,0.032,5.0,0,1552714830851,16631394,473
2019-03-16 05:42:33.706,2.5,buy,4008.1,BTC-28JUN19-3000-P,62.31,0.0315,2.5,3,1552714953706,16631447,475
2019-03-16 05:42:33.706,10.0,buy,4008.1,BTC-28JUN19-3000-P,62.31,0.0315,10.0,2,1552714953706,16631446,474
2019-03-16 05:44:40.179,2.5,buy,4006.66,BTC-28JUN19-3000-P,62.68,0.032,2.5,1,1552715080179,16631508,477
2019-03-16 05:44:40.179,10.0,buy,4006.66,BTC-28JUN19-3000-P,62.68,0.032,10.0,0,1552715080179,16631507,476
2019-03-16 10:37:42.264,0.7000000000000001,buy,4004.69,BTC-28JUN19-3000-P,61.11,0.03,0.7000000000000001,2,1552732662264,16638138,478
2019-03-17 03:49:22.324,0.3,buy,3955.64,BTC-28JUN19-3000-P,59.98,0.03,0.3,3,1552794562324,16655974,479
2019-03-17 03:51:25.100,0.2,buy,3955.73,BTC-28JUN19-3000-P,59.97,0.03,0.2,3,1552794685100,16655980,480
2019-03-17 14:04:35.008,1.0,sell,3968.7,BTC-28JUN19-3000-P,57.93,0.027000000000000003,1.0,2,1552831475008,16663375,481
2019-03-17 19:41:41.483,0.5,sell,3973.69,BTC-28JUN19-3000-P,58.1,0.027000000000000003,0.5,3,1552851701483,16666557,482
2019-03-17 21:26:45.057,1.0,buy,3975.58,BTC-28JUN19-3000-P,59.28,0.0285,1.0,0,1552858005057,16667112,483
2019-03-18 01:31:36.312,8.5,sell,4006.37,BTC-28JUN19-3000-P,59.36,0.027000000000000003,8.5,2,1552872696312,16672244,484
2019-03-18 10:16:43.941,3.0,sell,3957.39,BTC-28JUN19-3000-P,57.43,0.0265,3.0,2,1552904203941,16686104,485
2019-03-18 23:23:32.071,1.0,buy,3972.07,BTC-28JUN19-3000-P,58.55,0.027000000000000003,1.0,0,1552951412071,16694600,486
2019-03-19 00:30:42.555,2.0,sell,3977.09,BTC-28JUN19-3000-P,58.23,0.0265,2.0,2,1552955442555,16695500,487
2019-03-19 06:49:09.576,0.5,sell,3961.02,BTC-28JUN19-3000-P,57.59,0.026,0.5,2,1552978149576,16700030,488
2019-03-19 09:17:13.626,0.1,sell,3962.25,BTC-28JUN19-3000-P,57.62,0.026,0.1,3,1552987033626,16701562,489
2019-03-19 13:39:16.904,1.0,buy,3969.57,BTC-28JUN19-3000-P,58.03,0.026,1.0,3,1553002756904,16704934,490
2019-03-19 17:13:12.854,5.0,sell,3993.99,BTC-28JUN19-3000-P,57.93,0.025,5.0,2,1553015592854,16710813,491
2019-03-19 23:52:55.371,0.6,sell,3998.45,BTC-28JUN19-3000-P,58.13,0.025,0.6,3,1553039575371,16717403,492
2019-03-20 00:36:18.696,4.1,buy,4008.06,BTC-28JUN19-3000-P,57.97,0.0245,4.1,2,1553042178696,16719146,493
2019-03-20 00:59:20.679,5.4,buy,3972.86,BTC-28JUN19-3000-P,57.97,0.026,5.4,0,1553043560679,16721122,494
2019-03-20 02:44:23.749,0.5,sell,3974.48,BTC-28JUN19-3000-P,58.0,0.026,0.5,1,1553049863749,16723394,495
2019-03-21 02:33:02.416,10.0,buy,4031.44,BTC-28JUN19-3000-P,58.49,0.024,10.0,2,1553135582416,16747946,496
2019-03-21 02:49:55.003,5.5,sell,4030.58,BTC-28JUN19-3000-P,58.44,0.024,5.5,3,1553136595003,16748029,497
2019-03-21 03:15:05.043,12.0,buy,4029.26,BTC-28JUN19-3000-P,58.36,0.024,12.0,3,1553138105043,16748111,498
2019-03-21 03:15:05.072,10.0,sell,4029.26,BTC-28JUN19-3000-P,58.36,0.024,10.0,3,1553138105072,16748112,499
2019-03-21 03:16:29.941,2.5,sell,4029.56,BTC-28JUN19-3000-P,58.37,0.024,2.5,3,1553138189941,16748113,500
2019-03-21 08:35:45.415,1.0,sell,4033.28,BTC-28JUN19-3000-P,56.43,0.0215,1.0,2,1553157345415,16750096,501
2019-03-21 14:58:10.625,0.2,buy,3946.65,BTC-28JUN19-3000-P,56.2,0.025,0.2,0,1553180290625,16762048,502
2019-03-22 00:02:13.038,12.0,buy,3973.37,BTC-28JUN19-3000-P,58.24,0.026,12.0,0,1553212933038,16772707,503
2019-03-22 00:02:13.038,5.3,buy,3973.37,BTC-28JUN19-3000-P,58.24,0.026,5.3,1,1553212933038,16772708,504
2019-03-22 00:02:13.892,4.9,sell,3973.37,BTC-28JUN19-3000-P,58.24,0.026,4.9,1,1553212933892,16772709,505
2019-03-22 00:13:12.366,5.0,buy,3971.62,BTC-28JUN19-3000-P,58.57,0.0265,5.0,0,1553213592366,16772803,506
2019-03-22 00:13:12.368,6.2,sell,3971.62,BTC-28JUN19-3000-P,58.57,0.0265,6.2,1,1553213592368,16772804,507
2019-03-22 00:38:16.206,10.0,buy,3977.39,BTC-28JUN19-3000-P,58.52,0.026,10.0,2,1553215096206,16773095,508
2019-03-22 00:38:16.364,10.0,sell,3977.39,BTC-28JUN19-3000-P,58.52,0.026,10.0,3,1553215096364,16773096,509
2019-03-22 00:44:07.165,1.3,buy,3978.86,BTC-28JUN19-3000-P,58.96,0.0265,1.3,0,1553215447165,16773115,510
2019-03-23 00:22:04.223,5.0,sell,3978.36,BTC-28JUN19-3000-P,56.28,0.023,5.0,2,1553300524223,16783254,511
2019-03-23 03:27:43.805,6.8,buy,3994.67,BTC-28JUN19-3000-P,58.28,0.0245,6.8,1,1553311663805,16787103,514
2019-03-23 03:27:43.805,5.0,buy,3994.67,BTC-28JUN19-3000-P,58.28,0.0245,5.0,1,1553311663805,16787102,513
2019-03-23 03:27:43.805,0.5,buy,3994.67,BTC-28JUN19-3000-P,58.28,0.0245,0.5,0,1553311663805,16787101,512
2019-03-24 00:01:03.135,2.0,sell,3978.82,BTC-28JUN19-3000-P,56.24,0.0225,2.0,2,1553385663135,16796481,515
2019-03-24 02:26:51.303,0.5,buy,3968.19,BTC-28JUN19-3000-P,58.53,0.0255,0.5,1,1553394411303,16797119,518
2019-03-24 02:26:51.303,15.2,buy,3968.19,BTC-28JUN19-3000-P,58.53,0.0255,15.2,1,1553394411303,16797120,519
2019-03-24 02:26:51.303,12.0,buy,3968.19,BTC-28JUN19-3000-P,58.53,0.0255,12.0,0,1553394411303,16797117,516
2019-03-24 02:26:51.303,5.0,buy,3968.19,BTC-28JUN19-3000-P,58.53,0.0255,5.0,1,1553394411303,16797118,517
2019-03-24 07:14:57.877,1.0,sell,3964.43,BTC-28JUN19-3000-P,57.19,0.024,1.0,2,1553411697877,16799038,520
2019-03-24 07:14:57.877,0.5,sell,3964.43,BTC-28JUN19-3000-P,57.19,0.024,0.5,3,1553411697877,16799039,521
2019-03-24 12:45:20.503,0.2,buy,3969.75,BTC-28JUN19-3000-P,58.25,0.025,0.2,1,1553431520503,16800822,523
2019-03-24 12:45:20.503,0.8,buy,3969.75,BTC-28JUN19-3000-P,58.25,0.025,0.8,0,1553431520503,16800821,522
2019-03-25 06:18:18.048,9.1,buy,3970.9,BTC-28JUN19-3000-P,57.7,0.024,9.1,2,1553494698048,16808560,524
2019-03-25 14:51:58.300,4.1,buy,3964.29,BTC-28JUN19-3000-P,57.82,0.0245,4.1,0,1553525518300,16812503,525
2019-03-25 15:51:53.971,5.9,buy,3955.03,BTC-28JUN19-3000-P,57.4,0.0245,5.9,1,1553529113971,16813258,526
2019-03-25 16:05:07.627,10.0,sell,3950.76,BTC-28JUN19-3000-P,57.33,0.0245,10.0,1,1553529907627,16814242,527
2019-03-25 16:06:11.267,4.1,sell,3949.8,BTC-28JUN19-3000-P,57.26,0.0245,4.1,1,1553529971267,16814270,528
2019-03-25 16:06:11.267,2.0,sell,3949.8,BTC-28JUN19-3000-P,57.26,0.0245,2.0,1,1553529971267,16814271,529
2019-03-25 18:36:03.064,1.0,sell,3920.39,BTC-28JUN19-3000-P,56.8,0.025,1.0,0,1553538963064,16818355,530
2019-03-25 20:42:03.148,1.0,sell,3882.61,BTC-28JUN19-3000-P,56.31,0.026000000000000002,1.0,0,1553546523148,16827253,531
2019-03-25 22:32:08.027,1.0,sell,3894.36,BTC-28JUN19-3000-P,55.76,0.025,1.0,2,1553553128027,16828781,532
2019-03-26 02:36:02.434,3.9,buy,3914.47,BTC-28JUN19-3000-P,57.74,0.0265,3.9,0,1553567762434,16831684,533
2019-03-26 03:08:17.840,5.6000000000000005,sell,3919.53,BTC-28JUN19-3000-P,57.49,0.026000000000000002,5.6000000000000005,2,1553569697840,16831920,534
2019-03-26 15:11:55.056,5.7,buy,3910.46,BTC-28JUN19-3000-P,57.11,0.026000000000000002,5.7,3,1553613115056,16838657,536
2019-03-26 15:11:55.056,2.0,buy,3910.46,BTC-28JUN19-3000-P,57.11,0.026000000000000002,2.0,3,1553613115056,16838656,535
2019-03-26 15:12:54.081,2.0,sell,3912.13,BTC-28JUN19-3000-P,57.15,0.026000000000000002,2.0,3,1553613174081,16838680,538
2019-03-26 15:12:54.081,6.9,sell,3912.13,BTC-28JUN19-3000-P,57.15,0.026000000000000002,6.9,3,1553613174081,16838679,537
2019-03-26 15:16:33.012,10.0,sell,3912.35,BTC-28JUN19-3000-P,56.73,0.0255,10.0,2,1553613393012,16838799,539
2019-03-26 15:21:48.531,10.0,sell,3910.88,BTC-28JUN19-3000-P,56.63,0.0255,10.0,3,1553613708531,16838904,540
2019-03-26 15:33:02.819,5.0,sell,3910.5,BTC-28JUN19-3000-P,56.64,0.0255,5.0,3,1553614382819,16838948,541
2019-03-26 18:38:27.475,2.0,sell,3916.57,BTC-28JUN19-3000-P,55.63,0.024,2.0,2,1553625507475,16840925,542
2019-03-26 18:49:28.617,2.0,sell,3916.92,BTC-28JUN19-3000-P,55.63,0.024,2.0,3,1553626168617,16840971,543
2019-03-26 18:55:10.150,2.0,sell,3918.1,BTC-28JUN19-3000-P,55.64,0.024,2.0,3,1553626510150,16840988,544
2019-03-26 19:01:23.940,2.0,sell,3919.89,BTC-28JUN19-3000-P,55.78,0.024,2.0,3,1553626883940,16841142,545
2019-03-26 19:02:48.424,2.0,sell,3919.59,BTC-28JUN19-3000-P,55.72,0.024,2.0,3,1553626968424,16841182,546
2019-03-26 21:28:04.021,1.0,sell,3911.68,BTC-28JUN19-3000-P,55.76,0.0245,1.0,0,1553635684021,16842109,547
2019-03-26 21:33:36.677,1.0,sell,3911.81,BTC-28JUN19-3000-P,55.77,0.0245,1.0,1,1553636016677,16842116,548
2019-03-26 21:35:58.773,1.0,sell,3911.09,BTC-28JUN19-3000-P,55.75,0.0245,1.0,1,1553636158773,16842121,549
2019-03-26 21:57:09.296,1.0,buy,3909.32,BTC-28JUN19-3000-P,55.7,0.0245,1.0,1,1553637429296,16842205,550
2019-03-27 03:35:59.204,3.0,buy,3971.67,BTC-28JUN19-3000-P,59.39,0.0255,3.0,1,1553657759204,16851786,558
2019-03-27 03:35:59.204,0.7000000000000001,buy,3971.67,BTC-28JUN19-3000-P,59.39,0.0255,0.7000000000000001,1,1553657759204,16851787,559
2019-03-27 03:35:59.204,3.0,buy,3971.67,BTC-28JUN19-3000-P,59.39,0.0255,3.0,1,1553657759204,16851784,556
2019-03-27 03:35:59.204,3.0,buy,3971.67,BTC-28JUN19-3000-P,59.39,0.0255,3.0,0,1553657759204,16851783,555
2019-03-27 03:35:59.204,10.0,buy,3971.67,BTC-28JUN19-3000-P,58.51,0.0245,10.0,0,1553657759204,16851782,554
2019-03-27 03:35:59.204,12.0,buy,3971.67,BTC-28JUN19-3000-P,58.07,0.024,12.0,0,1553657759204,16851781,553
2019-03-27 03:35:59.204,3.0,buy,3971.67,BTC-28JUN19-3000-P,59.39,0.0255,3.0,1,1553657759204,16851785,557
2019-03-27 03:35:59.204,5.3,buy,3971.67,BTC-28JUN19-3000-P,57.62,0.0235,5.3,0,1553657759204,16851780,552
2019-03-27 03:35:59.204,10.0,buy,3971.67,BTC-28JUN19-3000-P,57.17,0.023,10.0,2,1553657759204,16851779,551
2019-03-27 03:36:16.446,6.7,buy,3971.67,BTC-28JUN19-3000-P,58.52,0.0245,6.7,0,1553657776446,16851793,561
2019-03-27 03:36:16.446,6.3,buy,3971.67,BTC-28JUN19-3000-P,58.96,0.025,6.3,0,1553657776446,16851794,562
2019-03-27 03:36:16.446,12.0,buy,3971.67,BTC-28JUN19-3000-P,58.07,0.024,12.0,2,1553657776446,16851792,560
2019-03-27 03:36:24.711,12.0,buy,3971.67,BTC-28JUN19-3000-P,58.53,0.0245,12.0,2,1553657784711,16851799,563
2019-03-27 03:36:24.711,5.3,buy,3971.67,BTC-28JUN19-3000-P,58.97,0.025,5.3,0,1553657784711,16851800,564
2019-03-27 03:36:24.711,2.3000000000000003,buy,3971.67,BTC-28JUN19-3000-P,59.4,0.0255,2.3000000000000003,0,1553657784711,16851801,565
2019-03-27 03:36:24.711,0.4,buy,3971.67,BTC-28JUN19-3000-P,59.4,0.0255,0.4,1,1553657784711,16851802,566
2019-03-27 03:47:15.066,2.0,sell,3974.27,BTC-28JUN19-3000-P,56.78,0.0225,2.0,2,1553658435066,16851959,567
2019-03-27 03:50:53.026,1.0,sell,3975.29,BTC-28JUN19-3000-P,56.34,0.022,1.0,2,1553658653026,16851963,568
2019-03-27 03:50:53.026,1.0,sell,3975.29,BTC-28JUN19-3000-P,56.34,0.022,1.0,3,1553658653026,16851964,569
2019-03-27 05:03:15.445,12.0,buy,3978.75,BTC-28JUN19-3000-P,58.25,0.024,12.0,0,1553662995445,16853072,570
2019-03-27 05:03:15.445,18.0,buy,3978.75,BTC-28JUN19-3000-P,58.25,0.024,18.0,1,1553662995445,16853073,571
2019-03-27 05:03:28.814,47.8,buy,3978.81,BTC-28JUN19-3000-P,59.12,0.025,47.8,0,1553663008814,16853076,573
2019-03-27 05:03:28.814,0.2,buy,3978.81,BTC-28JUN19-3000-P,59.12,0.025,0.2,1,1553663008814,16853078,575
2019-03-27 05:03:28.814,12.0,buy,3978.81,BTC-28JUN19-3000-P,58.68,0.0245,12.0,0,1553663008814,16853075,572
2019-03-27 05:03:28.814,10.0,buy,3978.81,BTC-28JUN19-3000-P,59.12,0.025,10.0,1,1553663008814,16853077,574
2019-03-27 12:45:34.039,0.1,buy,4013.03,BTC-28JUN19-3000-P,56.73,0.021,0.1,2,1553690734039,16862896,576
2019-03-27 14:37:21.199,6.9,sell,4010.13,BTC-28JUN19-3000-P,58.08,0.0225,6.9,0,1553697441199,16864300,577
2019-03-27 14:37:21.212,2.1,sell,4010.13,BTC-28JUN19-3000-P,58.08,0.0225,2.1,1,1553697441212,16864301,578
2019-03-27 18:45:49.303,18.0,buy,4008.09,BTC-28JUN19-3000-P,58.2,0.0225,18.0,1,1553712349303,16867641,579
2019-03-27 18:45:49.303,2.0,buy,4008.09,BTC-28JUN19-3000-P,58.2,0.0225,2.0,1,1553712349303,16867642,580
2019-03-27 21:14:10.955,3.0,sell,4008.73,BTC-28JUN19-3000-P,56.39,0.0205,3.0,2,1553721250955,16869357,581
2019-03-28 06:39:33.175,2.0,sell,4008.85,BTC-28JUN19-3000-P,57.77,0.022000000000000002,2.0,1,1553755173175,16922142,583
2019-03-28 06:39:33.175,5.0,sell,4008.85,BTC-28JUN19-3000-P,57.77,0.022000000000000002,5.0,0,1553755173175,16922141,582
2019-03-28 20:06:46.375,2.0,sell,4011.3,BTC-28JUN19-3000-P,57.06,0.021,2.0,2,1553803606375,16928123,584
2019-03-28 23:42:43.027,2.0,sell,4011.71,BTC-28JUN19-3000-P,57.21,0.021,2.0,3,1553816563027,16929126,585
2019-03-29 04:33:46.703,10.0,sell,4040.13,BTC-28JUN19-3000-P,58.45,0.021,10.0,3,1553834026703,16933913,586
2019-03-29 06:30:02.849,0.8,buy,4014.02,BTC-28JUN19-3000-P,58.96,0.0225,0.8,0,1553841002849,16937503,587
2019-03-29 07:45:21.495,2.0,sell,4037.49,BTC-28JUN19-3000-P,56.81,0.0195,2.0,2,1553845521495,16939433,589
2019-03-29 07:45:21.495,10.0,sell,4037.49,BTC-28JUN19-3000-P,56.81,0.0195,10.0,3,1553845521495,16939434,590
2019-03-29 07:45:21.495,0.5,sell,4037.49,BTC-28JUN19-3000-P,57.3,0.02,0.5,2,1553845521495,16939432,588
2019-03-29 10:35:15.446,4.0,sell,4095.1,BTC-28JUN19-3000-P,55.26,0.016,4.0,2,1553855715446,16952772,592
2019-03-29 10:35:15.446,6.0,sell,4095.1,BTC-28JUN19-3000-P,56.34,0.017,6.0,2,1553855715446,16952771,591
2019-03-29 10:35:20.785,5.2,sell,4094.87,BTC-28JUN19-3000-P,55.79,0.0165,5.2,0,1553855720785,16952779,593
2019-03-29 10:35:20.785,4.8,sell,4094.87,BTC-28JUN19-3000-P,54.7,0.0155,4.8,2,1553855720785,16952780,594
2019-03-29 10:35:23.830,10.0,sell,4094.88,BTC-28JUN19-3000-P,56.31,0.017,10.0,0,1553855723830,16952782,595
2019-03-29 10:35:27.199,10.0,sell,4094.58,BTC-28JUN19-3000-P,55.78,0.0165,10.0,2,1553855727199,16952784,596
2019-03-29 10:35:29.367,10.0,sell,4094.62,BTC-28JUN19-3000-P,55.23,0.016,10.0,2,1553855729367,16952785,597
2019-03-29 10:35:33.046,10.0,sell,4094.62,BTC-28JUN19-3000-P,54.68,0.0155,10.0,2,1553855733046,16952789,598
2019-03-29 10:35:34.581,10.0,sell,4094.64,BTC-28JUN19-3000-P,54.69,0.0155,10.0,3,1553855734581,16952790,599
2019-03-29 10:40:57.812,4.8,sell,4083.76,BTC-28JUN19-3000-P,54.39,0.0155,4.8,3,1553856057812,16953265,601
2019-03-29 10:40:57.812,10.0,sell,4083.76,BTC-28JUN19-3000-P,54.39,0.0155,10.0,3,1553856057812,16953264,600
2019-03-29 10:40:57.812,0.2,sell,4083.76,BTC-28JUN19-3000-P,53.28,0.0145,0.2,2,1553856057812,16953266,602
2019-03-29 10:41:17.057,8.3,sell,4083.06,BTC-28JUN19-3000-P,53.81,0.015,8.3,1,1553856077057,16953277,604
2019-03-29 10:41:17.057,6.7,sell,4083.06,BTC-28JUN19-3000-P,53.81,0.015,6.7,0,1553856077057,16953276,603
2019-03-29 16:08:22.851,0.1,buy,4078.03,BTC-28JUN19-3000-P,57.14,0.018000000000000002,0.1,0,1553875702851,16959705,605
2019-03-29 19:24:18.253,3.0,buy,4087.2,BTC-28JUN19-3000-P,57.15,0.0175,3.0,2,1553887458253,16961147,606
2019-03-29 20:52:30.498,12.2,buy,4073.21,BTC-28JUN19-3000-P,57.13,0.018000000000000002,12.2,0,1553892750498,16961918,607
2019-03-30 01:24:55.198,2.0,buy,4119.96,BTC-28JUN19-3000-P,57.04,0.0165,2.0,2,1553909095198,16966774,608
2019-03-30 01:24:55.198,5.0,buy,4119.96,BTC-28JUN19-3000-P,57.04,0.0165,5.0,3,1553909095198,16966775,609
2019-03-30 12:34:05.090,2.0,buy,4082.56,BTC-28JUN19-3000-P,57.73,0.018000000000000002,2.0,0,1553949245090,16979043,610
2019-03-31 13:23:00.965,2.0,buy,4091.91,BTC-28JUN19-3000-P,57.19,0.017,2.0,2,1554038580965,16989274,611
2019-03-31 13:28:35.071,1.5,sell,4092.47,BTC-28JUN19-3000-P,56.1,0.016,1.5,2,1554038915071,16989290,612
2019-04-01 03:45:16.301,2.0,sell,4129.64,BTC-28JUN19-3000-P,57.45,0.016,2.0,3,1554090316301,16999767,614
2019-04-01 03:45:16.301,8.5,sell,4129.64,BTC-28JUN19-3000-P,57.45,0.016,8.5,3,1554090316301,16999766,613
2019-04-01 07:27:47.896,10.0,sell,4120.43,BTC-28JUN19-3000-P,56.49,0.0155,10.0,2,1554103667896,17001852,615
2019-04-01 17:38:57.245,0.4,sell,4133.26,BTC-28JUN19-3000-P,57.39,0.016,0.4,0,1554140337245,17009426,616
2019-04-01 17:53:18.244,0.6,sell,4132.82,BTC-28JUN19-3000-P,57.35,0.016,0.6,1,1554141198244,17009513,617
2019-04-01 18:39:50.186,2.0,buy,4133.69,BTC-28JUN19-3000-P,57.85,0.0165,2.0,0,1554143990186,17009867,618
2019-04-01 18:39:50.186,9.0,buy,4133.69,BTC-28JUN19-3000-P,57.85,0.0165,9.0,1,1554143990186,17009868,619
2019-04-01 18:49:10.219,3.2,sell,4133.24,BTC-28JUN19-3000-P,57.89,0.0165,3.2,1,1554144550219,17009932,620
2019-04-01 18:49:10.219,2.0,sell,4133.24,BTC-28JUN19-3000-P,57.89,0.0165,2.0,1,1554144550219,17009933,621
2019-04-02 04:37:18.680,5.0,sell,4397.44,BTC-28JUN19-3000-P,58.5,0.01,5.0,2,1554179838680,17027096,622
2019-04-02 05:07:49.534,6.0,buy,4705.12,BTC-28JUN19-3000-P,71.68,0.0135,6.0,0,1554181669534,17049044,623
2019-04-02 05:08:58.066,6.0,buy,4693.87,BTC-28JUN19-3000-P,71.28,0.0135,6.0,1,1554181738066,17049409,624
2019-04-02 05:10:52.554,6.0,buy,4712.04,BTC-28JUN19-3000-P,68.12,0.011000000000000001,6.0,2,1554181852554,17050612,625
2019-04-02 05:13:07.507,6.0,buy,4723.07,BTC-28JUN19-3000-P,68.44,0.011000000000000001,6.0,3,1554181987507,17051296,626
2019-04-02 05:13:57.690,5.0,buy,4722.24,BTC-28JUN19-3000-P,71.52,0.013000000000000001,5.0,0,1554182037690,17051424,627
2019-04-02 06:47:50.320,1.0,buy,4685.64,BTC-28JUN19-3000-P,65.89,0.0095,1.0,2,1554187670320,17086803,628
2019-04-02 06:53:08.961,5.0,buy,4724.59,BTC-28JUN19-3000-P,66.85,0.0095,5.0,3,1554187988961,17087483,629
2019-04-02 07:11:10.985,1.0,buy,4711.13,BTC-28JUN19-3000-P,66.51,0.0095,1.0,3,1554189070985,17090428,630
2019-04-02 07:17:56.894,4.0,buy,4717.48,BTC-28JUN19-3000-P,66.49,0.0095,4.0,3,1554189476894,17090944,631
2019-04-02 07:30:48.106,3.0,buy,4682.79,BTC-28JUN19-3000-P,66.46,0.01,3.0,0,1554190248106,17092124,632
2019-04-02 08:04:15.778,1.0,buy,4711.93,BTC-28JUN19-3000-P,66.21,0.0095,1.0,2,1554192255778,17093337,633
2019-04-02 08:51:22.587,18.0,buy,4711.6,BTC-28JUN19-3000-P,57.33,0.005,18.0,2,1554195082587,17095199,634
2019-04-02 10:19:03.760,0.6,sell,4783.0,BTC-28JUN19-3000-P,56.39,0.004,0.6,2,1554200343760,17103958,635
2019-04-02 13:31:55.102,18.0,buy,4798.68,BTC-28JUN19-3000-P,64.79,0.0075,18.0,0,1554211915102,17111964,636
2019-04-02 14:18:19.351,0.6,buy,4725.91,BTC-28JUN19-3000-P,64.06,0.008,0.6,0,1554214699351,17116563,637
2019-04-02 17:26:44.896,2.0,buy,4724.09,BTC-28JUN19-3000-P,65.99,0.009000000000000001,2.0,0,1554226004896,17123849,638
2019-04-02 18:33:35.417,2.0,buy,4731.23,BTC-28JUN19-3000-P,66.17,0.009000000000000001,2.0,1,1554230015417,17126597,639
2019-04-02 20:17:13.901,2.0,buy,4808.07,BTC-28JUN19-3000-P,67.03,0.0085,2.0,2,1554236233901,17130711,640
2019-04-02 20:17:41.720,3.0,buy,4806.41,BTC-28JUN19-3000-P,66.98,0.0085,3.0,3,1554236261720,17130743,641
2019-04-02 20:22:38.789,2.0,buy,4805.22,BTC-28JUN19-3000-P,66.97,0.0085,2.0,3,1554236558789,17131173,642
2019-04-02 23:16:02.504,1.4,buy,4870.37,BTC-28JUN19-3000-P,69.45,0.009000000000000001,1.4,0,1554246962504,17144099,643
2019-04-03 01:55:39.005,0.1,sell,4981.4,BTC-28JUN19-3000-P,64.63,0.0055,0.1,2,1554256539005,17166345,644
2019-04-03 02:09:58.540,2.9,buy,4993.28,BTC-28JUN19-3000-P,70.54,0.008,2.9,0,1554257398540,17167953,645
2019-04-03 08:34:23.482,1.0,buy,4941.16,BTC-28JUN19-3000-P,70.7,0.0085,1.0,0,1554280463482,17192213,646
2019-04-03 08:52:02.742,10.0,sell,4950.68,BTC-28JUN19-3000-P,63.15,0.005,10.0,2,1554281522742,17192461,647
2019-04-03 16:15:32.979,0.1,sell,5093.92,BTC-28JUN19-3000-P,67.61,0.0055,0.1,0,1554308132979,17210148,648
2019-04-03 16:21:15.000,18.0,buy,5114.93,BTC-28JUN19-3000-P,70.44,0.0065,18.0,0,1554308475000,17211110,649
2019-04-03 17:14:49.488,4.0,buy,5148.03,BTC-28JUN19-3000-P,69.89,0.006,4.0,2,1554311689488,17217311,650
2019-04-03 19:33:33.128,18.0,buy,5163.45,BTC-28JUN19-3000-P,71.42,0.0065,18.0,0,1554320013128,17226359,651
2019-04-04 11:40:15.499,6.4,buy,4981.58,BTC-28JUN19-3000-P,77.38,0.0115,6.4,0,1554378015499,17304616,652
2019-04-05 04:32:25.859,0.5,sell,4935.07,BTC-28JUN19-3000-P,74.1,0.01,0.5,2,1554438745859,17348069,653
2019-04-05 04:34:02.467,0.7000000000000001,sell,4935.04,BTC-28JUN19-3000-P,74.11,0.01,0.7000000000000001,3,1554438842467,17348082,654
2019-04-05 13:31:18.531,18.0,sell,5038.65,BTC-28JUN19-3000-P,72.65,0.008,18.0,2,1554471078531,17364570,655
2019-04-05 13:31:42.449,10.0,sell,5030.7,BTC-28JUN19-3000-P,71.43,0.0075,10.0,2,1554471102449,17364605,656
2019-04-05 13:31:42.449,6.0,sell,5030.7,BTC-28JUN19-3000-P,71.43,0.0075,6.0,3,1554471102449,17364607,658
2019-04-05 13:31:42.449,18.0,sell,5030.7,BTC-28JUN19-3000-P,71.43,0.0075,18.0,3,1554471102449,17364606,657
2019-04-05 13:31:57.807,18.0,sell,5032.62,BTC-28JUN19-3000-P,70.37,0.006999999999999999,18.0,2,1554471117807,17364617,659
2019-04-05 13:32:17.116,15.0,buy,5034.32,BTC-28JUN19-3000-P,70.38,0.006999999999999999,15.0,3,1554471137116,17364641,660
2019-04-05 13:32:17.300,0.5,buy,5034.32,BTC-28JUN19-3000-P,70.38,0.006999999999999999,0.5,3,1554471137300,17364642,661
2019-04-05 13:32:36.350,0.3,buy,5031.41,BTC-28JUN19-3000-P,70.34,0.006999999999999999,0.3,3,1554471156350,17364681,662
2019-04-05 13:32:37.071,0.3,buy,5031.04,BTC-28JUN19-3000-P,70.33,0.006999999999999999,0.3,3,1554471157071,17364687,663
2019-04-05 13:32:42.094,0.1,buy,5029.59,BTC-28JUN19-3000-P,70.3,0.006999999999999999,0.1,3,1554471162094,17364689,664
2019-04-05 13:32:42.587,0.1,buy,5029.59,BTC-28JUN19-3000-P,70.3,0.006999999999999999,0.1,3,1554471162587,17364690,665
2019-04-05 13:33:08.792,0.1,buy,5024.8,BTC-28JUN19-3000-P,70.19,0.006999999999999999,0.1,3,1554471188792,17364710,666
2019-04-05 13:33:10.092,0.2,buy,5024.07,BTC-28JUN19-3000-P,70.18,0.006999999999999999,0.2,3,1554471190092,17364711,667
2019-04-05 13:33:15.087,1.4,buy,5024.55,BTC-28JUN19-3000-P,70.18,0.006999999999999999,1.4,3,1554471195087,17364717,668
2019-04-05 18:15:28.057,1.0,buy,5055.81,BTC-28JUN19-3000-P,75.01,0.009000000000000001,1.0,0,1554488128057,17377551,669
2019-04-06 15:36:07.306,10.0,sell,5047.87,BTC-28JUN19-3000-P,73.57,0.008,10.0,2,1554564967306,17399703,670
2019-04-08 02:17:32.329,10.0,sell,5327.8,BTC-28JUN19-3000-P,78.9,0.006999999999999999,10.0,2,1554689852329,17506636,671
2019-04-08 02:17:52.214,4.7,sell,5322.03,BTC-28JUN19-3000-P,73.46,0.005,4.7,2,1554689872214,17506644,672
2019-04-08 05:46:16.140,115.0,sell,5272.1,BTC-28JUN19-3000-P,76.48,0.0065,115.0,0,1554702376140,17514541,673
2019-04-08 13:55:31.355,5.0,sell,5196.6,BTC-28JUN19-3000-P,75.92,0.006999999999999999,5.0,0,1554731731355,17531759,674
2019-04-08 20:31:25.563,1.4,buy,5231.49,BTC-28JUN19-3000-P,76.78,0.006999999999999999,1.4,1,1554755485563,17541464,676
2019-04-08 20:31:25.563,84.0,buy,5231.49,BTC-28JUN19-3000-P,76.78,0.006999999999999999,84.0,1,1554755485563,17541463,675
2019-04-09 11:41:10.074,0.2,buy,5197.38,BTC-28JUN19-3000-P,80.87,0.009000000000000001,0.2,0,1554810070074,17571919,677
2019-04-10 20:16:50.017,0.1,sell,5413.25,BTC-28JUN19-3000-P,72.75,0.004,0.1,2,1554927410017,17626778,678
2019-04-11 23:00:32.336,25.0,sell,5047.11,BTC-28JUN19-3000-P,70.85,0.006,25.0,0,1555023632336,17721484,679
2019-04-12 03:14:24.957,25.0,sell,4998.22,BTC-28JUN19-3000-P,74.56,0.008,25.0,0,1555038864957,17735479,680
2019-04-12 12:30:52.748,12.0,sell,5076.0,BTC-28JUN19-3000-P,74.31,0.006999999999999999,12.0,2,1555072252748,17747959,681
2019-04-12 12:34:02.802,4.0,sell,5077.3,BTC-28JUN19-3000-P,74.36,0.006999999999999999,4.0,3,1555072442802,17747976,682
2019-04-12 13:17:04.877,4.0,sell,5085.89,BTC-28JUN19-3000-P,74.52,0.006999999999999999,4.0,3,1555075024877,17748877,683
2019-04-14 10:47:12.683,22.0,sell,5079.91,BTC-28JUN19-3000-P,69.67,0.005,22.0,2,1555238832683,17794929,684
2019-04-16 00:20:48.442,5.0,sell,5027.0,BTC-28JUN19-3000-P,72.37,0.006,5.0,0,1555374048442,17849163,685
2019-04-16 18:48:35.172,2.0,buy,5181.61,BTC-28JUN19-3000-P,75.3,0.0055,2.0,2,1555440515172,17876929,686
2019-04-17 01:33:43.348,19.9,sell,5214.88,BTC-28JUN19-3000-P,71.43,0.004,19.9,2,1555464823348,17888000,687
2019-04-17 02:03:34.175,12.0,sell,5226.72,BTC-28JUN19-3000-P,63.59,0.002,12.0,2,1555466614175,17889289,688
2019-04-17 02:32:32.689,40.0,sell,5227.12,BTC-28JUN19-3000-P,63.62,0.002,40.0,3,1555468352689,17890117,689
2019-04-17 02:32:36.489,0.6,sell,5227.61,BTC-28JUN19-3000-P,60.83,0.0015,0.6,2,1555468356489,17890120,690
2019-04-18 13:36:57.903,0.2,buy,5263.01,BTC-28JUN19-3000-P,73.35,0.004,0.2,0,1555594617903,17922911,691
2019-04-19 00:26:10.665,3.9,buy,5268.98,BTC-28JUN19-3000-P,71.85,0.0035,3.9,2,1555633570665,17938869,692
2019-04-21 02:44:59.323,0.1,sell,5333.95,BTC-28JUN19-3000-P,67.43,0.002,0.1,2,1555814699323,17997849,693
2019-04-22 18:59:28.705,2.0,sell,5409.82,BTC-28JUN19-3000-P,69.85,0.002,2.0,3,1555959568705,18061386,694
2019-04-24 14:05:45.505,0.5,sell,5454.04,BTC-28JUN19-3000-P,78.31,0.0035,0.5,0,1556114745505,18178940,695
2019-05-02 17:09:28.723,19.0,buy,5390.26,BTC-28JUN19-3000-P,81.11,0.0035,19.0,1,1556816968723,18563988,697
2019-05-02 17:09:28.723,10.0,buy,5390.26,BTC-28JUN19-3000-P,81.11,0.0035,10.0,1,1556816968723,18563987,696
2019-05-09 01:29:21.942,0.1,buy,6034.53,BTC-28JUN19-3000-P,101.59,0.0035,0.1,1,1557365361942,19212797,698
2019-05-11 11:21:18.633,20.0,buy,6808.45,BTC-28JUN19-3000-P,113.79,0.0025,20.0,2,1557573678633,19556222,699
2019-05-11 12:38:30.837,1.0,buy,6771.33,BTC-28JUN19-3000-P,113.41,0.0025,1.0,3,1557578310837,19564125,700
2019-05-11 15:38:36.623,1.2,buy,6861.19,BTC-28JUN19-3000-P,115.43,0.0025,1.2,3,1557589116623,19583354,701
2019-05-11 21:14:28.538,1.0,buy,6941.75,BTC-28JUN19-3000-P,117.38,0.0025,1.0,3,1557609268538,19639181,702
2019-05-11 22:37:19.048,7.3,sell,7318.43,BTC-28JUN19-3000-P,120.87,0.002,7.3,2,1557614239048,19676459,703
2019-05-11 23:45:37.774,10.0,sell,7348.69,BTC-28JUN19-3000-P,120.61,0.002,10.0,3,1557618337774,19721714,704
2019-05-11 23:48:45.022,2.7,sell,7366.45,BTC-28JUN19-3000-P,120.9,0.002,2.7,3,1557618525022,19723008,705
2019-05-12 01:12:00.217,3.8,buy,7123.3,BTC-28JUN19-3000-P,120.95,0.0025,3.8,0,1557623520217,19770702,706
2019-05-13 11:33:39.426,0.6,buy,7222.63,BTC-28JUN19-3000-P,120.18,0.002,0.6,2,1557747219426,20159658,707
2019-05-13 11:36:20.408,2.4,buy,7259.49,BTC-28JUN19-3000-P,125.17,0.0025,2.4,0,1557747380408,20160873,708
2019-05-15 20:49:18.845,1.0,buy,8175.36,BTC-28JUN19-3000-P,140.56,0.002,1.0,2,1557953358845,20779670,709
2019-05-16 15:32:52.350,1.0,sell,8001.38,BTC-28JUN19-3000-P,126.79,0.001,1.0,2,1558020772350,20943993,710
2019-05-20 10:21:42.172,1.3,buy,7932.52,BTC-28JUN19-3000-P,132.05,0.001,1.3,3,1558347702172,21560259,711
2019-05-23 22:47:53.920,4.0,buy,7939.87,BTC-28JUN19-3000-P,126.9,0.0005,4.0,2,1558651673920,21945901,712
2019-05-26 20:05:53.736,3.0,buy,8713.13,BTC-28JUN19-3000-P,159.62,0.001,3.0,0,1558901153736,22169975,713
2019-05-27 12:30:38.660,0.1,buy,8811.64,BTC-28JUN19-3000-P,162.85,0.001,0.1,1,1558960238660,22296846,714
2019-06-13 20:30:04.564,0.1,buy,8260.09,BTC-28JUN19-3000-P,204.43,0.0005,0.1,2,1560457804564,24094003,715
