date_utc,amount,direction,indexPrice,instrument,iv,price,quantity,tickDirection,timeStamp,tradeId,tradeSeq
2019-02-24 14:15:24.348,1.0,buy,3804.77,BTC-26APR19-4750-P,53.01,0.2735,1.0,1,1551017724348,15898961,1
2019-03-13 14:46:02.241,2.5,buy,3857.15,BTC-26APR19-4750-P,0.0,0.0125,2.5,2,1552488362241,16540486,2
2019-03-13 14:49:57.424,2.5,buy,3853.05,BTC-26APR19-4750-P,0.0,0.0125,2.5,3,1552488597424,16540563,3
2019-03-17 00:06:29.913,0.2,buy,3990.76,BTC-26APR19-4750-P,59.56,0.2135,0.2,0,1552781189913,16650130,4
2019-03-17 05:41:12.008,0.3,buy,3941.47,BTC-26APR19-4750-P,67.66,0.23399999999999999,0.3,0,1552801272008,16658185,5
2019-03-19 10:43:44.213,0.5,sell,3971.6,BTC-26APR19-4750-P,42.41,0.203,0.5,2,1552992224213,16703443,6
2019-04-02 04:38:20.863,2.5,buy,4424.8,BTC-26APR19-4750-P,45.25,0.0935,2.5,2,1554179900863,17028196,7
2019-04-02 04:38:26.905,2.5,buy,4425.09,BTC-26APR19-4750-P,44.17,0.0925,2.5,2,1554179906905,17028350,8
2019-04-02 04:38:35.410,2.5,buy,4431.42,BTC-26APR19-4750-P,45.47,0.0925,2.5,3,1554179915410,17028499,9
2019-04-02 04:39:01.258,1.1,buy,4453.25,BTC-26APR19-4750-P,47.51,0.0905,1.1,2,1554179941258,17029001,10
2019-04-02 04:49:57.194,7.2,sell,4540.82,BTC-26APR19-4750-P,54.4,0.083,7.2,2,1554180597194,17035434,11
2019-04-02 04:50:13.619,7.2,sell,4559.8,BTC-26APR19-4750-P,54.72,0.0805,7.2,2,1554180613619,17035874,12
2019-04-02 04:50:19.533,7.2,sell,4567.0,BTC-26APR19-4750-P,55.76,0.0805,7.2,3,1554180619533,17036034,13
2019-04-02 05:26:36.022,19.0,buy,4976.17,BTC-26APR19-4750-P,63.62,0.0435,19.0,2,1554182796022,17063938,14
2019-04-02 05:27:20.091,19.0,buy,4971.32,BTC-26APR19-4750-P,64.77,0.045,19.0,0,1554182840091,17064386,15
2019-04-02 05:46:00.419,14.0,buy,4828.55,BTC-26APR19-4750-P,64.32,0.0575,14.0,0,1554183960419,17071953,16
2019-04-02 05:46:46.597,14.0,buy,4842.9,BTC-26APR19-4750-P,67.73,0.0595,14.0,0,1554184006597,17072124,17
2019-04-02 05:47:04.581,14.0,buy,4840.27,BTC-26APR19-4750-P,68.46,0.0605,14.0,0,1554184024581,17072155,18
2019-04-02 06:42:08.075,3.0,buy,4684.1,BTC-26APR19-4750-P,61.85,0.071,3.0,0,1554187328075,17086244,19
2019-04-02 10:06:24.427,1.0,buy,4796.01,BTC-26APR19-4750-P,60.76,0.057,1.0,2,1554199584427,17102889,20
2019-04-02 10:06:24.427,0.3,buy,4796.01,BTC-26APR19-4750-P,61.25,0.0575,0.3,0,1554199584427,17102890,21
2019-04-02 10:06:24.427,1.2,buy,4796.01,BTC-26APR19-4750-P,61.25,0.0575,1.2,1,1554199584427,17102891,22
2019-04-02 11:12:55.200,6.0,sell,4792.88,BTC-26APR19-4750-P,61.48,0.058,6.0,0,1554203575200,17106714,23
2019-04-02 11:39:14.579,0.1,buy,4772.76,BTC-26APR19-4750-P,58.4,0.057,0.1,2,1554205154579,17107738,24
2019-04-02 18:56:46.840,0.1,buy,4737.76,BTC-26APR19-4750-P,61.37,0.0635,0.1,0,1554231406840,17126939,25
2019-04-02 19:09:16.471,0.1,buy,4735.03,BTC-26APR19-4750-P,61.07,0.0635,0.1,1,1554232156471,17127129,27
2019-04-02 19:09:16.471,0.1,buy,4735.03,BTC-26APR19-4750-P,61.07,0.0635,0.1,1,1554232156471,17127128,26
2019-04-02 19:09:16.473,0.3,sell,4735.03,BTC-26APR19-4750-P,61.07,0.0635,0.3,1,1554232156473,17127130,28
2019-04-02 20:19:25.558,0.2,sell,4815.62,BTC-26APR19-4750-P,60.32,0.054000000000000006,0.2,2,1554236365558,17130889,29
2019-04-03 03:30:29.320,19.3,buy,5037.58,BTC-26APR19-4750-P,67.83,0.0415,19.3,2,1554262229320,17177707,30
2019-04-03 04:09:23.418,19.3,sell,5005.61,BTC-26APR19-4750-P,67.94,0.044,19.3,0,1554264563418,17180319,31
2019-04-03 05:47:41.514,19.3,sell,4956.85,BTC-26APR19-4750-P,67.03,0.047,19.3,0,1554270461514,17188790,32
2019-04-03 06:21:58.223,0.4,buy,4952.46,BTC-26APR19-4750-P,68.78,0.049,0.4,0,1554272518223,17189508,33
2019-04-03 07:01:46.916,0.1,sell,4981.19,BTC-26APR19-4750-P,69.77,0.0475,0.1,2,1554274906916,17190148,34
2019-04-03 09:30:25.596,0.4,buy,4950.02,BTC-26APR19-4750-P,68.76,0.049,0.4,0,1554283825596,17192871,35
2019-04-03 09:44:10.247,100.0,sell,4960.85,BTC-26APR19-4750-P,67.62,0.047,100.0,2,1554284650247,17192997,36
2019-04-03 09:44:18.777,50.0,sell,4960.76,BTC-26APR19-4750-P,67.62,0.047,50.0,3,1554284658777,17192998,37
2019-04-03 12:14:32.604,8.9,sell,5008.8,BTC-26APR19-4750-P,70.33,0.0455,8.9,2,1554293672604,17195707,38
2019-04-03 14:37:46.870,1.0,buy,5020.94,BTC-26APR19-4750-P,69.34,0.0435,1.0,2,1554302266870,17203814,39
2019-04-03 17:06:51.010,19.3,buy,5181.68,BTC-26APR19-4750-P,75.36,0.0375,19.3,2,1554311211010,17216371,40
2019-04-03 17:06:51.033,0.7000000000000001,sell,5181.68,BTC-26APR19-4750-P,75.36,0.0375,0.7000000000000001,3,1554311211033,17216372,41
2019-04-03 18:37:10.906,0.1,sell,5158.43,BTC-26APR19-4750-P,73.73,0.0375,0.1,3,1554316630906,17222611,42
2019-04-03 18:45:03.476,5.0,sell,5186.67,BTC-26APR19-4750-P,75.84,0.0375,5.0,3,1554317103476,17223415,43
2019-04-03 18:45:09.573,5.1000000000000005,sell,5186.61,BTC-26APR19-4750-P,75.84,0.0375,5.1000000000000005,3,1554317109573,17223423,44
2019-04-03 18:56:42.146,0.9,sell,5161.66,BTC-26APR19-4750-P,76.91,0.04,0.9,0,1554317802146,17224378,45
2019-04-03 19:49:52.943,5.1000000000000005,sell,5133.65,BTC-26APR19-4750-P,78.83,0.0435,5.1000000000000005,0,1554320992943,17227262,46
2019-04-03 20:15:20.596,5.2,sell,5223.69,BTC-26APR19-4750-P,78.66,0.0375,5.2,2,1554322520596,17229688,47
2019-04-03 20:15:20.840,0.3,sell,5223.69,BTC-26APR19-4750-P,78.66,0.0375,0.3,3,1554322520840,17229703,48
2019-04-03 20:15:22.023,0.2,sell,5225.56,BTC-26APR19-4750-P,78.8,0.0375,0.2,3,1554322522023,17229793,49
2019-04-03 20:15:23.630,3.4,sell,5227.48,BTC-26APR19-4750-P,78.94,0.0375,3.4,3,1554322523630,17229830,50
2019-04-03 20:18:47.909,0.1,sell,5217.21,BTC-26APR19-4750-P,66.62,0.028,0.1,2,1554322727909,17231399,51
2019-04-03 20:19:27.045,0.1,sell,5225.1,BTC-26APR19-4750-P,74.55,0.034,0.1,0,1554322767045,17231460,52
2019-04-03 22:43:29.499,5.1000000000000005,sell,5122.5,BTC-26APR19-4750-P,76.45,0.042,5.1000000000000005,0,1554331409499,17250666,53
2019-04-04 08:16:25.496,0.7000000000000001,sell,5044.85,BTC-26APR19-4750-P,79.74,0.05,0.7000000000000001,0,1554365785496,17295940,54
2019-04-04 11:23:55.536,0.2,buy,4945.51,BTC-26APR19-4750-P,80.24,0.0585,0.2,0,1554377035536,17303727,55
2019-04-04 11:41:17.441,5.2,sell,4984.47,BTC-26APR19-4750-P,75.22,0.0505,5.2,2,1554378077441,17304676,56
2019-04-04 15:07:26.831,1.0,buy,4994.77,BTC-26APR19-4750-P,70.34,0.045,1.0,2,1554390446831,17311239,57
2019-04-04 15:07:26.831,1.0,buy,4994.77,BTC-26APR19-4750-P,70.34,0.045,1.0,3,1554390446831,17311240,58
2019-04-04 15:11:40.333,1.0,sell,4987.07,BTC-26APR19-4750-P,69.67,0.045,1.0,3,1554390700333,17311537,59
2019-04-04 15:28:14.194,1.0,buy,4980.05,BTC-26APR19-4750-P,70.16,0.046,1.0,0,1554391694194,17311857,60
2019-04-04 15:30:40.422,1.0,sell,4964.68,BTC-26APR19-4750-P,69.88,0.047,1.0,0,1554391840422,17312241,61
2019-04-04 16:25:55.650,1.0,sell,4957.27,BTC-26APR19-4750-P,67.63,0.0455,1.0,2,1554395155650,17314089,62
2019-04-04 16:26:35.731,1.0,sell,4958.01,BTC-26APR19-4750-P,67.15,0.045,1.0,2,1554395195731,17314162,63
2019-04-04 16:28:13.604,1.0,buy,4960.62,BTC-26APR19-4750-P,68.48,0.046,1.0,0,1554395293604,17314228,64
2019-04-05 05:07:58.418,1.0,sell,4980.19,BTC-26APR19-4750-P,73.89,0.0485,1.0,0,1554440878418,17349272,65
2019-04-05 05:56:34.876,1.0,sell,4970.24,BTC-26APR19-4750-P,73.59,0.049,1.0,0,1554443794876,17351057,66
2019-04-05 06:14:33.151,0.5,sell,4974.02,BTC-26APR19-4750-P,69.52,0.045,0.5,2,1554444873151,17351325,67
2019-04-05 11:32:41.562,1.0,sell,5004.55,BTC-26APR19-4750-P,72.64,0.045,1.0,3,1554463961562,17359194,68
2019-04-05 18:16:58.579,18.6,buy,5059.06,BTC-26APR19-4750-P,73.27,0.040999999999999995,18.6,2,1554488218579,17377817,69
2019-04-05 19:33:18.556,5.0,sell,5012.71,BTC-26APR19-4750-P,70.52,0.042,5.0,0,1554492798556,17379939,70
2019-04-06 16:36:21.693,2.8000000000000003,sell,5171.47,BTC-26APR19-4750-P,64.6,0.0255,2.8000000000000003,2,1554568581693,17406973,71
2019-04-06 18:00:13.734,4.8,sell,5145.58,BTC-26APR19-4750-P,67.33,0.029,4.8,0,1554573613734,17415957,72
2019-04-07 07:40:54.914,6.0,sell,5144.0,BTC-26APR19-4750-P,65.58,0.027000000000000003,6.0,2,1554622854914,17459775,73
2019-04-07 22:53:00.544,2.7,sell,5181.32,BTC-26APR19-4750-P,72.98,0.0295,2.7,0,1554677580544,17490102,74
2019-04-08 15:46:25.743,2.0,buy,5224.9,BTC-26APR19-4750-P,73.6,0.0265,2.0,2,1554738385743,17534949,75
2019-04-08 16:34:11.789,6.9,sell,5216.71,BTC-26APR19-4750-P,70.19,0.0245,6.9,2,1554741251789,17536035,76
2019-04-08 17:39:40.403,25.0,sell,5205.45,BTC-26APR19-4750-P,72.99,0.027000000000000003,25.0,0,1554745180403,17537778,77
2019-04-08 17:48:30.825,6.9,sell,5209.29,BTC-26APR19-4750-P,72.59,0.0265,6.9,2,1554745710825,17537877,78
2019-04-08 17:49:06.507,6.9,sell,5203.19,BTC-26APR19-4750-P,72.12,0.0265,6.9,3,1554745746507,17537921,79
2019-04-08 17:49:17.469,11.2,sell,5201.43,BTC-26APR19-4750-P,71.98,0.0265,11.2,3,1554745757469,17537928,80
2019-04-08 18:10:52.368,4.0,sell,5214.82,BTC-26APR19-4750-P,73.04,0.0265,4.0,3,1554747052368,17538193,81
2019-04-08 18:10:56.850,21.0,sell,5212.26,BTC-26APR19-4750-P,72.85,0.0265,21.0,3,1554747056850,17538198,82
2019-04-08 18:19:30.145,16.0,sell,5230.2,BTC-26APR19-4750-P,73.51,0.026,16.0,2,1554747570145,17538426,83
2019-04-08 18:19:30.966,9.0,sell,5230.2,BTC-26APR19-4750-P,73.51,0.026,9.0,3,1554747570966,17538427,84
2019-04-08 21:48:55.543,0.1,sell,5260.38,BTC-26APR19-4750-P,73.14,0.024,0.1,2,1554760135543,17544344,85
2019-04-08 21:48:55.543,0.2,sell,5260.38,BTC-26APR19-4750-P,73.14,0.024,0.2,3,1554760135543,17544345,86
2019-04-08 22:40:52.782,0.2,buy,5297.9,BTC-26APR19-4750-P,74.43,0.023,0.2,2,1554763252782,17547017,87
2019-04-09 13:55:30.194,1.0,sell,5208.12,BTC-26APR19-4750-P,70.62,0.024,1.0,0,1554818130194,17575420,88
2019-04-09 14:14:06.120,3.9,buy,5206.98,BTC-26APR19-4750-P,71.3,0.0245,3.9,0,1554819246120,17576038,89
2019-04-09 14:22:35.878,3.0,buy,5206.27,BTC-26APR19-4750-P,72.73,0.0255,3.0,0,1554819755878,17576359,90
2019-04-09 14:32:54.636,2.9,sell,5206.96,BTC-26APR19-4750-P,66.1,0.021,2.9,2,1554820374636,17576459,91
2019-04-09 15:27:18.429,16.0,sell,5220.72,BTC-26APR19-4750-P,69.48,0.0225,16.0,0,1554823638429,17577362,92
2019-04-09 15:31:38.736,4.0,sell,5218.67,BTC-26APR19-4750-P,69.33,0.0225,4.0,1,1554823898736,17577570,93
2019-04-09 18:10:12.002,4.1,buy,5209.98,BTC-26APR19-4750-P,71.14,0.024,4.1,0,1554833412002,17579683,94
2019-04-09 18:14:04.553,10.0,sell,5215.91,BTC-26APR19-4750-P,69.36,0.0225,10.0,2,1554833644553,17579772,95
2019-04-09 19:36:55.026,10.0,sell,5214.08,BTC-26APR19-4750-P,67.06,0.021,10.0,2,1554838615026,17580495,96
2019-04-09 19:57:28.789,10.0,sell,5213.71,BTC-26APR19-4750-P,66.29,0.0205,10.0,2,1554839848789,17580617,97
2019-04-09 19:57:29.543,1.0,sell,5213.71,BTC-26APR19-4750-P,65.52,0.02,1.0,2,1554839849543,17580622,98
2019-04-09 20:26:36.711,4.0,sell,5227.29,BTC-26APR19-4750-P,63.41,0.018000000000000002,4.0,2,1554841596711,17581001,99
2019-04-10 02:31:01.843,0.3,sell,5234.16,BTC-26APR19-4750-P,66.0,0.019,0.3,0,1554863461843,17590789,100
2019-04-10 07:35:43.002,0.3,sell,5259.4,BTC-26APR19-4750-P,64.99,0.017,0.3,2,1554881743002,17594684,101
2019-04-10 09:52:26.792,0.3,sell,5249.93,BTC-26APR19-4750-P,61.13,0.015,0.3,2,1554889946792,17596098,102
2019-04-10 13:04:39.795,0.2,sell,5267.5,BTC-26APR19-4750-P,60.85,0.014,0.2,2,1554901479795,17600049,103
2019-04-10 13:50:13.033,0.5,sell,5261.66,BTC-26APR19-4750-P,58.72,0.013,0.5,2,1554904213033,17601335,104
2019-04-10 15:09:43.321,0.7000000000000001,buy,5259.82,BTC-26APR19-4750-P,59.6,0.0135,0.7000000000000001,0,1554908983321,17602458,105
2019-04-10 18:31:40.384,4.0,buy,5368.86,BTC-26APR19-4750-P,61.23,0.0105,4.0,2,1554921100384,17612182,106
2019-04-10 18:32:57.391,1.0,sell,5420.93,BTC-26APR19-4750-P,63.37,0.01,1.0,2,1554921177391,17613753,107
2019-04-10 19:17:34.871,0.7000000000000001,buy,5395.01,BTC-26APR19-4750-P,66.99,0.0125,0.7000000000000001,0,1554923854871,17623870,108
2019-04-11 03:59:13.487,1.0,sell,5194.22,BTC-26APR19-4750-P,64.4,0.0185,1.0,0,1554955153487,17666740,109
2019-04-11 08:07:15.041,1.0,buy,5179.21,BTC-26APR19-4750-P,65.22,0.0195,1.0,0,1554970035041,17672654,110
2019-04-11 08:14:23.648,3.1,buy,5175.26,BTC-26APR19-4750-P,64.91,0.0195,3.1,1,1554970463648,17672988,111
2019-04-11 09:48:54.407,10.0,buy,5131.98,BTC-26APR19-4750-P,61.58,0.0195,10.0,1,1554976134407,17676868,113
2019-04-11 09:48:54.407,5.9,buy,5131.98,BTC-26APR19-4750-P,61.58,0.0195,5.9,1,1554976134407,17676867,112
2019-04-11 09:49:30.448,1.0,buy,5108.12,BTC-26APR19-4750-P,60.4,0.02,1.0,0,1554976170448,17677716,114
2019-04-11 09:50:00.383,10.0,buy,5094.87,BTC-26APR19-4750-P,60.81,0.021,10.0,0,1554976200383,17678678,115
2019-04-11 10:03:12.856,1.2,buy,5087.15,BTC-26APR19-4750-P,66.85,0.0255,1.2,0,1554976992856,17686607,116
2019-04-11 10:03:12.858,1.4,buy,5087.15,BTC-26APR19-4750-P,66.85,0.0255,1.4,1,1554976992858,17686608,117
2019-04-11 10:03:12.860,1.0,buy,5087.15,BTC-26APR19-4750-P,66.85,0.0255,1.0,1,1554976992860,17686609,118
2019-04-11 10:03:12.862,1.1,buy,5087.15,BTC-26APR19-4750-P,66.85,0.0255,1.1,1,1554976992862,17686610,119
2019-04-11 10:03:12.864,1.9,buy,5087.15,BTC-26APR19-4750-P,66.85,0.0255,1.9,1,1554976992864,17686611,120
2019-04-11 10:03:12.883,1.7,buy,5087.15,BTC-26APR19-4750-P,66.85,0.0255,1.7,1,1554976992883,17686612,121
2019-04-11 10:03:12.897,0.3,buy,5087.15,BTC-26APR19-4750-P,66.85,0.0255,0.3,1,1554976992897,17686613,122
2019-04-11 10:03:12.900,1.7,buy,5087.15,BTC-26APR19-4750-P,66.85,0.0255,1.7,1,1554976992900,17686614,123
2019-04-11 10:03:12.907,1.0,buy,5087.15,BTC-26APR19-4750-P,66.85,0.0255,1.0,1,1554976992907,17686615,124
2019-04-11 10:03:12.909,1.3,buy,5087.15,BTC-26APR19-4750-P,66.85,0.0255,1.3,1,1554976992909,17686616,125
2019-04-11 10:03:12.913,3.4,buy,5087.15,BTC-26APR19-4750-P,66.85,0.0255,3.4,1,1554976992913,17686617,126
2019-04-11 10:03:12.913,0.7000000000000001,buy,5087.15,BTC-26APR19-4750-P,66.85,0.0255,0.7000000000000001,1,1554976992913,17686618,127
2019-04-11 10:03:12.914,0.7000000000000001,buy,5087.15,BTC-26APR19-4750-P,66.85,0.0255,0.7000000000000001,1,1554976992914,17686619,128
2019-04-11 10:03:12.916,2.8000000000000003,buy,5087.15,BTC-26APR19-4750-P,66.85,0.0255,2.8000000000000003,1,1554976992916,17686620,129
2019-04-11 10:03:12.917,0.3,buy,5087.15,BTC-26APR19-4750-P,66.85,0.0255,0.3,1,1554976992917,17686621,130
2019-04-11 10:40:09.902,1.0,buy,5067.21,BTC-26APR19-4750-P,65.85,0.026000000000000002,1.0,0,1554979209902,17688440,131
2019-04-11 11:20:32.899,0.4,buy,5058.16,BTC-26APR19-4750-P,65.1,0.026,0.4,1,1554981632899,17691587,132
2019-04-11 11:21:25.424,5.0,sell,5052.92,BTC-26APR19-4750-P,65.34,0.0265,5.0,0,1554981685424,17691616,133
2019-04-11 11:22:26.140,1.6,buy,5031.86,BTC-26APR19-4750-P,66.22,0.0285,1.6,0,1554981746140,17691778,134
2019-04-11 13:51:01.697,1.0,sell,5046.95,BTC-26APR19-4750-P,62.13,0.0245,1.0,2,1554990661697,17701184,135
2019-04-11 17:39:33.526,4.0,buy,5046.06,BTC-26APR19-4750-P,65.29,0.0265,4.0,0,1555004373526,17709484,136
2019-04-11 17:44:13.249,0.4,sell,5042.42,BTC-26APR19-4750-P,61.34,0.024,0.4,2,1555004653249,17709530,137
2019-04-12 01:18:05.788,1.0,buy,4983.51,BTC-26APR19-4750-P,59.29,0.026,1.0,0,1555031885788,17725219,138
2019-04-12 02:34:34.543,4.0,buy,4999.73,BTC-26APR19-4750-P,65.25,0.029,4.0,0,1555036474543,17734732,139
2019-04-12 08:12:00.624,0.1,sell,5036.47,BTC-26APR19-4750-P,46.69,0.014,0.1,2,1555056720624,17741657,140
2019-04-12 11:15:44.023,1.0,sell,5084.56,BTC-26APR19-4750-P,57.44,0.018000000000000002,1.0,0,1555067744023,17746750,141
2019-04-12 14:10:22.087,0.1,sell,5061.44,BTC-26APR19-4750-P,55.69,0.018000000000000002,0.1,1,1555078222087,17749948,142
2019-04-12 17:07:35.276,0.6,sell,5078.26,BTC-26APR19-4750-P,55.79,0.017,0.6,2,1555088855276,17752483,143
2019-04-13 05:28:45.920,2.0,sell,5105.24,BTC-26APR19-4750-P,54.04,0.014,2.0,2,1555133325920,17766973,144
2019-04-13 11:29:58.103,2.0,buy,5060.67,BTC-26APR19-4750-P,61.57,0.0205,2.0,0,1555154998103,17772525,145
2019-04-13 11:42:52.438,5.0,buy,5056.33,BTC-26APR19-4750-P,61.99,0.021,5.0,0,1555155772438,17772837,146
2019-04-13 12:07:06.385,0.5,sell,5068.08,BTC-26APR19-4750-P,54.06,0.0155,0.5,2,1555157226385,17773143,147
2019-04-13 14:21:42.134,3.0,sell,5086.71,BTC-26APR19-4750-P,55.01,0.015,3.0,2,1555165302134,17778641,148
2019-04-13 14:21:52.244,7.0,sell,5087.21,BTC-26APR19-4750-P,55.06,0.015,7.0,3,1555165312244,17778655,149
2019-04-13 15:51:37.503,15.0,sell,5097.72,BTC-26APR19-4750-P,52.53,0.013,15.0,2,1555170697503,17780732,150
2019-04-13 23:07:32.636,5.0,sell,5079.75,BTC-26APR19-4750-P,52.55,0.0135,5.0,0,1555196852636,17787637,151
2019-04-13 23:08:28.245,5.0,sell,5079.13,BTC-26APR19-4750-P,52.5,0.0135,5.0,1,1555196908245,17787639,152
2019-04-14 20:15:27.575,0.1,sell,5089.99,BTC-26APR19-4750-P,50.64,0.011,0.1,2,1555272927575,17801289,153
2019-04-15 02:49:42.297,1.0,sell,5168.0,BTC-26APR19-4750-P,57.77,0.011,1.0,3,1555296582297,17812248,154
2019-04-15 04:39:31.390,0.2,sell,5171.61,BTC-26APR19-4750-P,55.01,0.0095,0.2,2,1555303171390,17813118,155
2019-04-15 06:11:45.851,0.2,sell,5168.53,BTC-26APR19-4750-P,53.8,0.009000000000000001,0.2,3,1555308705851,17814443,157
2019-04-15 06:11:45.851,0.2,sell,5168.53,BTC-26APR19-4750-P,53.8,0.009000000000000001,0.2,2,1555308705851,17814442,156
2019-04-15 06:17:34.099,0.2,sell,5168.71,BTC-26APR19-4750-P,52.69,0.0085,0.2,2,1555309054099,17814489,158
2019-04-15 06:17:34.099,1.8,sell,5168.71,BTC-26APR19-4750-P,52.69,0.0085,1.8,3,1555309054099,17814490,159
2019-04-15 07:50:59.466,1.0,sell,5155.92,BTC-26APR19-4750-P,52.97,0.009000000000000001,1.0,0,1555314659466,17815644,160
2019-04-15 12:00:29.975,2.0,buy,5135.23,BTC-26APR19-4750-P,56.03,0.011,2.0,0,1555329629975,17818059,161
2019-04-15 12:00:29.975,3.0,buy,5135.23,BTC-26APR19-4750-P,56.03,0.011,3.0,1,1555329629975,17818060,162
2019-04-15 12:10:01.079,1.0,buy,5121.79,BTC-26APR19-4750-P,53.86,0.0105,1.0,2,1555330201079,17818335,163
2019-04-15 17:30:08.734,0.2,buy,5053.2,BTC-26APR19-4750-P,52.37,0.0125,0.2,0,1555349408734,17824703,164
2019-04-15 17:33:58.998,0.2,buy,5020.88,BTC-26APR19-4750-P,51.2,0.0135,0.2,0,1555349638998,17826889,165
2019-04-15 17:35:03.190,0.2,buy,5041.54,BTC-26APR19-4750-P,55.06,0.0145,0.2,0,1555349703190,17827576,166
2019-04-15 17:40:43.628,2.0,buy,5040.14,BTC-26APR19-4750-P,54.93,0.0145,2.0,1,1555350043628,17830051,167
2019-04-15 18:12:01.000,0.1,buy,5044.88,BTC-26APR19-4750-P,52.62,0.013,0.1,2,1555351921000,17832391,168
2019-04-15 21:12:10.175,0.1,buy,5018.26,BTC-26APR19-4750-P,56.8,0.0165,0.1,0,1555362730175,17845391,169
2019-04-16 03:21:45.646,0.1,sell,5053.49,BTC-26APR19-4750-P,55.39,0.0135,0.1,2,1555384905646,17851062,170
2019-04-16 05:27:02.847,9.9,sell,5064.71,BTC-26APR19-4750-P,56.71,0.0135,9.9,3,1555392422847,17852316,171
2019-04-16 06:20:17.888,0.1,sell,5071.91,BTC-26APR19-4750-P,52.45,0.011,0.1,2,1555395617888,17853703,172
2019-04-16 08:49:02.811,0.2,sell,5082.33,BTC-26APR19-4750-P,55.75,0.012,0.2,0,1555404542811,17854662,173
2019-04-16 08:49:02.811,0.2,sell,5082.33,BTC-26APR19-4750-P,55.75,0.012,0.2,1,1555404542811,17854663,174
2019-04-16 08:49:08.991,3.5,sell,5082.37,BTC-26APR19-4750-P,52.62,0.0105,3.5,2,1555404548991,17854669,175
2019-04-16 08:49:08.993,8.4,sell,5082.37,BTC-26APR19-4750-P,52.62,0.0105,8.4,3,1555404548993,17854670,176
2019-04-16 08:49:08.998,4.1,sell,5082.37,BTC-26APR19-4750-P,52.62,0.0105,4.1,3,1555404548998,17854671,177
2019-04-16 08:49:08.998,0.9,sell,5082.37,BTC-26APR19-4750-P,52.62,0.0105,0.9,3,1555404548998,17854672,178
2019-04-16 08:49:09.004,1.1,sell,5082.37,BTC-26APR19-4750-P,52.62,0.0105,1.1,3,1555404549004,17854673,179
2019-04-16 08:49:09.012,5.1000000000000005,buy,5082.37,BTC-26APR19-4750-P,52.62,0.0105,5.1000000000000005,3,1555404549012,17854675,181
2019-04-16 08:49:09.012,6.6000000000000005,buy,5082.37,BTC-26APR19-4750-P,52.62,0.0105,6.6000000000000005,3,1555404549012,17854674,180
2019-04-16 08:49:09.012,4.3,buy,5082.37,BTC-26APR19-4750-P,52.62,0.0105,4.3,3,1555404549012,17854676,182
2019-04-16 08:49:09.012,2.9,buy,5082.37,BTC-26APR19-4750-P,52.62,0.0105,2.9,3,1555404549012,17854677,183
2019-04-16 08:49:09.039,11.5,buy,5082.37,BTC-26APR19-4750-P,52.62,0.0105,11.5,3,1555404549039,17854681,187
2019-04-16 08:49:09.039,6.1000000000000005,buy,5082.37,BTC-26APR19-4750-P,52.62,0.0105,6.1000000000000005,3,1555404549039,17854678,184
2019-04-16 08:49:09.039,1.2,buy,5082.37,BTC-26APR19-4750-P,52.62,0.0105,1.2,3,1555404549039,17854679,185
2019-04-16 08:49:09.039,6.2,buy,5082.37,BTC-26APR19-4750-P,52.62,0.0105,6.2,3,1555404549039,17854680,186
2019-04-16 08:49:10.588,7.8,buy,5082.37,BTC-26APR19-4750-P,52.62,0.0105,7.8,3,1555404550588,17854684,190
2019-04-16 08:49:10.588,0.9,buy,5082.37,BTC-26APR19-4750-P,52.62,0.0105,0.9,3,1555404550588,17854682,188
2019-04-16 08:49:10.588,7.3,buy,5082.37,BTC-26APR19-4750-P,52.62,0.0105,7.3,3,1555404550588,17854683,189
2019-04-16 08:49:19.403,3.9,buy,5082.31,BTC-26APR19-4750-P,52.62,0.0105,3.9,3,1555404559403,17854685,191
2019-04-16 08:49:19.403,17.8,buy,5082.31,BTC-26APR19-4750-P,52.62,0.0105,17.8,3,1555404559403,17854686,192
2019-04-16 08:49:57.279,0.1,buy,5082.16,BTC-26APR19-4750-P,53.66,0.011,0.1,0,1555404597279,17854687,193
2019-04-16 11:01:13.041,3.0,sell,5059.25,BTC-26APR19-4750-P,50.75,0.0105,3.0,2,1555412473041,17856149,194
2019-04-16 12:16:38.096,10.0,sell,5074.92,BTC-26APR19-4750-P,51.26,0.01,10.0,2,1555416998096,17856598,195
2019-04-16 12:17:02.256,1.0,sell,5074.47,BTC-26APR19-4750-P,50.13,0.0095,1.0,2,1555417022256,17856607,196
2019-04-16 13:54:27.178,0.1,buy,5041.39,BTC-26APR19-4750-P,53.45,0.0125,0.1,0,1555422867178,17858698,197
2019-04-16 13:54:27.178,4.9,buy,5041.39,BTC-26APR19-4750-P,53.45,0.0125,4.9,1,1555422867178,17858699,198
2019-04-16 14:35:07.978,0.3,buy,5053.85,BTC-26APR19-4750-P,54.74,0.0125,0.3,1,1555425307978,17860775,200
2019-04-16 14:35:07.978,0.1,buy,5053.85,BTC-26APR19-4750-P,54.74,0.0125,0.1,1,1555425307978,17860774,199
2019-04-16 14:35:10.116,0.4,buy,5053.93,BTC-26APR19-4750-P,54.75,0.0125,0.4,1,1555425310116,17860792,201
2019-04-16 14:35:15.961,0.4,buy,5053.7,BTC-26APR19-4750-P,54.73,0.0125,0.4,1,1555425315961,17860802,202
2019-04-16 14:35:19.804,0.4,buy,5053.62,BTC-26APR19-4750-P,55.73,0.013000000000000001,0.4,0,1555425319804,17860811,203
2019-04-16 17:34:15.169,0.1,buy,5207.31,BTC-26APR19-4750-P,57.18,0.0075,0.1,2,1555436055169,17871715,204
2019-04-16 17:57:22.384,10.0,sell,5227.42,BTC-26APR19-4750-P,51.62,0.005,10.0,2,1555437442384,17874683,205
2019-04-16 18:01:38.400,10.0,sell,5221.58,BTC-26APR19-4750-P,49.61,0.0045,10.0,2,1555437698400,17875177,206
2019-04-16 18:01:38.466,10.0,buy,5221.58,BTC-26APR19-4750-P,49.61,0.0045,10.0,3,1555437698466,17875178,207
2019-04-16 18:01:42.007,10.0,buy,5221.39,BTC-26APR19-4750-P,49.6,0.0045,10.0,3,1555437702007,17875179,208
2019-04-16 18:02:07.632,10.0,buy,5220.74,BTC-26APR19-4750-P,49.55,0.0045,10.0,3,1555437727632,17875206,209
2019-04-16 18:02:20.123,10.3,buy,5216.98,BTC-26APR19-4750-P,49.28,0.0045,10.3,3,1555437740123,17875224,210
2019-04-16 18:02:20.146,10.3,buy,5216.98,BTC-26APR19-4750-P,49.28,0.0045,10.3,3,1555437740146,17875225,211
2019-04-16 18:02:36.976,9.4,buy,5216.52,BTC-26APR19-4750-P,49.25,0.0045,9.4,3,1555437756976,17875241,212
2019-04-16 18:44:09.712,1.0,sell,5193.26,BTC-26APR19-4750-P,50.67,0.0055,1.0,0,1555440249712,17876803,213
2019-04-16 20:11:32.269,3.0,buy,5182.63,BTC-26APR19-4750-P,54.19,0.006999999999999999,3.0,0,1555445492269,17879167,214
2019-04-16 21:41:55.024,0.1,buy,5199.69,BTC-26APR19-4750-P,54.36,0.0065,0.1,2,1555450915024,17880744,215
2019-04-16 23:42:56.865,1.0,buy,5209.32,BTC-26APR19-4750-P,53.94,0.006,1.0,2,1555458176865,17882375,216
2019-04-17 02:08:50.136,0.1,buy,5218.11,BTC-26APR19-4750-P,53.42,0.0055,0.1,2,1555466930136,17889379,217
2019-04-17 04:08:16.607,0.1,buy,5229.49,BTC-26APR19-4750-P,52.96,0.005,0.1,2,1555474096607,17891144,218
2019-04-17 10:43:33.714,1.0,sell,5232.51,BTC-26APR19-4750-P,54.0,0.005,1.0,3,1555497813714,17895878,219
2019-04-17 12:18:09.524,0.5,buy,5177.67,BTC-26APR19-4750-P,51.49,0.0055,0.5,0,1555503489524,17900016,220
2019-04-17 16:39:04.305,0.3,sell,5216.8,BTC-26APR19-4750-P,51.88,0.0045,0.3,2,1555519144305,17904863,221
2019-04-17 21:45:35.196,4.0,buy,5229.8,BTC-26APR19-4750-P,53.53,0.0045,4.0,3,1555537535196,17909177,222
2019-04-18 01:32:09.980,3.0,sell,5273.82,BTC-26APR19-4750-P,55.54,0.004,3.0,2,1555551129980,17912816,223
2019-04-18 01:36:45.136,0.1,buy,5280.77,BTC-26APR19-4750-P,56.07,0.004,0.1,3,1555551405136,17913413,224
2019-04-18 02:53:13.295,0.1,buy,5262.93,BTC-26APR19-4750-P,56.78,0.0045,0.1,0,1555555993295,17915429,225
2019-04-18 08:06:21.190,3.0,buy,5262.02,BTC-26APR19-4750-P,57.47,0.0045,3.0,1,1555574781190,17919230,226
2019-04-18 15:54:05.303,7.0,buy,5258.48,BTC-26APR19-4750-P,56.48,0.004,7.0,2,1555602845303,17925545,227
2019-04-18 18:28:22.737,0.3,sell,5280.28,BTC-26APR19-4750-P,56.5,0.0035,0.3,2,1555612102737,17930885,228
2019-04-18 21:03:32.369,3.0,buy,5306.79,BTC-26APR19-4750-P,58.91,0.0035,3.0,3,1555621412369,17935616,229
2019-04-18 21:20:59.918,1.0,buy,5299.63,BTC-26APR19-4750-P,58.42,0.0035,1.0,3,1555622459918,17935877,230
2019-04-18 22:46:47.270,0.1,buy,5296.81,BTC-26APR19-4750-P,58.44,0.0035,0.1,3,1555627607270,17937048,231
2019-04-18 23:09:15.964,0.1,sell,5282.62,BTC-26APR19-4750-P,55.17,0.003,0.1,2,1555628955964,17938217,232
2019-04-18 23:17:11.496,0.1,sell,5274.8,BTC-26APR19-4750-P,52.18,0.0025,0.1,2,1555629431496,17938344,233
2019-04-19 02:50:27.776,6.4,buy,5205.47,BTC-26APR19-4750-P,57.63,0.005,6.4,0,1555642227776,17944741,234
2019-04-19 02:50:27.803,6.5,buy,5205.47,BTC-26APR19-4750-P,59.36,0.0055,6.5,0,1555642227803,17944742,235
2019-04-19 02:50:27.894,3.5,buy,5205.47,BTC-26APR19-4750-P,59.36,0.0055,3.5,1,1555642227894,17944743,236
2019-04-19 02:50:27.894,0.5,buy,5205.47,BTC-26APR19-4750-P,61.04,0.006,0.5,0,1555642227894,17944744,237
2019-04-19 02:50:27.894,0.8,buy,5205.47,BTC-26APR19-4750-P,159.28,0.0485,0.8,0,1555642227894,17944745,238
2019-04-19 02:50:28.033,5.6000000000000005,buy,5205.47,BTC-26APR19-4750-P,61.04,0.006,5.6000000000000005,2,1555642228033,17944746,239
2019-04-19 02:50:28.058,4.4,buy,5205.47,BTC-26APR19-4750-P,61.04,0.006,4.4,3,1555642228058,17944747,240
2019-04-19 02:50:28.058,0.7000000000000001,buy,5205.47,BTC-26APR19-4750-P,159.28,0.0485,0.7000000000000001,0,1555642228058,17944748,241
2019-04-19 02:50:28.363,1.5,buy,5205.47,BTC-26APR19-4750-P,159.28,0.0485,1.5,1,1555642228363,17944749,242
2019-04-19 02:50:28.363,0.7000000000000001,buy,5205.47,BTC-26APR19-4750-P,210.41,0.07400000000000001,0.7000000000000001,0,1555642228363,17944750,243
2019-04-19 02:54:12.557,20.0,buy,5214.24,BTC-26APR19-4750-P,58.39,0.005,20.0,2,1555642452557,17944907,244
2019-04-19 02:54:43.508,10.0,buy,5219.58,BTC-26APR19-4750-P,58.85,0.005,10.0,3,1555642483508,17944944,245
2019-04-19 02:54:43.831,0.5,buy,5219.58,BTC-26APR19-4750-P,62.3,0.006,0.5,0,1555642483831,17944945,246
2019-04-19 02:54:43.831,3.4,buy,5219.58,BTC-26APR19-4750-P,63.95,0.0065,3.4,0,1555642483831,17944946,247
2019-04-19 02:54:43.843,3.9,buy,5219.58,BTC-26APR19-4750-P,63.95,0.0065,3.9,1,1555642483843,17944947,248
2019-04-19 02:54:43.845,2.7,buy,5219.58,BTC-26APR19-4750-P,63.95,0.0065,2.7,1,1555642483845,17944948,249
2019-04-19 02:54:43.856,0.5,sell,5219.58,BTC-26APR19-4750-P,164.32,0.05,0.5,0,1555642483856,17944949,250
2019-04-19 02:54:45.464,13.7,sell,5219.58,BTC-26APR19-4750-P,164.32,0.05,13.7,1,1555642485464,17944950,251
2019-04-19 02:54:45.464,3.3000000000000003,sell,5219.58,BTC-26APR19-4750-P,164.32,0.05,3.3000000000000003,1,1555642485464,17944951,252
2019-04-19 02:54:45.464,3.0,sell,5219.58,BTC-26APR19-4750-P,164.32,0.05,3.0,1,1555642485464,17944952,253
2019-04-19 02:54:46.742,0.5,sell,5219.58,BTC-26APR19-4750-P,164.32,0.05,0.5,1,1555642486742,17944953,254
2019-04-19 02:54:46.869,6.1000000000000005,sell,5219.58,BTC-26APR19-4750-P,164.32,0.05,6.1000000000000005,1,1555642486869,17944954,255
2019-04-19 02:54:46.869,0.9,sell,5219.58,BTC-26APR19-4750-P,164.32,0.05,0.9,1,1555642486869,17944955,256
2019-04-19 02:55:43.262,0.5,buy,5219.7,BTC-26APR19-4750-P,58.86,0.005,0.5,2,1555642543262,17944981,257
2019-04-19 02:55:43.262,20.0,buy,5219.7,BTC-26APR19-4750-P,60.62,0.0055,20.0,0,1555642543262,17944982,258
2019-04-19 02:55:44.811,4.5,sell,5219.7,BTC-26APR19-4750-P,60.62,0.0055,4.5,1,1555642544811,17944983,259
2019-04-19 06:18:57.191,1.0,buy,5240.75,BTC-26APR19-4750-P,57.39,0.004,1.0,2,1555654737191,17947043,260
2019-04-19 08:45:40.876,2.8000000000000003,sell,5244.16,BTC-26APR19-4750-P,55.99,0.0035,2.8000000000000003,2,1555663540876,17948085,261
2019-04-19 10:32:14.373,0.1,buy,5249.21,BTC-26APR19-4750-P,58.81,0.004,0.1,0,1555669934373,17949403,262
2019-04-19 15:45:10.076,0.2,buy,5271.88,BTC-26APR19-4750-P,59.45,0.0035,0.2,2,1555688710076,17954100,263
2019-04-19 15:45:10.076,0.8,buy,5271.88,BTC-26APR19-4750-P,59.45,0.0035,0.8,3,1555688710076,17954101,264
2019-04-19 17:22:40.209,0.1,buy,5278.21,BTC-26APR19-4750-P,60.27,0.0035,0.1,3,1555694560209,17963038,265
2019-04-20 00:25:30.677,1.0,sell,5299.59,BTC-26APR19-4750-P,58.28,0.0025,1.0,2,1555719930677,17971137,266
2019-04-20 00:45:17.415,10.0,buy,5291.57,BTC-26APR19-4750-P,60.37,0.003,10.0,0,1555721117415,17971320,267
2019-04-20 01:17:07.680,1.1,buy,5286.54,BTC-26APR19-4750-P,60.08,0.003,1.1,1,1555723027680,17971490,268
2019-04-20 03:06:26.400,0.1,buy,5296.74,BTC-26APR19-4750-P,61.27,0.003,0.1,1,1555729586400,17974497,269
2019-04-20 03:06:52.149,0.1,buy,5296.97,BTC-26APR19-4750-P,61.29,0.003,0.1,1,1555729612149,17974504,270
2019-04-20 03:09:11.077,0.1,sell,5295.48,BTC-26APR19-4750-P,55.53,0.002,0.1,2,1555729751077,17974514,271
2019-04-20 09:07:10.031,4.0,buy,5314.12,BTC-26APR19-4750-P,63.97,0.003,4.0,0,1555751230031,17980254,272
2019-04-20 12:30:10.793,0.9,sell,5319.4,BTC-26APR19-4750-P,59.23,0.002,0.9,2,1555763410793,17983138,273
2019-04-20 16:59:21.111,0.1,sell,5328.96,BTC-26APR19-4750-P,60.95,0.002,0.1,3,1555779561111,17986051,274
2019-04-20 17:08:54.295,0.5,sell,5323.41,BTC-26APR19-4750-P,56.92,0.0015,0.5,2,1555780134295,17986118,275
2019-04-21 06:50:34.181,4.0,sell,5321.47,BTC-26APR19-4750-P,63.73,0.002,4.0,0,1555829434181,17999581,276
2019-04-21 07:27:59.299,3.0,buy,5327.97,BTC-26APR19-4750-P,67.82,0.0025,3.0,0,1555831679299,17999823,277
2019-04-21 08:10:41.412,2.3000000000000003,buy,5309.19,BTC-26APR19-4750-P,66.39,0.0025,2.3000000000000003,1,1555834241412,18000207,279
2019-04-21 08:10:41.412,1.7,buy,5309.19,BTC-26APR19-4750-P,66.39,0.0025,1.7,1,1555834241412,18000206,278
2019-04-21 08:19:22.037,1.0,buy,5302.53,BTC-26APR19-4750-P,65.85,0.0025,1.0,1,1555834762037,18000486,280
2019-04-21 09:40:21.400,15.0,buy,5274.91,BTC-26APR19-4750-P,66.74,0.003,15.0,0,1555839621400,18003720,281
2019-04-21 09:40:34.924,6.0,buy,5277.61,BTC-26APR19-4750-P,66.99,0.003,6.0,1,1555839634924,18003771,282
2019-04-21 09:56:12.720,0.5,buy,5241.41,BTC-26APR19-4750-P,63.72,0.003,0.5,1,1555840572720,18007514,283
2019-04-21 12:42:20.887,0.1,sell,5250.53,BTC-26APR19-4750-P,55.52,0.0015,0.1,2,1555850540887,18014183,284
2019-04-21 12:42:32.848,0.2,buy,5249.8,BTC-26APR19-4750-P,65.27,0.003,0.2,0,1555850552848,18014184,285
2019-04-21 20:03:59.064,2.0,buy,5257.89,BTC-26APR19-4750-P,65.19,0.0025,2.0,2,1555877039064,18021745,286
2019-04-22 01:20:29.783,3.4,sell,5279.95,BTC-26APR19-4750-P,56.64,0.001,3.4,3,1555896029783,18028604,290
2019-04-22 01:20:29.783,1.8,sell,5279.95,BTC-26APR19-4750-P,56.64,0.001,1.8,3,1555896029783,18028603,289
2019-04-22 01:20:29.783,1.0,sell,5279.95,BTC-26APR19-4750-P,56.64,0.001,1.0,2,1555896029783,18028602,288
2019-04-22 01:20:29.783,1.8,sell,5279.95,BTC-26APR19-4750-P,61.44,0.0015,1.8,2,1555896029783,18028601,287
2019-04-22 09:59:04.153,1.0,buy,5301.6,BTC-26APR19-4750-P,66.19,0.0015,1.0,0,1555927144153,18034723,291
2019-04-22 10:05:05.856,0.1,buy,5299.55,BTC-26APR19-4750-P,70.3,0.002,0.1,0,1555927505856,18034839,292
2019-04-22 15:43:23.934,1.0,buy,5341.38,BTC-26APR19-4750-P,72.02,0.0015,1.0,2,1555947803934,18045347,293
2019-04-22 21:52:00.887,0.5,sell,5395.59,BTC-26APR19-4750-P,73.83,0.001,0.5,2,1555969920887,18070005,294
2019-04-22 21:52:00.887,0.6,sell,5395.59,BTC-26APR19-4750-P,65.65,0.0005,0.6,2,1555969920887,18070006,295
2019-04-23 04:12:24.612,207.2,buy,5467.44,BTC-26APR19-4750-P,83.43,0.001,207.2,0,1555992744612,18080717,296
2019-04-23 07:18:00.431,4.0,sell,5532.9,BTC-26APR19-4750-P,81.42,0.0005,4.0,2,1556003880431,18100403,297
2019-04-23 07:20:31.450,0.1,buy,5535.25,BTC-26APR19-4750-P,98.51,0.0015,0.1,0,1556004031450,18100432,298
2019-04-23 08:34:35.868,3.3000000000000003,sell,5560.42,BTC-26APR19-4750-P,94.49,0.001,3.3000000000000003,2,1556008475868,18102944,299
2019-04-23 09:28:08.076,0.5,sell,5542.85,BTC-26APR19-4750-P,93.47,0.001,0.5,3,1556011688076,18104179,300
2019-04-23 09:51:42.766,0.1,buy,5532.36,BTC-26APR19-4750-P,100.0,0.0015,0.1,0,1556013102766,18105181,301
2019-04-23 09:52:45.408,0.5,sell,5531.84,BTC-26APR19-4750-P,92.74,0.001,0.5,2,1556013165408,18105189,302
2019-04-23 13:01:06.741,6.7,sell,5561.11,BTC-26APR19-4750-P,97.63,0.001,6.7,3,1556024466741,18109681,303
2019-04-23 15:49:34.643,0.6,sell,5562.97,BTC-26APR19-4750-P,89.31,0.0005,0.6,2,1556034574643,18114454,304
2019-04-23 15:49:34.643,7.4,sell,5562.97,BTC-26APR19-4750-P,89.31,0.0005,7.4,3,1556034574643,18114455,305
2019-04-23 16:43:22.567,6.9,buy,5575.4,BTC-26APR19-4750-P,101.82,0.001,6.9,0,1556037802567,18115868,306
2019-04-23 16:43:44.660,2.1,buy,5575.59,BTC-26APR19-4750-P,109.68,0.0015,2.1,0,1556037824660,18115869,307
2019-04-23 16:43:49.555,1.0,buy,5575.59,BTC-26APR19-4750-P,109.68,0.0015,1.0,1,1556037829555,18115870,308
2019-04-23 18:37:15.721,0.1,sell,5586.81,BTC-26APR19-4750-P,93.44,0.0005,0.1,2,1556044635721,18120407,309
2019-04-24 02:20:16.277,0.1,sell,5554.39,BTC-26APR19-4750-P,96.83,0.0005,0.1,3,1556072416277,18140366,310
2019-04-24 03:16:21.883,0.3,sell,5562.08,BTC-26APR19-4750-P,98.43,0.0005,0.3,3,1556075781883,18141060,311
2019-04-24 03:16:21.883,0.7000000000000001,sell,5562.08,BTC-26APR19-4750-P,98.43,0.0005,0.7000000000000001,3,1556075781883,18141061,312
2019-04-24 07:43:27.801,10.0,buy,5541.19,BTC-26APR19-4750-P,112.79,0.001,10.0,0,1556091807801,18151087,313
2019-04-24 07:43:27.801,6.9,buy,5541.19,BTC-26APR19-4750-P,112.79,0.001,6.9,1,1556091807801,18151088,314
2019-04-24 08:18:17.280,0.1,sell,5458.46,BTC-26APR19-4750-P,92.8,0.0005,0.1,2,1556093897280,18160812,315
2019-04-24 08:58:09.635,0.1,buy,5484.21,BTC-26APR19-4750-P,107.83,0.001,0.1,0,1556096289635,18163042,316
2019-04-24 12:50:46.818,5.0,sell,5457.37,BTC-26APR19-4750-P,97.45,0.0005,5.0,2,1556110246818,18176600,317
2019-04-25 21:36:06.628,10.0,buy,5460.47,BTC-26APR19-4750-P,199.2,0.0005,10.0,3,1556228166628,18232222,318
2019-04-25 22:08:28.550,0.9,buy,5125.46,BTC-26APR19-4750-P,139.87,0.001,0.9,0,1556230108550,18250094,319
2019-04-25 22:08:28.550,3.1,buy,5125.46,BTC-26APR19-4750-P,139.87,0.001,3.1,1,1556230108550,18250095,320
2019-04-25 22:10:06.121,4.0,buy,5062.19,BTC-26APR19-4750-P,121.56,0.001,4.0,1,1556230206121,18253013,321
2019-04-25 22:10:16.362,2.9,buy,5052.26,BTC-26APR19-4750-P,118.59,0.001,2.9,1,1556230216362,18253264,322
2019-04-25 22:12:05.508,1.0,buy,4996.79,BTC-26APR19-4750-P,112.25,0.0015,1.0,0,1556230325508,18257366,323
2019-04-25 22:12:05.508,10.0,buy,4996.79,BTC-26APR19-4750-P,112.25,0.0015,10.0,1,1556230325508,18257367,324
2019-04-25 23:42:15.094,2.0,sell,5115.4,BTC-26APR19-4750-P,149.34,0.001,2.0,2,1556235735094,18286292,325
2019-04-26 00:28:22.567,10.0,sell,5100.8,BTC-26APR19-4750-P,132.91,0.0005,10.0,2,1556238502567,18290409,326
