date_utc,amount,direction,indexPrice,instrument,iv,price,quantity,tickDirection,timeStamp,tradeId,tradeSeq
2019-02-24 14:15:24.348,1.0,buy,3804.77,BTC-26APR19-4750-P,53.01,0.2735,1.0,1,1551017724348,15898961,1
2019-03-13 14:46:02.241,2.5,buy,3857.15,BTC-26APR19-4750-P,0.0,0.0125,2.5,2,1552488362241,16540486,2
2019-03-13 14:49:57.424,2.5,buy,3853.05,BTC-26APR19-4750-P,0.0,0.0125,2.5,3,1552488597424,16540563,3
2019-03-17 00:06:29.913,0.2,buy,3990.76,BTC-26APR19-4750-P,59.56,0.2135,0.2,0,1552781189913,16650130,4
2019-03-17 05:41:12.008,0.3,buy,3941.47,BTC-26APR19-4750-P,67.66,0.234,0.3,0,1552801272008,16658185,5
2019-03-19 10:43:44.213,0.5,sell,3971.6,BTC-26APR19-4750-P,42.41,0.203,0.5,2,1552992224213,16703443,6
2019-04-02 04:38:20.863,2.5,buy,4424.8,BTC-26APR19-4750-P,45.25,0.0935,2.5,2,1554179900863,17028196,7
2019-04-02 04:38:26.905,2.5,buy,4425.09,BTC-26APR19-4750-P,44.17,0.0925,2.5,2,1554179906905,17028350,8
2019-04-02 04:38:35.410,2.5,buy,4431.42,BTC-26APR19-4750-P,45.47,0.0925,2.5,3,1554179915410,17028499,9
2019-04-02 04:39:01.258,1.1,buy,4453.25,BTC-26APR19-4750-P,47.51,0.0905,1.1,2,1554179941258,17029001,10
2019-04-02 04:49:57.194,7.2,sell,4540.82,BTC-26APR19-4750-P,54.4,0.083,7.2,2,1554180597194,17035434,11
2019-04-02 04:50:13.619,7.2,sell,4559.8,BTC-26APR19-4750-P,54.72,0.0805,7.2,2,1554180613619,17035874,12
2019-04-02 04:50:19.533,7.2,sell,4567.0,BTC-26APR19-4750-P,55.76,0.0805,7.2,3,1554180619533,17036034,13
2019-04-02 05:26:36.022,19.0,buy,4976.17,BTC-26APR19-4750-P,63.62,0.0435,19.0,2,1554182796022,17063938,14
2019-04-02 05:27:20.091,19.0,buy,4971.32,BTC-26APR19-4750-P,64.77,0.045,19.0,0,1554182840091,17064386,15
2019-04-02 05:46:00.419,14.0,buy,4828.55,BTC-26APR19-4750-P,64.32,0.0575,14.0,0,1554183960419,17071953,16
2019-04-02 05:46:46.597,14.0,buy,4842.9,BTC-26APR19-4750-P,67.73,0.0595,14.0,0,1554184006597,17072124,17
2019-04-02 05:47:04.581,14.0,buy,4840.27,BTC-26APR19-4750-P,68.46,0.0605,14.0,0,1554184024581,17072155,18
2019-04-02 06:42:08.075,3.0,buy,4684.1,BTC-26APR19-4750-P,61.85,0.071,3.0,0,1554187328075,17086244,19
2019-04-02 10:06:24.427,1.0,buy,4796.01,BTC-26APR19-4750-P,60.76,0.057,1.0,2,1554199584427,17102889,20
2019-04-02 10:06:24.427,1.2,buy,4796.01,BTC-26APR19-4750-P,61.25,0.0575,1.2,1,1554199584427,17102891,22
2019-04-02 10:06:24.427,0.3,buy,4796.01,BTC-26APR19-4750-P,61.25,0.0575,0.3,0,1554199584427,17102890,21
2019-04-02 11:12:55.200,6.0,sell,4792.88,BTC-26APR19-4750-P,61.48,0.057999999999999996,6.0,0,1554203575200,17106714,23
2019-04-02 11:39:14.579,0.1,buy,4772.76,BTC-26APR19-4750-P,58.4,0.057,0.1,2,1554205154579,17107738,24
2019-04-02 18:56:46.840,0.1,buy,4737.76,BTC-26APR19-4750-P,61.37,0.0635,0.1,0,1554231406840,17126939,25
2019-04-02 19:09:16.471,0.1,buy,4735.03,BTC-26APR19-4750-P,61.07,0.0635,0.1,1,1554232156471,17127129,27
2019-04-02 19:09:16.471,0.1,buy,4735.03,BTC-26APR19-4750-P,61.07,0.0635,0.1,1,1554232156471,17127128,26
2019-04-02 19:09:16.473,0.3,sell,4735.03,BTC-26APR19-4750-P,61.07,0.0635,0.3,1,1554232156473,17127130,28
2019-04-02 20:19:25.558,0.2,sell,4815.62,BTC-26APR19-4750-P,60.32,0.054000000000000006,0.2,2,1554236365558,17130889,29
2019-04-03 03:30:29.320,19.3,buy,5037.58,BTC-26APR19-4750-P,67.83,0.0415,19.3,2,1554262229320,17177707,30
2019-04-03 04:09:23.418,19.3,sell,5005.61,BTC-26APR19-4750-P,67.94,0.044000000000000004,19.3,0,1554264563418,17180319,31
2019-04-03 05:47:41.514,19.3,sell,4956.85,BTC-26APR19-4750-P,67.03,0.047,19.3,0,1554270461514,17188790,32
2019-04-03 06:21:58.223,0.4,buy,4952.46,BTC-26APR19-4750-P,68.78,0.049,0.4,0,1554272518223,17189508,33
2019-04-03 07:01:46.916,0.1,sell,4981.19,BTC-26APR19-4750-P,69.77,0.0475,0.1,2,1554274906916,17190148,34
2019-04-03 09:30:25.596,0.4,buy,4950.02,BTC-26APR19-4750-P,68.76,0.049,0.4,0,1554283825596,17192871,35
2019-04-03 09:44:10.247,100.0,sell,4960.85,BTC-26APR19-4750-P,67.62,0.047,100.0,2,1554284650247,17192997,36
2019-04-03 09:44:18.777,50.0,sell,4960.76,BTC-26APR19-4750-P,67.62,0.047,50.0,3,1554284658777,17192998,37
2019-04-03 12:14:32.604,8.9,sell,5008.8,BTC-26APR19-4750-P,70.33,0.0455,8.9,2,1554293672604,17195707,38
2019-04-03 14:37:46.870,1.0,buy,5020.94,BTC-26APR19-4750-P,69.34,0.0435,1.0,2,1554302266870,17203814,39
2019-04-03 17:06:51.010,19.3,buy,5181.68,BTC-26APR19-4750-P,75.36,0.0375,19.3,2,1554311211010,17216371,40
2019-04-03 17:06:51.033,0.7000000000000001,sell,5181.68,BTC-26APR19-4750-P,75.36,0.0375,0.7000000000000001,3,1554311211033,17216372,41
2019-04-03 18:37:10.906,0.1,sell,5158.43,BTC-26APR19-4750-P,73.73,0.0375,0.1,3,1554316630906,17222611,42
2019-04-03 18:45:03.476,5.0,sell,5186.67,BTC-26APR19-4750-P,75.84,0.0375,5.0,3,1554317103476,17223415,43
2019-04-03 18:45:09.573,5.1000000000000005,sell,5186.61,BTC-26APR19-4750-P,75.84,0.0375,5.1000000000000005,3,1554317109573,17223423,44
2019-04-03 18:56:42.146,0.9,sell,5161.66,BTC-26APR19-4750-P,76.91,0.04,0.9,0,1554317802146,17224378,45
2019-04-03 19:49:52.943,5.1000000000000005,sell,5133.65,BTC-26APR19-4750-P,78.83,0.0435,5.1000000000000005,0,1554320992943,17227262,46
2019-04-03 20:15:20.596,5.2,sell,5223.69,BTC-26APR19-4750-P,78.66,0.0375,5.2,2,1554322520596,17229688,47
2019-04-03 20:15:20.840,0.3,sell,5223.69,BTC-26APR19-4750-P,78.66,0.0375,0.3,3,1554322520840,17229703,48
2019-04-03 20:15:22.023,0.2,sell,5225.56,BTC-26APR19-4750-P,78.8,0.0375,0.2,3,1554322522023,17229793,49
2019-04-03 20:15:23.630,3.4,sell,5227.48,BTC-26APR19-4750-P,78.94,0.0375,3.4,3,1554322523630,17229830,50
2019-04-03 20:18:47.909,0.1,sell,5217.21,BTC-26APR19-4750-P,66.62,0.027999999999999997,0.1,2,1554322727909,17231399,51
2019-04-03 20:19:27.045,0.1,sell,5225.1,BTC-26APR19-4750-P,74.55,0.034,0.1,0,1554322767045,17231460,52
2019-04-03 22:43:29.499,5.1000000000000005,sell,5122.5,BTC-26APR19-4750-P,76.45,0.042,5.1000000000000005,0,1554331409499,17250666,53
2019-04-04 08:16:25.496,0.7000000000000001,sell,5044.85,BTC-26APR19-4750-P,79.74,0.05,0.7000000000000001,0,1554365785496,17295940,54
2019-04-04 11:23:55.536,0.2,buy,4945.51,BTC-26APR19-4750-P,80.24,0.0585,0.2,0,1554377035536,17303727,55
2019-04-04 11:41:17.441,5.2,sell,4984.47,BTC-26APR19-4750-P,75.22,0.0505,5.2,2,1554378077441,17304676,56
2019-04-04 15:07:26.831,1.0,buy,4994.77,BTC-26APR19-4750-P,70.34,0.045,1.0,2,1554390446831,17311239,57
2019-04-04 15:07:26.831,1.0,buy,4994.77,BTC-26APR19-4750-P,70.34,0.045,1.0,3,1554390446831,17311240,58
2019-04-04 15:11:40.333,1.0,sell,4987.07,BTC-26APR19-4750-P,69.67,0.045,1.0,3,1554390700333,17311537,59
2019-04-04 15:28:14.194,1.0,buy,4980.05,BTC-26APR19-4750-P,70.16,0.046,1.0,0,1554391694194,17311857,60
2019-04-04 15:30:40.422,1.0,sell,4964.68,BTC-26APR19-4750-P,69.88,0.047,1.0,0,1554391840422,17312241,61
2019-04-04 16:25:55.650,1.0,sell,4957.27,BTC-26APR19-4750-P,67.63,0.0455,1.0,2,1554395155650,17314089,62
2019-04-04 16:26:35.731,1.0,sell,4958.01,BTC-26APR19-4750-P,67.15,0.045,1.0,2,1554395195731,17314162,63
2019-04-04 16:28:13.604,1.0,buy,4960.62,BTC-26APR19-4750-P,68.48,0.046,1.0,0,1554395293604,17314228,64
2019-04-05 05:07:58.418,1.0,sell,4980.19,BTC-26APR19-4750-P,73.89,0.0485,1.0,0,1554440878418,17349272,65
2019-04-05 05:56:34.876,1.0,sell,4970.24,BTC-26APR19-4750-P,73.59,0.049,1.0,0,1554443794876,17351057,66
2019-04-05 06:14:33.151,0.5,sell,4974.02,BTC-26APR19-4750-P,69.52,0.045,0.5,2,1554444873151,17351325,67
2019-04-05 11:32:41.562,1.0,sell,5004.55,BTC-26APR19-4750-P,72.64,0.045,1.0,3,1554463961562,17359194,68
2019-04-05 18:16:58.579,18.6,buy,5059.06,BTC-26APR19-4750-P,73.27,0.041,18.6,2,1554488218579,17377817,69
2019-04-05 19:33:18.556,5.0,sell,5012.71,BTC-26APR19-4750-P,70.52,0.042,5.0,0,1554492798556,17379939,70
2019-04-06 16:36:21.693,2.8000000000000003,sell,5171.47,BTC-26APR19-4750-P,64.6,0.0255,2.8000000000000003,2,1554568581693,17406973,71
2019-04-06 18:00:13.734,4.8,sell,5145.58,BTC-26APR19-4750-P,67.33,0.028999999999999998,4.8,0,1554573613734,17415957,72
2019-04-07 07:40:54.914,6.0,sell,5144.0,BTC-26APR19-4750-P,65.58,0.027000000000000003,6.0,2,1554622854914,17459775,73
2019-04-07 22:53:00.544,2.7,sell,5181.32,BTC-26APR19-4750-P,72.98,0.0295,2.7,0,1554677580544,17490102,74
2019-04-08 15:46:25.743,2.0,buy,5224.9,BTC-26APR19-4750-P,73.6,0.0265,2.0,2,1554738385743,17534949,75
2019-04-08 16:34:11.789,6.9,sell,5216.71,BTC-26APR19-4750-P,70.19,0.0245,6.9,2,1554741251789,17536035,76
2019-04-08 17:39:40.403,25.0,sell,5205.45,BTC-26APR19-4750-P,72.99,0.027000000000000003,25.0,0,1554745180403,17537778,77
2019-04-08 17:48:30.825,6.9,sell,5209.29,BTC-26APR19-4750-P,72.59,0.0265,6.9,2,1554745710825,17537877,78
2019-04-08 17:49:06.507,6.9,sell,5203.19,BTC-26APR19-4750-P,72.12,0.0265,6.9,3,1554745746507,17537921,79
2019-04-08 17:49:17.469,11.2,sell,5201.43,BTC-26APR19-4750-P,71.98,0.0265,11.2,3,1554745757469,17537928,80
2019-04-08 18:10:52.368,4.0,sell,5214.82,BTC-26APR19-4750-P,73.04,0.0265,4.0,3,1554747052368,17538193,81
2019-04-08 18:10:56.850,21.0,sell,5212.26,BTC-26APR19-4750-P,72.85,0.0265,21.0,3,1554747056850,17538198,82
2019-04-08 18:19:30.145,16.0,sell,5230.2,BTC-26APR19-4750-P,73.51,0.026000000000000002,16.0,2,1554747570145,17538426,83
2019-04-08 18:19:30.966,9.0,sell,5230.2,BTC-26APR19-4750-P,73.51,0.026000000000000002,9.0,3,1554747570966,17538427,84
2019-04-08 21:48:55.543,0.1,sell,5260.38,BTC-26APR19-4750-P,73.14,0.024,0.1,2,1554760135543,17544344,85
2019-04-08 21:48:55.543,0.2,sell,5260.38,BTC-26APR19-4750-P,73.14,0.024,0.2,3,1554760135543,17544345,86
2019-04-08 22:40:52.782,0.2,buy,5297.9,BTC-26APR19-4750-P,74.43,0.023,0.2,2,1554763252782,17547017,87
2019-04-09 13:55:30.194,1.0,sell,5208.12,BTC-26APR19-4750-P,70.62,0.024,1.0,0,1554818130194,17575420,88
2019-04-09 14:14:06.120,3.9,buy,5206.98,BTC-26APR19-4750-P,71.3,0.0245,3.9,0,1554819246120,17576038,89
2019-04-09 14:22:35.878,3.0,buy,5206.27,BTC-26APR19-4750-P,72.73,0.0255,3.0,0,1554819755878,17576359,90
2019-04-09 14:32:54.636,2.9,sell,5206.96,BTC-26APR19-4750-P,66.1,0.021,2.9,2,1554820374636,17576459,91
2019-04-09 15:27:18.429,16.0,sell,5220.72,BTC-26APR19-4750-P,69.48,0.0225,16.0,0,1554823638429,17577362,92
2019-04-09 15:31:38.736,4.0,sell,5218.67,BTC-26APR19-4750-P,69.33,0.0225,4.0,1,1554823898736,17577570,93
2019-04-09 18:10:12.002,4.1,buy,5209.98,BTC-26APR19-4750-P,71.14,0.024,4.1,0,1554833412002,17579683,94
2019-04-09 18:14:04.553,10.0,sell,5215.91,BTC-26APR19-4750-P,69.36,0.0225,10.0,2,1554833644553,17579772,95
2019-04-09 19:36:55.026,10.0,sell,5214.08,BTC-26APR19-4750-P,67.06,0.021,10.0,2,1554838615026,17580495,96
2019-04-09 19:57:28.789,10.0,sell,5213.71,BTC-26APR19-4750-P,66.29,0.0205,10.0,2,1554839848789,17580617,97
2019-04-09 19:57:29.543,1.0,sell,5213.71,BTC-26APR19-4750-P,65.52,0.02,1.0,2,1554839849543,17580622,98
2019-04-09 20:26:36.711,4.0,sell,5227.29,BTC-26APR19-4750-P,63.41,0.018000000000000002,4.0,2,1554841596711,17581001,99
2019-04-10 02:31:01.843,0.3,sell,5234.16,BTC-26APR19-4750-P,66.0,0.019,0.3,0,1554863461843,17590789,100
2019-04-10 07:35:43.002,0.3,sell,5259.4,BTC-26APR19-4750-P,64.99,0.017,0.3,2,1554881743002,17594684,101
2019-04-10 09:52:26.792,0.3,sell,5249.93,BTC-26APR19-4750-P,61.13,0.015,0.3,2,1554889946792,17596098,102
