date_utc,amount,direction,indexPrice,instrument,iv,price,quantity,tickDirection,timeStamp,tradeId,tradeSeq
2019-03-28 10:08:33.999,5.0,sell,137.58,ETH-27SEP19-260-C,74.58,0.04,5.0,1,1553767713999,184241,1
2019-03-28 14:24:23.288,120.0,sell,137.66,ETH-27SEP19-260-C,74.56,0.04,120.0,1,1553783063288,185792,2
2019-03-28 14:24:24.806,120.0,buy,137.65,ETH-27SEP19-260-C,74.55,0.04,120.0,1,1553783064806,185801,3
2019-03-29 00:12:28.744,1.0,buy,137.73,ETH-27SEP19-260-C,73.94,0.039,1.0,2,1553818348744,189696,4
2019-03-29 01:53:05.752,200.0,buy,137.68,ETH-27SEP19-260-C,73.54,0.038,200.0,2,1553824385752,190641,5
2019-03-29 02:13:22.548,200.0,buy,137.74,ETH-27SEP19-260-C,74.61,0.04,200.0,0,1553825602548,190686,6
2019-03-29 04:06:25.252,2.0,sell,137.98,ETH-27SEP19-260-C,71.74,0.035,2.0,2,1553832385252,191117,7
2019-03-29 15:39:04.186,1.0,buy,140.45,ETH-27SEP19-260-C,76.13,0.046,1.0,0,1553873944186,201483,8
2019-03-30 00:49:14.029,1.0,buy,145.33,ETH-27SEP19-260-C,75.36,0.05,1.0,0,1553906954029,209002,9
2019-03-30 00:49:28.930,1.0,buy,145.42,ETH-27SEP19-260-C,75.34,0.05,1.0,1,1553906968930,209003,10
2019-03-31 08:05:07.346,78.0,buy,140.31,ETH-27SEP19-260-C,71.91,0.039,78.0,2,1554019507346,225397,11
2019-04-02 04:42:55.386,1.0,buy,145.96,ETH-27SEP19-260-C,72.14,0.044,1.0,0,1554180175386,256846,12
2019-04-02 04:43:38.355,1.0,buy,145.51,ETH-27SEP19-260-C,72.93,0.045,1.0,0,1554180218355,257021,13
2019-04-02 05:23:09.070,1.0,buy,155.18,ETH-27SEP19-260-C,73.89,0.057,1.0,0,1554182589070,267089,14
2019-04-02 13:09:54.496,1.0,buy,156.97,ETH-27SEP19-260-C,78.09,0.07,1.0,0,1554210594496,295829,15
2019-04-02 15:54:41.763,1.0,buy,155.58,ETH-27SEP19-260-C,77.36,0.067,1.0,2,1554220481763,306643,16
2019-04-03 19:39:35.631,1.0,buy,174.65,ETH-27SEP19-260-C,82.19,0.10800000000000001,1.0,0,1554320375631,395953,17
2019-04-06 16:12:19.618,1.0,buy,166.94,ETH-27SEP19-260-C,81.41,0.09,1.0,2,1554567139618,504789,18
2019-04-07 23:18:39.205,1.0,buy,173.38,ETH-27SEP19-260-C,77.05,0.09300000000000001,1.0,0,1554679119205,577916,19
2019-04-08 02:59:42.386,48.0,sell,182.67,ETH-27SEP19-260-C,79.02,0.11599999999999999,48.0,0,1554692382386,602871,20
2019-04-08 14:51:53.334,288.0,buy,178.89,ETH-27SEP19-260-C,85.07,0.124,288.0,0,1554735113334,638368,21
2019-04-08 14:52:38.890,32.0,sell,179.04,ETH-27SEP19-260-C,84.84,0.124,32.0,1,1554735158890,638394,22
2019-04-11 13:44:46.020,2.0,buy,164.17,ETH-27SEP19-260-C,79.38,0.083,2.0,2,1554990286020,828357,23
2019-04-11 15:51:33.886,119.0,buy,164.45,ETH-27SEP19-260-C,77.59,0.078,119.0,2,1554997893886,832799,24
2019-04-12 14:34:12.890,1.0,buy,165.29,ETH-27SEP19-260-C,77.29,0.076,1.0,2,1555079652890,884814,25
2019-04-15 20:44:11.933,1.0,buy,160.01,ETH-27SEP19-260-C,75.42,0.063,1.0,2,1555361051933,981188,26
2019-04-16 15:51:05.431,35.0,buy,164.27,ETH-27SEP19-260-C,74.44,0.065,35.0,0,1555429865431,1013812,27
2019-04-18 13:46:57.827,50.0,buy,172.38,ETH-27SEP19-260-C,74.48,0.076,50.0,0,1555595217827,1064112,28
2019-04-19 10:28:10.859,15.0,buy,173.12,ETH-27SEP19-260-C,75.37,0.078,15.0,0,1555669690859,1091393,29
2019-04-21 17:25:54.944,1.0,sell,168.22,ETH-27SEP19-260-C,71.62,0.062,1.0,2,1555867554944,1144818,30
2019-04-21 21:41:58.270,1.0,buy,169.08,ETH-27SEP19-260-C,75.35,0.071,1.0,0,1555882918270,1147319,31
2019-04-23 23:55:29.202,30.0,buy,171.04,ETH-27SEP19-260-C,73.5,0.068,30.0,2,1556063729202,1194827,32
2019-04-24 07:42:17.793,19.0,sell,164.85,ETH-27SEP19-260-C,74.72,0.062,19.0,2,1556091737793,1203843,33
2019-04-24 12:06:48.391,20.0,buy,164.99,ETH-27SEP19-260-C,73.43,0.059,20.0,2,1556107608391,1211486,34
2019-04-24 17:51:14.084,1.0,sell,162.21,ETH-27SEP19-260-C,71.17,0.051,1.0,2,1556128274084,1217119,35
2019-04-25 20:18:25.880,1.0,buy,164.38,ETH-27SEP19-260-C,68.9,0.048,1.0,2,1556223505880,1237519,36
2019-04-26 12:43:16.011,2.0,buy,152.15,ETH-27SEP19-260-C,72.92,0.043,2.0,2,1556282596011,1275285,37
2019-04-26 16:01:36.933,4.0,sell,150.39,ETH-27SEP19-260-C,72.25,0.04,4.0,2,1556294496933,1276958,38
2019-04-27 17:30:10.794,1.0,sell,156.39,ETH-27SEP19-260-C,70.46,0.042,1.0,0,1556386210794,1290985,39
2019-04-28 14:50:11.317,10.0,buy,154.4,ETH-27SEP19-260-C,70.91,0.039,10.0,2,1556463011317,1310875,40
2019-04-28 15:09:41.383,4.0,buy,154.45,ETH-27SEP19-260-C,70.98,0.039,4.0,3,1556464181383,1310978,41
2019-04-28 19:02:21.889,4.0,buy,154.18,ETH-27SEP19-260-C,70.63,0.038,4.0,2,1556478141889,1315079,42
2019-04-29 12:26:54.403,1.0,sell,149.43,ETH-27SEP19-260-C,72.32,0.036000000000000004,1.0,2,1556540814403,1327177,43
2019-04-30 02:03:30.268,1.0,buy,155.07,ETH-27SEP19-260-C,71.14,0.039,1.0,0,1556589810268,1343092,44
2019-05-02 14:18:18.340,1.0,buy,157.46,ETH-27SEP19-260-C,72.25,0.042,1.0,0,1556806698340,1396951,45
2019-05-03 12:15:47.894,1.0,buy,166.95,ETH-27SEP19-260-C,74.3,0.055999999999999994,1.0,0,1556885747894,1440084,46
2019-05-04 04:45:38.553,1.0,buy,162.97,ETH-27SEP19-260-C,73.67,0.051,1.0,2,1556945138553,1459659,47
2019-05-04 19:34:12.117,1.0,buy,160.49,ETH-27SEP19-260-C,73.81,0.048,1.0,2,1556998452117,1470757,48
2019-05-06 08:24:11.220,66.0,buy,158.61,ETH-27SEP19-260-C,74.92,0.047,66.0,2,1557131051220,1504856,49
2019-05-06 15:34:40.870,6.0,buy,165.88,ETH-27SEP19-260-C,73.37,0.052000000000000005,6.0,0,1557156880870,1516710,50
2019-05-07 00:22:37.035,1.0,buy,177.86,ETH-27SEP19-260-C,76.92,0.076,1.0,0,1557188557035,1544824,51
2019-05-07 08:56:05.905,24.0,sell,175.02,ETH-27SEP19-260-C,76.52,0.071,24.0,2,1557219365905,1561509,52
2019-05-07 23:52:22.796,1.0,sell,167.19,ETH-27SEP19-260-C,77.01,0.061,1.0,2,1557273142796,1592898,53
2019-05-09 07:08:54.760,1.0,sell,169.78,ETH-27SEP19-260-C,75.32,0.057999999999999996,1.0,2,1557385734760,1652762,54
2019-05-09 19:51:46.288,30.0,buy,167.01,ETH-27SEP19-260-C,79.23,0.062,30.0,0,1557431506288,1664542,55
2019-05-09 19:53:36.069,10.0,buy,167.17,ETH-27SEP19-260-C,79.65,0.063,10.0,0,1557431616069,1664572,56
2019-05-10 04:08:37.881,10.0,buy,170.74,ETH-27SEP19-260-C,77.3,0.062,10.0,2,1557461317881,1677812,57
2019-05-11 07:17:41.181,35.0,buy,177.19,ETH-27SEP19-260-C,82.89,0.079,35.0,0,1557559061181,1741335,58
2019-05-11 08:24:42.795,20.0,buy,183.11,ETH-27SEP19-260-C,83.1,0.08900000000000001,20.0,0,1557563082795,1745750,59
2019-05-11 08:25:40.636,20.0,buy,182.35,ETH-27SEP19-260-C,85.37,0.09300000000000001,20.0,0,1557563140636,1746410,60
2019-05-11 10:03:31.917,7.0,buy,190.07,ETH-27SEP19-260-C,83.11,0.1,7.0,0,1557569011917,1758654,61
2019-05-11 10:23:20.089,4.0,buy,192.31,ETH-27SEP19-260-C,86.2,0.11,4.0,0,1557570200089,1765221,62
2019-05-11 12:56:11.004,60.0,sell,188.55,ETH-27SEP19-260-C,83.57,0.099,60.0,2,1557579371004,1779140,63
2019-05-11 12:56:11.004,33.0,sell,188.55,ETH-27SEP19-260-C,83.57,0.099,33.0,3,1557579371004,1779141,64
2019-05-11 12:56:14.484,29.0,sell,188.54,ETH-27SEP19-260-C,84.01,0.1,29.0,0,1557579374484,1779171,65
2019-05-11 12:56:14.535,30.0,sell,188.54,ETH-27SEP19-260-C,84.01,0.1,30.0,1,1557579374535,1779173,66
2019-05-11 19:57:07.079,3.0,buy,195.82,ETH-27SEP19-260-C,86.97,0.11800000000000001,3.0,0,1557604627079,1811553,67
2019-05-12 07:19:54.638,7.0,buy,201.07,ETH-27SEP19-260-C,90.38,0.133,7.0,0,1557645594638,1906450,68
2019-05-12 07:25:34.212,1.0,sell,201.99,ETH-27SEP19-260-C,85.62,0.12300000000000001,1.0,2,1557645934212,1907003,69
2019-05-12 12:17:15.547,57.0,sell,189.16,ETH-27SEP19-260-C,90.16,0.115,57.0,2,1557663435547,1954551,70
2019-05-12 12:17:19.623,43.0,sell,189.22,ETH-27SEP19-260-C,90.12,0.115,43.0,3,1557663439623,1954555,71
2019-05-12 21:20:24.972,60.0,buy,190.16,ETH-27SEP19-260-C,88.12,0.111,60.0,2,1557696024972,1992156,72
2019-05-12 21:20:26.851,31.0,sell,190.13,ETH-27SEP19-260-C,88.15,0.111,31.0,3,1557696026851,1992157,73
2019-05-14 10:15:25.667,7.0,buy,204.9,ETH-27SEP19-260-C,99.89,0.16699999999999998,7.0,0,1557828925667,2121381,74
2019-05-14 10:16:09.766,1.0,buy,204.25,ETH-27SEP19-260-C,100.32,0.16699999999999998,1.0,1,1557828969766,2121648,75
2019-05-14 11:48:53.948,50.0,buy,206.35,ETH-27SEP19-260-C,102.44,0.174,50.0,0,1557834533948,2127419,76
2019-05-14 17:12:26.009,1.0,buy,208.29,ETH-27SEP19-260-C,102.82,0.17800000000000002,1.0,0,1557853946009,2149531,77
2019-05-15 05:43:01.035,1.0,buy,228.84,ETH-27SEP19-260-C,103.82,0.215,1.0,0,1557898981035,2203636,78
2019-05-15 06:23:20.490,1.0,buy,233.48,ETH-27SEP19-260-C,103.06,0.22,1.0,0,1557901400490,2206591,79
2019-05-15 07:32:18.036,2.0,sell,226.23,ETH-27SEP19-260-C,95.05,0.18899999999999997,2.0,2,1557905538036,2214085,80
2019-05-15 09:26:41.666,2.0,sell,231.56,ETH-27SEP19-260-C,100.18,0.21,2.0,0,1557912401666,2222456,81
2019-05-15 10:05:42.121,10.0,sell,236.06,ETH-27SEP19-260-C,101.51,0.22,10.0,0,1557914742121,2226661,82
2019-05-15 12:01:44.459,30.0,sell,232.98,ETH-27SEP19-260-C,101.36,0.214,30.0,2,1557921704459,2232653,83
2019-05-15 12:04:07.616,43.0,buy,233.0,ETH-27SEP19-260-C,102.1,0.21600000000000005,43.0,0,1557921847616,2232747,84
2019-05-15 13:55:58.182,1.0,buy,231.49,ETH-27SEP19-260-C,102.66,0.215,1.0,2,1557928558182,2242616,85
2019-05-15 17:56:30.583,1.0,sell,242.63,ETH-27SEP19-260-C,95.06,0.212,1.0,2,1557942990583,2265952,86
2019-05-15 19:03:52.632,1.0,buy,240.21,ETH-27SEP19-260-C,98.27,0.21600000000000005,1.0,0,1557947032632,2270571,87
2019-05-15 19:11:29.433,15.0,buy,240.33,ETH-27SEP19-260-C,99.53,0.21899999999999997,15.0,0,1557947489433,2271286,88
2019-05-15 22:48:10.039,2.0,buy,243.83,ETH-27SEP19-260-C,93.51,0.21,2.0,2,1557960490039,2288182,89
2019-05-15 23:02:45.314,2.0,buy,248.25,ETH-27SEP19-260-C,94.64,0.22,2.0,0,1557961365314,2290053,90
2019-05-16 00:18:52.356,220.0,sell,253.41,ETH-27SEP19-260-C,92.58,0.221,220.0,0,1557965932356,2299401,91
2019-05-16 00:32:45.249,2.0,buy,259.78,ETH-27SEP19-260-C,92.28,0.23,2.0,0,1557966765249,2303324,92
2019-05-16 00:49:08.632,1.0,buy,265.8,ETH-27SEP19-260-C,92.87,0.24,1.0,0,1557967748632,2307168,93
2019-05-16 00:54:35.158,8.0,sell,262.6,ETH-27SEP19-260-C,90.84,0.231,8.0,2,1557968075158,2308994,94
2019-05-16 04:06:30.852,1.0,sell,265.45,ETH-27SEP19-260-C,92.95,0.242,1.0,0,1557979590852,2327886,95
2019-05-16 08:13:47.608,5.0,sell,261.17,ETH-27SEP19-260-C,86.42,0.221,5.0,2,1557994427608,2379230,96
2019-05-16 10:07:07.181,3.0,sell,249.71,ETH-27SEP19-260-C,100.2,0.235,3.0,0,1558001227181,2392804,97
2019-05-16 15:44:27.459,20.0,buy,269.05,ETH-27SEP19-260-C,103.02,0.273,20.0,0,1558021467459,2448783,98
2019-05-16 15:45:15.449,50.0,buy,269.54,ETH-27SEP19-260-C,102.13,0.272,50.0,2,1558021515449,2448969,99
2019-05-16 16:09:08.907,99.0,sell,275.54,ETH-27SEP19-260-C,90.69,0.257,99.0,2,1558022948907,2460058,100
2019-05-16 16:09:24.252,60.0,sell,276.59,ETH-27SEP19-260-C,89.64,0.256,60.0,2,1558022964252,2460195,101
2019-05-16 16:09:41.852,21.0,sell,277.1,ETH-27SEP19-260-C,90.16,0.258,21.0,0,1558022981852,2460327,102
2019-05-16 18:28:21.543,3.0,buy,266.37,ETH-27SEP19-260-C,99.4,0.261,3.0,0,1558031301543,2498827,103
2019-05-16 20:10:19.533,2.0,buy,261.33,ETH-27SEP19-260-C,100.24,0.254,2.0,2,1558037419533,2524968,104
2019-05-17 04:10:41.061,10.0,buy,244.41,ETH-27SEP19-260-C,102.06,0.23,10.0,2,1558066241061,2654381,105
2019-05-17 16:12:24.739,1.0,sell,228.63,ETH-27SEP19-260-C,97.79,0.198,1.0,2,1558109544739,2775451,106
2019-05-17 18:03:09.552,1.0,sell,227.51,ETH-27SEP19-260-C,98.23,0.198,1.0,3,1558116189552,2800840,107
2019-05-18 01:41:28.332,3.0,sell,238.74,ETH-27SEP19-260-C,104.08,0.22399999999999998,3.0,0,1558143688332,2862633,108
2019-05-19 06:14:27.946,5.0,buy,253.92,ETH-27SEP19-260-C,95.05,0.22399999999999998,5.0,1,1558246467946,3003981,109
2019-05-19 11:14:46.506,35.0,sell,258.37,ETH-27SEP19-260-C,101.8,0.24600000000000002,35.0,0,1558264486506,3022344,110
2019-05-19 23:29:00.884,10.0,buy,263.9,ETH-27SEP19-260-C,100.63,0.254,10.0,0,1558308540884,3071044,111
2019-05-20 13:41:06.917,1.0,sell,243.35,ETH-27SEP19-260-C,97.22,0.217,1.0,2,1558359666917,3140446,112
2019-05-21 11:22:58.294,15.0,buy,252.58,ETH-27SEP19-260-C,98.83,0.235,15.0,0,1558437778294,3212901,113
2019-05-22 23:57:23.328,1.0,sell,243.6,ETH-27SEP19-260-C,93.84,0.209,1.0,2,1558569443328,3346855,114
2019-05-23 00:50:56.188,82.0,sell,243.49,ETH-27SEP19-260-C,98.95,0.219,82.0,0,1558572656188,3351280,115
2019-05-23 00:50:56.243,2.0,sell,243.49,ETH-27SEP19-260-C,98.95,0.21899999999999997,2.0,1,1558572656243,3351282,116
2019-05-23 04:37:46.204,24.0,sell,243.27,ETH-27SEP19-260-C,95.67,0.209,24.0,2,1558586266204,3359184,117
2019-05-23 06:08:28.212,50.0,sell,236.05,ETH-27SEP19-260-C,96.2,0.198,50.0,2,1558591708212,3365490,118
2019-05-23 06:08:29.076,3.0,sell,236.05,ETH-27SEP19-260-C,96.2,0.198,3.0,3,1558591709076,3365491,119
2019-05-23 06:08:33.303,4.0,sell,235.86,ETH-27SEP19-260-C,96.29,0.198,4.0,3,1558591713303,3365503,120
2019-05-23 06:08:34.639,3.0,sell,235.83,ETH-27SEP19-260-C,96.27,0.198,3.0,3,1558591714639,3365514,121
2019-05-23 06:08:34.751,3.0,sell,235.83,ETH-27SEP19-260-C,96.27,0.198,3.0,3,1558591714751,3365517,122
2019-05-23 06:08:34.796,6.0,sell,235.83,ETH-27SEP19-260-C,96.27,0.198,6.0,3,1558591714796,3365518,123
2019-05-23 06:08:41.086,9.0,sell,235.57,ETH-27SEP19-260-C,96.45,0.198,9.0,3,1558591721086,3365561,124
2019-05-23 06:08:41.086,25.0,sell,235.57,ETH-27SEP19-260-C,96.45,0.198,25.0,3,1558591721086,3365562,125
2019-05-23 16:41:34.495,6.0,sell,243.7,ETH-27SEP19-260-C,95.82,0.2,6.0,0,1558629694495,3406858,126
2019-05-24 19:55:26.735,1.0,buy,252.12,ETH-27SEP19-260-C,97.06,0.218,1.0,0,1558727726735,3488163,127
2019-05-26 12:35:50.662,25.0,sell,247.71,ETH-27SEP19-260-C,94.11,0.205,25.0,2,1558874150662,3568027,128
2019-05-26 12:36:45.242,25.0,sell,247.73,ETH-27SEP19-260-C,93.66,0.204,25.0,2,1558874205242,3568030,129
2019-05-26 12:50:58.923,25.0,sell,248.27,ETH-27SEP19-260-C,92.57,0.202,25.0,2,1558875058923,3568309,130
2019-05-26 13:51:37.370,2.0,buy,249.42,ETH-27SEP19-260-C,92.63,0.205,2.0,0,1558878697370,3569755,131
2019-05-26 17:05:25.658,1.0,sell,249.58,ETH-27SEP19-260-C,85.67,0.191,1.0,2,1558890325658,3574165,132
2019-05-26 23:45:19.275,50.0,sell,268.67,ETH-27SEP19-260-C,89.1,0.236,50.0,0,1558914319275,3626552,133
2019-05-27 01:58:41.781,1.0,sell,269.35,ETH-27SEP19-260-C,87.53,0.233,1.0,2,1558922321781,3637860,134
2019-05-28 17:31:25.153,53.0,sell,274.71,ETH-27SEP19-260-C,99.68,0.264,53.0,0,1559064685153,3772693,135
2019-05-28 17:33:43.151,67.0,buy,275.47,ETH-27SEP19-260-C,99.99,0.266,67.0,0,1559064823151,3772948,136
2019-05-28 23:48:06.413,8.0,buy,271.47,ETH-27SEP19-260-C,99.36,0.255,8.0,2,1559087286413,3790260,137
2019-05-29 02:10:33.028,1.0,sell,268.91,ETH-27SEP19-260-C,94.92,0.24,1.0,2,1559095833028,3797875,138
2019-05-29 13:40:30.220,1.0,sell,272.01,ETH-27SEP19-260-C,94.51,0.239,1.0,2,1559137230220,3832957,139
2019-05-29 13:42:21.111,1.0,buy,271.89,ETH-27SEP19-260-C,99.29,0.249,1.0,0,1559137341111,3833031,140
2019-05-29 21:48:40.479,1.0,buy,269.74,ETH-27SEP19-260-C,97.31,0.247,1.0,2,1559166520479,3855522,141
2019-05-29 21:53:24.034,1.0,buy,269.71,ETH-27SEP19-260-C,97.37,0.247,1.0,3,1559166804034,3855552,142
2019-05-29 21:54:57.666,1.0,buy,270.1,ETH-27SEP19-260-C,97.09,0.247,1.0,3,1559166897666,3855593,143
2019-05-29 21:56:52.648,1.0,buy,270.45,ETH-27SEP19-260-C,96.95,0.247,1.0,3,1559167012648,3855652,144
2019-05-30 18:48:34.630,1.0,sell,270.51,ETH-27SEP19-260-C,90.93,0.236,1.0,2,1559242114630,3961526,145
2019-05-31 01:45:46.597,30.0,buy,257.82,ETH-27SEP19-260-C,100.17,0.228,30.0,2,1559267146597,4028114,146
2019-05-31 08:01:07.259,30.0,sell,255.16,ETH-27SEP19-260-C,95.38,0.209,30.0,2,1559289667259,4047997,147
2019-05-31 08:01:36.572,30.0,sell,255.1,ETH-27SEP19-260-C,94.06,0.206,30.0,2,1559289696572,4047998,148
2019-05-31 08:01:49.993,10.0,sell,255.08,ETH-27SEP19-260-C,92.68,0.203,10.0,2,1559289709993,4048032,149
2019-05-31 22:41:47.438,1.0,buy,261.67,ETH-27SEP19-260-C,96.98,0.232,1.0,0,1559342507438,4084560,150
2019-06-01 05:02:35.136,10.0,sell,269.15,ETH-27SEP19-260-C,92.39,0.252,10.0,0,1559365355136,4113878,151
2019-06-01 15:24:12.489,1.0,buy,263.56,ETH-27SEP19-260-C,96.52,0.239,1.0,2,1559402652489,4135167,152
2019-06-01 16:43:31.449,1.0,sell,267.59,ETH-27SEP19-260-C,90.8,0.233,1.0,2,1559407411449,4137130,153
2019-06-02 12:47:13.158,36.0,buy,273.27,ETH-27SEP19-260-C,85.72,0.23,36.0,2,1559479633158,4179303,154
2019-06-02 12:57:09.546,1.0,buy,272.37,ETH-27SEP19-260-C,87.88,0.233,1.0,0,1559480229546,4179797,155
2019-06-02 16:22:19.801,1.0,sell,268.67,ETH-27SEP19-260-C,83.34,0.21600000000000005,1.0,2,1559492539801,4190919,156
2019-06-03 14:04:21.885,1.0,sell,260.57,ETH-27SEP19-260-C,85.19,0.205,1.0,2,1559570661885,4242267,157
2019-06-03 15:06:46.866,36.0,sell,257.68,ETH-27SEP19-260-C,88.12,0.206,36.0,0,1559574406866,4249901,158
2019-06-03 15:06:46.875,4.0,buy,257.68,ETH-27SEP19-260-C,88.12,0.206,4.0,1,1559574406875,4249902,159
2019-06-03 22:23:16.105,1.0,sell,256.38,ETH-27SEP19-260-C,88.38,0.205,1.0,2,1559600596105,4263129,160
2019-06-03 23:21:49.245,10.0,buy,255.12,ETH-27SEP19-260-C,94.48,0.21600000000000005,10.0,0,1559604109245,4265932,161
2019-06-03 23:23:18.283,10.0,sell,250.17,ETH-27SEP19-260-C,91.32,0.2,10.0,2,1559604198283,4267317,162
2019-06-03 23:24:33.569,20.0,sell,248.26,ETH-27SEP19-260-C,92.32,0.2,20.0,3,1559604273569,4268256,163
2019-06-04 04:33:54.331,1.0,sell,246.84,ETH-27SEP19-260-C,89.4,0.19,1.0,2,1559622834331,4305918,164
2019-06-04 06:13:15.827,1.0,sell,244.92,ETH-27SEP19-260-C,89.83,0.188,1.0,2,1559628795827,4310024,165
2019-06-04 07:41:57.006,10.0,buy,244.35,ETH-27SEP19-260-C,95.36,0.2,10.0,0,1559634117006,4317380,166
2019-06-04 10:50:49.117,10.0,buy,246.24,ETH-27SEP19-260-C,95.3,0.20199999999999999,10.0,0,1559645449117,4322153,167
2019-06-04 19:17:06.948,10.0,sell,235.74,ETH-27SEP19-260-C,90.14,0.171,10.0,2,1559675826948,4354346,168
2019-06-04 21:11:02.846,1.0,buy,239.29,ETH-27SEP19-260-C,92.32,0.18100000000000002,1.0,0,1559682662846,4362466,169
2019-06-04 21:17:50.179,19.0,sell,239.24,ETH-27SEP19-260-C,88.77,0.17300000000000001,19.0,2,1559683070179,4362668,170
2019-06-05 08:40:20.128,20.0,buy,245.15,ETH-27SEP19-260-C,95.57,0.19399999999999998,20.0,0,1559724020128,4385480,171
2019-06-05 13:14:00.286,80.0,buy,243.99,ETH-27SEP19-260-C,96.7,0.19399999999999998,80.0,1,1559740440286,4392944,172
2019-06-05 13:14:13.899,20.0,buy,244.03,ETH-27SEP19-260-C,97.53,0.196,20.0,0,1559740453899,4392957,174
2019-06-05 13:14:13.899,80.0,buy,244.03,ETH-27SEP19-260-C,96.62,0.19399999999999998,80.0,1,1559740453899,4392956,173
2019-06-05 15:06:06.409,20.0,sell,240.82,ETH-27SEP19-260-C,92.46,0.18,20.0,2,1559747166409,4397597,175
2019-06-08 05:03:35.172,30.0,sell,248.94,ETH-27SEP19-260-C,90.34,0.184,30.0,0,1559970215172,4511811,176
2019-06-09 12:13:41.023,36.0,sell,240.7,ETH-27SEP19-260-C,85.4,0.16,36.0,2,1560082421023,4542978,177
2019-06-09 12:33:25.012,64.0,sell,238.85,ETH-27SEP19-260-C,86.85,0.16,64.0,3,1560083605012,4544095,178
2019-06-09 16:56:47.912,20.0,buy,231.75,ETH-27SEP19-260-C,88.12,0.14800000000000002,20.0,2,1560099407912,4559384,179
2019-06-09 21:03:21.389,25.0,sell,231.44,ETH-27SEP19-260-C,83.15,0.136,25.0,2,1560114201389,4564769,180
2019-06-10 03:23:16.755,1.0,sell,234.77,ETH-27SEP19-260-C,82.72,0.141,1.0,0,1560136996755,4579092,181
2019-06-10 15:58:51.371,10.0,buy,243.06,ETH-27SEP19-260-C,90.75,0.175,10.0,0,1560182331371,4599367,182
2019-06-10 23:12:09.215,10.0,sell,244.02,ETH-27SEP19-260-C,86.04,0.168,10.0,2,1560208329215,4608594,183
2019-06-10 23:34:06.985,25.0,buy,246.94,ETH-27SEP19-260-C,86.58,0.174,25.0,0,1560209646985,4609953,184
2019-06-10 23:58:31.022,36.0,buy,247.9,ETH-27SEP19-260-C,85.87,0.174,36.0,1,1560211111022,4610685,185
2019-06-10 23:58:31.885,36.0,buy,247.94,ETH-27SEP19-260-C,85.84,0.174,36.0,1,1560211111885,4610686,186
2019-06-11 00:00:38.714,3.0,buy,248.09,ETH-27SEP19-260-C,85.81,0.174,3.0,1,1560211238714,4610942,187
2019-06-11 02:49:05.102,1.0,sell,245.11,ETH-27SEP19-260-C,85.16,0.16899999999999998,1.0,2,1560221345102,4615028,188
2019-06-11 11:08:40.046,1.0,buy,241.93,ETH-27SEP19-260-C,88.65,0.17,1.0,0,1560251320046,4626087,189
2019-06-11 11:26:15.588,9.0,buy,242.48,ETH-27SEP19-260-C,88.34,0.17,9.0,1,1560252375588,4626287,190
2019-06-11 11:37:50.855,10.0,sell,239.84,ETH-27SEP19-260-C,88.53,0.165,10.0,2,1560253070855,4628985,191
2019-06-12 17:20:25.573,1.0,sell,257.33,ETH-27SEP19-260-C,84.55,0.181,1.0,0,1560360025573,4685221,192
2019-06-12 17:20:25.573,4.0,sell,257.33,ETH-27SEP19-260-C,84.08,0.18,4.0,2,1560360025573,4685222,193
2019-06-12 17:39:39.561,5.0,sell,257.19,ETH-27SEP19-260-C,83.74,0.179,5.0,2,1560361179561,4686085,194
2019-06-13 05:27:28.531,10.0,sell,260.08,ETH-27SEP19-260-C,86.07,0.18899999999999997,10.0,0,1560403648531,4703808,195
2019-06-13 20:14:41.188,1.0,sell,259.08,ETH-27SEP19-260-C,86.28,0.18899999999999997,1.0,1,1560456881188,4722589,196
2019-06-16 17:03:56.349,30.0,buy,272.91,ETH-27SEP19-260-C,94.08,0.233,30.0,0,1560704636349,4853759,197
2019-06-16 17:06:47.412,100.0,buy,272.65,ETH-27SEP19-260-C,93.78,0.232,100.0,2,1560704807412,4853818,198
2019-06-16 17:09:08.995,78.0,buy,272.02,ETH-27SEP19-260-C,94.92,0.233,78.0,0,1560704948995,4854056,199
2019-06-17 09:04:28.479,3.0,buy,271.99,ETH-27SEP19-260-C,90.9,0.22,3.0,2,1560762268479,4888374,200
2019-06-18 05:01:09.658,5.0,sell,270.28,ETH-27SEP19-260-C,94.99,0.228,5.0,0,1560834069658,4938846,201
