date_utc,amount,direction,indexPrice,instrument,iv,price,quantity,tickDirection,timeStamp,tradeId,tradeSeq
2019-04-19 10:08:01.913,0.2,sell,5252.73,BTC-3MAY19-5500-C,52.59,0.0225,0.2,1,1555668481913,17949317,1
2019-04-19 16:25:18.055,0.3,buy,5337.19,BTC-3MAY19-5500-C,46.95,0.0235,0.3,0,1555691118055,17956605,2
2019-04-19 16:25:18.055,0.5,buy,5337.19,BTC-3MAY19-5500-C,46.95,0.0235,0.5,1,1555691118055,17956606,3
2019-04-19 19:11:32.979,0.1,sell,5287.85,BTC-3MAY19-5500-C,46.75,0.02,0.1,2,1555701092979,17965216,4
2019-04-19 20:34:11.797,0.3,sell,5290.67,BTC-3MAY19-5500-C,46.6,0.02,0.3,3,1555706051797,17966141,5
2019-04-19 20:50:37.475,16.0,sell,5257.67,BTC-3MAY19-5500-C,53.03,0.0225,16.0,0,1555707037475,17967101,6
2019-04-19 22:28:48.628,16.0,sell,5256.79,BTC-3MAY19-5500-C,53.24,0.0225,16.0,1,1555712928628,17969260,7
2019-04-20 05:08:43.305,1.0,buy,5323.61,BTC-3MAY19-5500-C,51.23,0.025,1.0,0,1555736923305,17976099,8
2019-04-20 08:33:14.511,0.2,sell,5315.21,BTC-3MAY19-5500-C,53.68,0.026000000000000002,0.2,0,1555749194511,17979731,9
2019-04-20 10:08:56.565,16.0,sell,5303.5,BTC-3MAY19-5500-C,53.53,0.025,16.0,2,1555754936565,17981262,10
2019-04-20 10:13:57.701,8.0,sell,5301.7,BTC-3MAY19-5500-C,53.7,0.025,8.0,3,1555755237701,17981550,11
2019-04-20 17:22:46.497,8.2,buy,5321.3,BTC-3MAY19-5500-C,50.36,0.0235,8.2,2,1555780966497,17986201,12
2019-04-20 19:21:51.579,1.1,buy,5318.67,BTC-3MAY19-5500-C,50.77,0.0235,1.1,3,1555788111579,17987430,13
2019-04-20 20:00:14.589,0.1,sell,5322.69,BTC-3MAY19-5500-C,49.74,0.023,0.1,2,1555790414589,17987618,14
2019-04-20 21:39:47.011,16.0,sell,5275.75,BTC-3MAY19-5500-C,53.54,0.0225,16.0,2,1555796387011,17990147,15
2019-04-20 21:53:20.830,12.0,sell,5266.56,BTC-3MAY19-5500-C,54.4,0.0225,12.0,3,1555797200830,17992145,16
2019-04-21 14:21:35.496,4.1,sell,5259.89,BTC-3MAY19-5500-C,48.94,0.0175,4.1,2,1555856495496,18015778,17
2019-04-21 16:21:44.452,0.5,sell,5279.0,BTC-3MAY19-5500-C,48.15,0.018000000000000002,0.5,0,1555863704452,18017135,18
2019-04-22 10:57:47.505,1.0,buy,5314.95,BTC-3MAY19-5500-C,51.04,0.021,1.0,0,1555930667505,18035716,19
2019-04-22 13:14:21.466,0.3,buy,5304.52,BTC-3MAY19-5500-C,55.4,0.023,0.3,0,1555938861466,18037413,20
2019-04-22 14:45:28.207,0.5,buy,5316.02,BTC-3MAY19-5500-C,51.3,0.021,0.5,2,1555944328207,18038462,21
2019-04-22 16:00:53.085,1.1,sell,5309.15,BTC-3MAY19-5500-C,47.4,0.018000000000000002,1.1,2,1555948853085,18049246,22
2019-04-22 16:21:51.409,0.2,sell,5292.52,BTC-3MAY19-5500-C,47.45,0.017,0.2,2,1555950111409,18051114,23
2019-04-22 19:04:51.013,0.4,sell,5405.63,BTC-3MAY19-5500-C,49.77,0.026000000000000002,0.4,0,1555959891013,18062917,24
2019-04-22 19:05:26.239,0.6,sell,5412.71,BTC-3MAY19-5500-C,49.71,0.0265,0.6,0,1555959926239,18063129,25
2019-04-23 02:53:34.511,6.0,buy,5404.3,BTC-3MAY19-5500-C,52.98,0.0275,6.0,0,1555988014511,18074023,26
2019-04-23 03:21:23.375,0.2,buy,5424.15,BTC-3MAY19-5500-C,52.22,0.0285,0.2,0,1555989683375,18075310,27
2019-04-23 03:55:16.966,3.0,buy,5437.72,BTC-3MAY19-5500-C,52.92,0.03,3.0,0,1555991716966,18076899,28
2019-04-23 03:58:32.306,2.0,buy,5432.81,BTC-3MAY19-5500-C,55.78,0.0315,2.0,0,1555991912306,18077237,29
2019-04-23 06:29:39.697,0.3,sell,5517.63,BTC-3MAY19-5500-C,52.0,0.036000000000000004,0.3,0,1556000979697,18099165,30
2019-04-23 06:37:22.085,3.0,sell,5523.65,BTC-3MAY19-5500-C,51.95,0.0365,3.0,0,1556001442085,18099713,31
2019-04-23 06:40:15.971,0.5,buy,5528.57,BTC-3MAY19-5500-C,59.62,0.042,0.5,0,1556001615971,18099760,32
2019-04-23 08:29:20.322,6.0,buy,5573.31,BTC-3MAY19-5500-C,53.47,0.042,6.0,1,1556008160322,18102400,33
2019-04-23 08:29:40.632,54.0,buy,5580.89,BTC-3MAY19-5500-C,52.34,0.042,54.0,1,1556008180632,18102495,34
2019-04-23 08:45:33.020,1.5,sell,5554.96,BTC-3MAY19-5500-C,51.57,0.039,1.5,2,1556009133020,18103263,35
2019-04-23 15:31:46.239,0.5,sell,5556.63,BTC-3MAY19-5500-C,51.29,0.0385,0.5,2,1556033506239,18113978,36
2019-04-23 17:46:45.413,5.0,buy,5607.94,BTC-3MAY19-5500-C,58.72,0.048,5.0,0,1556041605413,18118706,37
2019-04-23 19:02:03.491,1.1,sell,5604.49,BTC-3MAY19-5500-C,52.21,0.0435,1.1,2,1556046123491,18120852,38
2019-04-23 22:43:35.851,0.5,buy,5542.97,BTC-3MAY19-5500-C,57.29,0.0405,0.5,2,1556059415851,18129965,39
2019-04-23 22:47:12.766,2.5,sell,5544.75,BTC-3MAY19-5500-C,57.03,0.0405,2.5,3,1556059632766,18130074,40
2019-04-24 02:26:20.379,3.0,sell,5556.11,BTC-3MAY19-5500-C,52.62,0.0385,3.0,2,1556072780379,18140474,41
2019-04-24 13:17:55.849,6.0,buy,5465.86,BTC-3MAY19-5500-C,55.66,0.0315,6.0,2,1556111875849,18177384,42
2019-04-24 13:35:53.079,0.7000000000000001,buy,5467.74,BTC-3MAY19-5500-C,53.02,0.03,0.7000000000000001,2,1556112953079,18177761,43
2019-04-24 13:47:06.647,6.0,buy,5452.96,BTC-3MAY19-5500-C,55.83,0.0305,6.0,0,1556113626647,18178095,44
2019-04-24 14:19:21.689,6.0,buy,5459.68,BTC-3MAY19-5500-C,55.82,0.031,6.0,0,1556115561689,18179275,45
2019-04-24 14:43:00.884,6.0,buy,5467.06,BTC-3MAY19-5500-C,56.49,0.032,6.0,0,1556116980884,18179605,46
2019-04-24 14:53:09.307,5.0,sell,5466.47,BTC-3MAY19-5500-C,56.6,0.032,5.0,1,1556117589307,18179693,47
2019-04-24 16:22:12.586,3.0,sell,5449.6,BTC-3MAY19-5500-C,55.81,0.03,3.0,2,1556122932586,18182114,48
2019-04-24 17:39:58.374,3.4,sell,5427.9,BTC-3MAY19-5500-C,57.2,0.028999999999999998,3.4,2,1556127598374,18185494,49
2019-04-24 18:33:58.019,0.1,sell,5380.51,BTC-3MAY19-5500-C,56.66,0.025,0.1,2,1556130838019,18192585,50
2019-04-24 19:52:25.481,0.4,sell,5430.38,BTC-3MAY19-5500-C,54.71,0.0275,0.4,0,1556135545481,18196317,51
2019-04-24 20:03:53.362,6.0,sell,5434.38,BTC-3MAY19-5500-C,54.21,0.0275,6.0,1,1556136233362,18196421,52
2019-04-25 06:35:23.179,1.0,buy,5405.41,BTC-3MAY19-5500-C,60.35,0.027999999999999997,1.0,0,1556174123179,18209757,53
2019-04-25 09:50:19.807,2.0,buy,5418.04,BTC-3MAY19-5500-C,58.34,0.0275,2.0,2,1556185819807,18215170,54
2019-04-25 10:00:12.747,1.3,sell,5422.06,BTC-3MAY19-5500-C,53.53,0.025,1.3,2,1556186412747,18215249,55
2019-04-25 10:48:41.246,2.8000000000000003,buy,5457.67,BTC-3MAY19-5500-C,57.34,0.03,2.8000000000000003,0,1556189321246,18217752,57
2019-04-25 10:48:41.246,0.2,buy,5457.67,BTC-3MAY19-5500-C,56.48,0.0295,0.2,0,1556189321246,18217751,56
2019-04-25 10:57:51.485,3.0,sell,5457.29,BTC-3MAY19-5500-C,53.14,0.0275,3.0,2,1556189871485,18217943,58
2019-04-25 13:25:51.949,0.7000000000000001,buy,5451.27,BTC-3MAY19-5500-C,53.48,0.027000000000000003,0.7000000000000001,2,1556198751949,18221092,59
2019-04-25 13:42:22.511,0.5,buy,5452.63,BTC-3MAY19-5500-C,53.33,0.027000000000000003,0.5,3,1556199742511,18221221,60
2019-04-25 13:57:27.775,0.5,buy,5457.95,BTC-3MAY19-5500-C,53.47,0.0275,0.5,0,1556200647775,18221440,61
2019-04-25 15:48:24.772,5.0,sell,5456.15,BTC-3MAY19-5500-C,54.0,0.0275,5.0,1,1556207304772,18223650,62
2019-04-25 16:06:19.043,1.0,sell,5461.57,BTC-3MAY19-5500-C,53.27,0.0275,1.0,1,1556208379043,18223782,63
2019-04-25 16:06:24.456,1.0,sell,5461.58,BTC-3MAY19-5500-C,53.27,0.0275,1.0,1,1556208384456,18223786,64
2019-04-25 16:16:29.612,3.0,sell,5457.25,BTC-3MAY19-5500-C,55.64,0.0285,3.0,0,1556208989612,18223974,65
2019-04-25 16:16:52.618,2.0,sell,5454.59,BTC-3MAY19-5500-C,56.02,0.0285,2.0,1,1556209012618,18224028,66
2019-04-25 16:16:55.417,1.0,buy,5454.72,BTC-3MAY19-5500-C,56.87,0.029,1.0,0,1556209015417,18224030,67
2019-04-25 17:04:43.384,0.3,buy,5482.44,BTC-3MAY19-5500-C,53.83,0.0295,0.3,0,1556211883384,18225447,68
2019-04-25 17:37:38.508,0.5,sell,5488.05,BTC-3MAY19-5500-C,53.07,0.0295,0.5,1,1556213858508,18226895,69
2019-04-25 18:32:54.684,2.0,buy,5494.24,BTC-3MAY19-5500-C,56.63,0.032,2.0,0,1556217174684,18227757,70
2019-04-25 19:16:25.131,0.1,buy,5506.48,BTC-3MAY19-5500-C,56.6,0.033,0.1,0,1556219785131,18228455,71
2019-04-25 19:20:20.372,6.0,sell,5504.01,BTC-3MAY19-5500-C,52.63,0.0305,6.0,2,1556220020372,18228595,72
2019-04-25 19:20:24.061,6.0,sell,5503.46,BTC-3MAY19-5500-C,51.84,0.03,6.0,2,1556220024061,18228596,73
2019-04-25 22:00:20.080,1.0,sell,5384.2,BTC-3MAY19-5500-C,55.89,0.0225,1.0,2,1556229620080,18237856,74
2019-04-25 22:02:56.511,3.4,sell,5276.38,BTC-3MAY19-5500-C,55.78,0.0155,3.4,2,1556229776511,18241557,75
2019-04-25 22:09:54.814,2.0,sell,5067.16,BTC-3MAY19-5500-C,65.12,0.01,2.0,2,1556230194814,18252557,76
2019-04-25 22:10:25.680,3.0,sell,5040.67,BTC-3MAY19-5500-C,65.03,0.009000000000000001,3.0,2,1556230225680,18253651,77
2019-04-25 22:32:03.394,0.1,buy,5121.14,BTC-3MAY19-5500-C,69.25,0.013999999999999999,0.1,0,1556231523394,18272781,78
2019-04-25 23:13:10.072,4.0,sell,5118.04,BTC-3MAY19-5500-C,56.75,0.0085,4.0,2,1556233990072,18282195,79
2019-04-25 23:13:18.440,1.0,sell,5117.71,BTC-3MAY19-5500-C,56.78,0.0085,1.0,3,1556233998440,18282196,80
2019-04-26 00:13:19.848,3.0,sell,5101.61,BTC-3MAY19-5500-C,64.64,0.011000000000000001,3.0,0,1556237599848,18288532,81
2019-04-26 00:13:19.848,3.0,sell,5101.61,BTC-3MAY19-5500-C,60.98,0.0095,3.0,2,1556237599848,18288533,82
2019-04-26 02:38:55.731,0.5,buy,5246.68,BTC-3MAY19-5500-C,58.83,0.015,0.5,0,1556246335731,18299888,83
2019-04-26 02:39:56.396,3.0,buy,5270.32,BTC-3MAY19-5500-C,60.19,0.017,3.0,0,1556246396396,18301120,84
2019-04-26 02:39:56.410,2.0,buy,5270.32,BTC-3MAY19-5500-C,60.19,0.017,2.0,1,1556246396410,18301121,85
2019-04-26 02:42:55.962,5.0,sell,5230.47,BTC-3MAY19-5500-C,61.66,0.0155,5.0,2,1556246575962,18302251,86
2019-04-26 02:58:44.566,3.0,buy,5219.81,BTC-3MAY19-5500-C,66.98,0.0175,3.0,0,1556247524566,18305464,87
2019-04-26 03:44:24.385,0.1,sell,5199.69,BTC-3MAY19-5500-C,58.79,0.0125,0.1,2,1556250264385,18308610,88
2019-04-26 03:44:58.384,0.1,sell,5199.26,BTC-3MAY19-5500-C,58.83,0.0125,0.1,3,1556250298384,18308621,89
2019-04-26 03:55:24.681,0.2,buy,5204.11,BTC-3MAY19-5500-C,61.6,0.014,0.2,1,1556250924681,18309082,91
2019-04-26 03:55:24.681,0.7000000000000001,buy,5204.11,BTC-3MAY19-5500-C,61.6,0.014,0.7000000000000001,0,1556250924681,18309081,90
2019-04-26 04:29:10.722,0.1,sell,5195.64,BTC-3MAY19-5500-C,60.44,0.013000000000000001,0.1,2,1556252950722,18310631,92
2019-04-26 04:55:44.320,3.9,sell,5182.7,BTC-3MAY19-5500-C,61.88,0.013000000000000001,3.9,3,1556254544320,18311588,93
2019-04-26 06:05:22.771,0.1,buy,5187.24,BTC-3MAY19-5500-C,63.8,0.013999999999999999,0.1,0,1556258722771,18313996,94
2019-04-26 06:05:22.771,23.9,buy,5187.24,BTC-3MAY19-5500-C,63.8,0.013999999999999999,23.9,1,1556258722771,18313997,95
2019-04-26 06:05:38.341,1.0,buy,5186.88,BTC-3MAY19-5500-C,64.93,0.0145,1.0,0,1556258738341,18314021,96
2019-04-26 08:00:19.028,0.8,buy,5160.98,BTC-3MAY19-5500-C,64.73,0.013000000000000001,0.8,2,1556265619028,18318908,97
2019-04-26 08:00:55.500,0.2,buy,5164.91,BTC-3MAY19-5500-C,64.32,0.013000000000000001,0.2,3,1556265655500,18318971,98
2019-04-26 08:05:41.048,0.8,buy,5163.6,BTC-3MAY19-5500-C,64.48,0.013000000000000001,0.8,3,1556265941048,18319152,99
2019-04-26 08:09:16.580,2.0,buy,5174.13,BTC-3MAY19-5500-C,63.38,0.013000000000000001,2.0,3,1556266156580,18319359,100
2019-04-26 08:17:17.143,1.0,sell,5172.58,BTC-3MAY19-5500-C,61.3,0.012,1.0,2,1556266637143,18319691,101
2019-04-26 08:24:58.813,0.5,sell,5172.89,BTC-3MAY19-5500-C,61.3,0.012,0.5,3,1556267098813,18319774,102
2019-04-26 08:28:03.568,10.0,sell,5175.85,BTC-3MAY19-5500-C,61.0,0.012,10.0,3,1556267283568,18319823,104
2019-04-26 08:28:03.568,8.5,sell,5175.85,BTC-3MAY19-5500-C,61.0,0.012,8.5,3,1556267283568,18319822,103
2019-04-26 08:29:09.298,0.1,buy,5177.96,BTC-3MAY19-5500-C,61.91,0.0125,0.1,0,1556267349298,18319881,105
2019-04-26 08:29:25.481,0.1,buy,5178.54,BTC-3MAY19-5500-C,61.85,0.0125,0.1,1,1556267365481,18319886,106
2019-04-26 08:34:51.275,0.2,sell,5181.14,BTC-3MAY19-5500-C,59.32,0.0115,0.2,3,1556267691275,18320203,108
2019-04-26 08:34:51.275,0.8,sell,5181.14,BTC-3MAY19-5500-C,59.32,0.0115,0.8,2,1556267691275,18320202,107
2019-04-26 08:35:11.050,2.6,buy,5181.54,BTC-3MAY19-5500-C,61.55,0.0125,2.6,0,1556267711050,18320220,109
2019-04-26 08:35:11.050,7.4,buy,5181.54,BTC-3MAY19-5500-C,61.55,0.0125,7.4,1,1556267711050,18320221,110
2019-04-26 08:35:40.064,7.6,buy,5180.88,BTC-3MAY19-5500-C,61.63,0.0125,7.6,1,1556267740064,18320239,111
2019-04-26 08:47:50.766,12.4,sell,5184.22,BTC-3MAY19-5500-C,61.31,0.0125,12.4,1,1556268470766,18320653,112
2019-04-26 09:16:06.175,4.0,sell,5177.48,BTC-3MAY19-5500-C,59.82,0.0115,4.0,2,1556270166175,18321159,113
2019-04-26 09:29:18.875,0.1,sell,5184.88,BTC-3MAY19-5500-C,60.23,0.012,0.1,0,1556270958875,18321355,114
2019-04-26 09:29:56.763,2.0,sell,5184.8,BTC-3MAY19-5500-C,59.1,0.0115,2.0,2,1556270996763,18321356,115
2019-04-26 09:33:06.391,2.2,buy,5184.29,BTC-3MAY19-5500-C,60.31,0.012,2.2,0,1556271186391,18321397,116
2019-04-26 09:33:36.525,0.1,sell,5185.05,BTC-3MAY19-5500-C,60.23,0.012,0.1,1,1556271216525,18321402,117
2019-04-26 09:34:31.146,0.1,sell,5184.73,BTC-3MAY19-5500-C,60.27,0.012,0.1,1,1556271271146,18321428,118
2019-04-26 10:00:14.164,1.0,sell,5169.94,BTC-3MAY19-5500-C,59.57,0.011000000000000001,1.0,2,1556272814164,18322529,119
2019-04-26 10:15:29.794,1.0,buy,5175.6,BTC-3MAY19-5500-C,60.2,0.0115,1.0,0,1556273729794,18322792,120
2019-04-26 12:03:09.707,0.1,buy,5146.11,BTC-3MAY19-5500-C,57.47,0.009000000000000001,0.1,2,1556280189707,18327035,121
2019-04-26 12:03:09.707,0.4,buy,5146.11,BTC-3MAY19-5500-C,62.4,0.011000000000000001,0.4,0,1556280189707,18327036,122
2019-04-26 12:30:33.489,0.2,sell,5160.8,BTC-3MAY19-5500-C,59.78,0.0105,0.2,2,1556281833489,18328028,123
2019-04-26 12:49:02.951,7.0,sell,5166.54,BTC-3MAY19-5500-C,59.24,0.0105,7.0,3,1556282942951,18328591,124
2019-04-26 12:49:52.948,3.0,sell,5164.76,BTC-3MAY19-5500-C,58.22,0.01,3.0,2,1556282992948,18328689,125
2019-04-26 12:51:10.196,0.3,sell,5169.8,BTC-3MAY19-5500-C,56.49,0.0095,0.3,2,1556283070196,18328716,126
2019-04-26 12:51:10.197,2.4,sell,5169.8,BTC-3MAY19-5500-C,56.49,0.0095,2.4,3,1556283070197,18328717,127
2019-04-26 12:51:10.198,2.4,sell,5169.8,BTC-3MAY19-5500-C,56.49,0.0095,2.4,3,1556283070198,18328718,128
2019-04-26 12:51:10.199,1.7,sell,5169.8,BTC-3MAY19-5500-C,56.49,0.0095,1.7,3,1556283070199,18328719,129
2019-04-26 12:51:10.213,0.9,sell,5169.8,BTC-3MAY19-5500-C,56.49,0.0095,0.9,3,1556283070213,18328720,130
2019-04-26 12:51:10.224,0.3,buy,5169.8,BTC-3MAY19-5500-C,56.49,0.0095,0.3,3,1556283070224,18328721,131
2019-04-26 12:51:10.224,0.1,buy,5169.8,BTC-3MAY19-5500-C,56.49,0.0095,0.1,3,1556283070224,18328722,132
2019-04-26 12:51:16.580,0.4,buy,5170.38,BTC-3MAY19-5500-C,56.43,0.0095,0.4,3,1556283076580,18328728,133
2019-04-26 12:55:33.115,0.1,buy,5174.11,BTC-3MAY19-5500-C,54.83,0.009000000000000001,0.1,2,1556283333115,18328837,134
2019-04-26 13:01:02.293,0.8,buy,5177.88,BTC-3MAY19-5500-C,55.69,0.0095,0.8,0,1556283662293,18329097,135
2019-04-26 13:01:02.293,1.8,buy,5177.88,BTC-3MAY19-5500-C,55.69,0.0095,1.8,1,1556283662293,18329098,136
2019-04-26 13:01:02.293,5.1000000000000005,buy,5177.88,BTC-3MAY19-5500-C,55.69,0.0095,5.1000000000000005,1,1556283662293,18329099,137
2019-04-26 13:01:02.293,2.3000000000000003,buy,5177.88,BTC-3MAY19-5500-C,55.69,0.0095,2.3000000000000003,1,1556283662293,18329100,138
2019-04-26 13:01:18.093,1.0,buy,5177.45,BTC-3MAY19-5500-C,55.74,0.0095,1.0,1,1556283678093,18329105,141
2019-04-26 13:01:18.093,1.2,buy,5177.45,BTC-3MAY19-5500-C,55.74,0.0095,1.2,1,1556283678093,18329106,142
2019-04-26 13:01:18.093,1.0,buy,5177.45,BTC-3MAY19-5500-C,55.74,0.0095,1.0,1,1556283678093,18329104,140
2019-04-26 13:01:18.093,2.0,buy,5177.45,BTC-3MAY19-5500-C,55.74,0.0095,2.0,1,1556283678093,18329103,139
2019-04-26 13:01:18.093,4.8,buy,5177.45,BTC-3MAY19-5500-C,55.74,0.0095,4.8,1,1556283678093,18329107,143
2019-04-26 13:01:36.241,0.2,buy,5177.42,BTC-3MAY19-5500-C,55.74,0.0095,0.2,1,1556283696241,18329117,145
2019-04-26 13:01:36.241,0.2,buy,5177.42,BTC-3MAY19-5500-C,55.74,0.0095,0.2,1,1556283696241,18329116,144
2019-04-26 13:01:39.253,0.4,buy,5176.95,BTC-3MAY19-5500-C,55.79,0.0095,0.4,1,1556283699253,18329122,146
2019-04-26 13:01:39.661,0.4,buy,5176.91,BTC-3MAY19-5500-C,55.8,0.0095,0.4,1,1556283699661,18329124,147
2019-04-26 13:01:39.816,0.4,buy,5176.91,BTC-3MAY19-5500-C,55.8,0.0095,0.4,1,1556283699816,18329126,148
2019-04-26 13:01:40.621,1.5,buy,5176.91,BTC-3MAY19-5500-C,55.8,0.0095,1.5,1,1556283700621,18329129,150
2019-04-26 13:01:40.621,3.4,buy,5176.91,BTC-3MAY19-5500-C,55.8,0.0095,3.4,1,1556283700621,18329128,149
2019-04-26 13:51:19.300,0.1,buy,5171.31,BTC-3MAY19-5500-C,60.13,0.011000000000000001,0.1,0,1556286679300,18330067,151
2019-04-26 14:32:18.541,0.2,buy,5165.06,BTC-3MAY19-5500-C,62.1,0.0115,0.2,0,1556289138541,18330885,152
2019-04-26 14:32:18.570,0.2,sell,5165.06,BTC-3MAY19-5500-C,62.1,0.0115,0.2,1,1556289138570,18330887,153
2019-04-26 14:34:10.963,4.6000000000000005,buy,5165.02,BTC-3MAY19-5500-C,63.29,0.012,4.6000000000000005,0,1556289250963,18330936,154
2019-04-26 14:56:25.951,5.0,buy,5163.24,BTC-3MAY19-5500-C,62.37,0.0115,5.0,2,1556290585951,18331223,155
2019-04-26 14:59:56.505,0.5,sell,5163.39,BTC-3MAY19-5500-C,58.75,0.01,0.5,2,1556290796505,18331247,156
2019-04-26 15:10:54.949,1.0,sell,5157.38,BTC-3MAY19-5500-C,59.4,0.01,1.0,3,1556291454949,18331532,157
2019-04-26 15:11:06.692,1.0,sell,5156.68,BTC-3MAY19-5500-C,59.47,0.01,1.0,3,1556291466692,18331534,158
2019-04-26 15:11:08.951,1.0,sell,5156.68,BTC-3MAY19-5500-C,59.47,0.01,1.0,3,1556291468951,18331535,159
2019-04-26 15:12:24.528,1.0,sell,5148.6,BTC-3MAY19-5500-C,60.3,0.01,1.0,3,1556291544528,18331653,160
2019-04-26 15:13:11.964,0.5,sell,5147.72,BTC-3MAY19-5500-C,60.39,0.01,0.5,3,1556291591964,18331781,161
2019-04-26 15:14:40.482,3.9,sell,5140.88,BTC-3MAY19-5500-C,58.56,0.009000000000000001,3.9,2,1556291680482,18332088,162
2019-04-26 15:18:22.330,0.1,buy,5145.04,BTC-3MAY19-5500-C,58.15,0.009000000000000001,0.1,3,1556291902330,18332622,163
2019-04-26 15:42:22.703,2.0,sell,5141.92,BTC-3MAY19-5500-C,58.54,0.009000000000000001,2.0,3,1556293342703,18333045,164
2019-04-26 16:07:00.420,1.2,sell,5099.09,BTC-3MAY19-5500-C,58.77,0.0075,1.2,2,1556294820420,18335724,165
2019-04-26 16:07:00.426,0.9,sell,5099.09,BTC-3MAY19-5500-C,58.77,0.0075,0.9,3,1556294820426,18335725,166
2019-04-26 16:13:55.306,0.4,buy,5113.68,BTC-3MAY19-5500-C,57.39,0.0075,0.4,3,1556295235306,18336605,167
2019-04-26 16:15:29.977,0.4,sell,5109.98,BTC-3MAY19-5500-C,56.34,0.006999999999999999,0.4,2,1556295329977,18336747,168
2019-04-26 16:16:54.413,0.1,sell,5106.56,BTC-3MAY19-5500-C,56.67,0.006999999999999999,0.1,3,1556295414413,18336804,169
2019-04-26 16:37:22.685,0.1,buy,5087.43,BTC-3MAY19-5500-C,59.98,0.0075,0.1,0,1556296642685,18340299,170
2019-04-26 16:43:09.776,3.0,sell,5090.91,BTC-3MAY19-5500-C,58.23,0.006999999999999999,3.0,2,1556296989776,18340791,171
2019-04-26 18:32:52.017,5.0,buy,5109.58,BTC-3MAY19-5500-C,53.83,0.006,5.0,2,1556303572017,18343147,172
2019-04-26 19:06:57.313,1.0,sell,5068.2,BTC-3MAY19-5500-C,52.79,0.0045,1.0,2,1556305617313,18344757,173
2019-04-26 19:06:57.318,1.5,sell,5068.2,BTC-3MAY19-5500-C,52.79,0.0045,1.5,3,1556305617318,18344758,174
2019-04-26 19:06:57.323,1.8,sell,5068.2,BTC-3MAY19-5500-C,52.79,0.0045,1.8,3,1556305617323,18344759,175
2019-04-26 19:06:57.327,2.4,sell,5068.2,BTC-3MAY19-5500-C,52.79,0.0045,2.4,3,1556305617327,18344760,176
2019-04-26 19:06:57.333,0.4,sell,5068.2,BTC-3MAY19-5500-C,52.79,0.0045,0.4,3,1556305617333,18344761,177
2019-04-26 19:06:57.333,1.0,sell,5068.2,BTC-3MAY19-5500-C,52.79,0.0045,1.0,3,1556305617333,18344762,178
2019-04-26 19:06:57.337,2.4,sell,5068.2,BTC-3MAY19-5500-C,52.79,0.0045,2.4,3,1556305617337,18344764,179
2019-04-26 19:06:57.338,1.3,sell,5068.2,BTC-3MAY19-5500-C,52.79,0.0045,1.3,3,1556305617338,18344765,180
2019-04-26 19:06:57.343,1.0,sell,5068.2,BTC-3MAY19-5500-C,52.79,0.0045,1.0,3,1556305617343,18344766,181
2019-04-26 19:06:57.350,4.3,sell,5068.2,BTC-3MAY19-5500-C,52.79,0.0045,4.3,3,1556305617350,18344767,182
2019-04-26 19:06:57.351,1.0,sell,5068.2,BTC-3MAY19-5500-C,52.79,0.0045,1.0,3,1556305617351,18344768,183
2019-04-26 19:06:58.410,5.0,buy,5068.2,BTC-3MAY19-5500-C,52.79,0.0045,5.0,3,1556305618410,18344774,189
2019-04-26 19:06:58.410,1.2,buy,5068.2,BTC-3MAY19-5500-C,52.79,0.0045,1.2,3,1556305618410,18344775,190
2019-04-26 19:06:58.410,1.7,buy,5068.2,BTC-3MAY19-5500-C,52.79,0.0045,1.7,3,1556305618410,18344772,187
2019-04-26 19:06:58.410,4.2,buy,5068.2,BTC-3MAY19-5500-C,52.79,0.0045,4.2,3,1556305618410,18344769,184
2019-04-26 19:06:58.410,0.3,buy,5068.2,BTC-3MAY19-5500-C,52.79,0.0045,0.3,3,1556305618410,18344770,185
2019-04-26 19:06:58.410,3.5,buy,5068.2,BTC-3MAY19-5500-C,52.79,0.0045,3.5,3,1556305618410,18344771,186
2019-04-26 19:06:58.410,1.2,buy,5068.2,BTC-3MAY19-5500-C,52.79,0.0045,1.2,3,1556305618410,18344773,188
2019-04-26 20:34:46.729,2.0,buy,5114.39,BTC-3MAY19-5500-C,55.23,0.0065,2.0,0,1556310886729,18347163,191
2019-04-26 20:34:55.760,3.0,buy,5114.39,BTC-3MAY19-5500-C,55.23,0.0065,3.0,1,1556310895760,18347164,192
2019-04-26 20:55:38.131,5.3,sell,5091.9,BTC-3MAY19-5500-C,52.69,0.005,5.3,2,1556312138131,18348438,193
2019-04-26 20:55:38.133,5.7,buy,5091.9,BTC-3MAY19-5500-C,52.69,0.005,5.7,3,1556312138133,18348439,194
2019-04-26 21:23:10.108,3.0,buy,5102.2,BTC-3MAY19-5500-C,56.54,0.0065,3.0,0,1556313790108,18348976,195
2019-04-26 21:55:47.007,0.1,buy,5122.22,BTC-3MAY19-5500-C,53.23,0.006,0.1,2,1556315747007,18349703,196
2019-04-26 22:06:18.554,1.9,buy,5159.08,BTC-3MAY19-5500-C,49.76,0.006,1.9,3,1556316378554,18350616,197
2019-04-27 00:18:38.232,3.0,sell,5167.22,BTC-3MAY19-5500-C,52.19,0.006999999999999999,3.0,0,1556324318232,18354472,198
2019-04-27 00:30:41.206,2.7,buy,5163.14,BTC-3MAY19-5500-C,54.02,0.0075,2.7,1,1556325041206,18354530,202
2019-04-27 00:30:41.206,1.5,buy,5163.14,BTC-3MAY19-5500-C,54.02,0.0075,1.5,1,1556325041206,18354528,200
2019-04-27 00:30:41.206,1.8,buy,5163.14,BTC-3MAY19-5500-C,54.02,0.0075,1.8,1,1556325041206,18354529,201
2019-04-27 00:30:41.206,1.0,buy,5163.14,BTC-3MAY19-5500-C,54.02,0.0075,1.0,0,1556325041206,18354527,199
2019-04-27 00:50:05.047,0.8,buy,5154.6,BTC-3MAY19-5500-C,54.93,0.0075,0.8,1,1556326205047,18354790,203
2019-04-27 00:50:05.047,1.2,buy,5154.6,BTC-3MAY19-5500-C,54.93,0.0075,1.2,1,1556326205047,18354791,204
2019-04-27 00:53:49.018,0.5,buy,5149.06,BTC-3MAY19-5500-C,54.09,0.006999999999999999,0.5,2,1556326429018,18354863,205
2019-04-27 01:22:50.107,4.0,buy,5148.08,BTC-3MAY19-5500-C,54.28,0.006999999999999999,4.0,3,1556328170107,18355219,206
2019-04-27 03:08:33.033,5.0,buy,5150.14,BTC-3MAY19-5500-C,54.39,0.006999999999999999,5.0,3,1556334513033,18355983,207
2019-04-27 03:09:30.845,1.0,buy,5149.94,BTC-3MAY19-5500-C,54.41,0.006999999999999999,1.0,3,1556334570845,18355984,208
2019-04-27 03:42:08.435,9.5,buy,5161.71,BTC-3MAY19-5500-C,53.34,0.006999999999999999,9.5,3,1556336528435,18356322,209
2019-04-27 03:48:25.437,1.0,buy,5157.4,BTC-3MAY19-5500-C,53.79,0.006999999999999999,1.0,3,1556336905437,18356510,210
2019-04-27 04:02:08.825,5.0,sell,5132.71,BTC-3MAY19-5500-C,54.82,0.0065,5.0,2,1556337728825,18357200,211
2019-04-27 10:08:50.773,0.2,sell,5158.03,BTC-3MAY19-5500-C,47.12,0.0045,0.2,2,1556359730773,18362238,212
2019-04-27 11:38:49.859,0.6,buy,5161.0,BTC-3MAY19-5500-C,51.91,0.006,0.6,0,1556365129859,18362858,213
2019-04-27 12:29:32.875,0.1,buy,5150.01,BTC-3MAY19-5500-C,51.6,0.0055,0.1,2,1556368172875,18363685,214
2019-04-27 12:29:32.875,4.9,buy,5150.01,BTC-3MAY19-5500-C,51.6,0.0055,4.9,3,1556368172875,18363686,215
2019-04-27 12:42:14.174,5.5,buy,5152.76,BTC-3MAY19-5500-C,52.93,0.006,5.5,0,1556368934174,18363767,216
2019-04-27 14:23:43.425,1.0,buy,5168.94,BTC-3MAY19-5500-C,53.14,0.0065,1.0,0,1556375023425,18365636,217
2019-04-27 15:35:14.641,0.1,buy,5171.29,BTC-3MAY19-5500-C,53.13,0.0065,0.1,1,1556379314641,18366289,218
2019-04-27 15:35:14.641,0.9,buy,5171.29,BTC-3MAY19-5500-C,53.13,0.0065,0.9,1,1556379314641,18366290,219
2019-04-27 15:47:24.768,3.9,buy,5158.73,BTC-3MAY19-5500-C,52.92,0.006,3.9,3,1556380044768,18366554,221
2019-04-27 15:47:24.768,0.1,buy,5158.73,BTC-3MAY19-5500-C,52.92,0.006,0.1,2,1556380044768,18366553,220
2019-04-27 15:53:55.035,0.1,sell,5157.37,BTC-3MAY19-5500-C,48.17,0.0045,0.1,2,1556380435035,18366629,222
2019-04-27 18:31:30.454,0.1,buy,5172.95,BTC-3MAY19-5500-C,53.53,0.0065,0.1,0,1556389890454,18368838,223
2019-04-27 18:31:30.454,2.9,buy,5172.95,BTC-3MAY19-5500-C,53.53,0.0065,2.9,1,1556389890454,18368839,224
2019-04-27 20:49:09.990,0.2,sell,5198.73,BTC-3MAY19-5500-C,48.2,0.0055,0.2,2,1556398149990,18372496,225
2019-04-27 21:07:04.568,8.0,sell,5204.99,BTC-3MAY19-5500-C,47.6,0.0055,8.0,3,1556399224568,18372948,226
2019-04-27 23:48:38.764,2.0,buy,5171.32,BTC-3MAY19-5500-C,53.23,0.006,2.0,0,1556408918764,18376217,227
2019-04-27 23:58:07.359,1.0,buy,5169.45,BTC-3MAY19-5500-C,53.46,0.006,1.0,1,1556409487359,18376463,228
2019-04-28 00:56:42.414,1.0,buy,5183.17,BTC-3MAY19-5500-C,53.77,0.0065,1.0,0,1556413002414,18377253,229
2019-04-28 03:32:37.575,0.2,sell,5167.61,BTC-3MAY19-5500-C,51.09,0.005,0.2,2,1556422357575,18379154,230
2019-04-28 05:29:31.815,0.2,buy,5161.17,BTC-3MAY19-5500-C,53.88,0.0055,0.2,0,1556429371815,18380020,231
2019-04-28 05:38:32.442,0.3,buy,5162.21,BTC-3MAY19-5500-C,55.47,0.006,0.3,0,1556429912442,18380078,232
2019-04-28 07:15:05.822,0.2,buy,5174.33,BTC-3MAY19-5500-C,54.52,0.006,0.2,1,1556435705822,18380895,233
2019-04-28 07:41:10.610,0.1,sell,5178.79,BTC-3MAY19-5500-C,49.02,0.0045,0.1,2,1556437270610,18381094,234
2019-04-28 08:23:12.165,0.9,buy,5173.33,BTC-3MAY19-5500-C,49.73,0.0045,0.9,3,1556439792165,18381635,235
2019-04-28 11:20:11.914,20.0,buy,5194.57,BTC-3MAY19-5500-C,51.57,0.0055,20.0,0,1556450411914,18383776,236
2019-04-28 11:56:03.332,0.2,buy,5212.73,BTC-3MAY19-5500-C,51.31,0.006,0.2,0,1556452563332,18384490,237
2019-04-28 13:28:53.429,6.0,buy,5200.15,BTC-3MAY19-5500-C,56.27,0.006999999999999999,6.0,0,1556458133429,18385702,238
2019-04-28 15:32:20.843,2.4,buy,5194.26,BTC-3MAY19-5500-C,55.87,0.0065,2.4,2,1556465540843,18390330,239
2019-04-28 18:36:09.149,0.1,sell,5170.67,BTC-3MAY19-5500-C,54.15,0.005,0.1,2,1556476569149,18393262,240
2019-04-28 19:48:34.417,1.0,sell,5133.01,BTC-3MAY19-5500-C,56.66,0.0045,1.0,2,1556480914417,18399117,241
2019-04-28 21:23:34.603,0.1,buy,5125.75,BTC-3MAY19-5500-C,63.59,0.006,0.1,0,1556486614603,18402281,242
2019-04-29 03:47:44.353,1.0,sell,5170.79,BTC-3MAY19-5500-C,56.57,0.005,1.0,2,1556509664353,18407852,243
2019-04-29 04:29:58.494,9.9,buy,5180.71,BTC-3MAY19-5500-C,62.78,0.006999999999999999,9.9,0,1556512198494,18408416,245
2019-04-29 04:29:58.494,0.1,buy,5180.71,BTC-3MAY19-5500-C,59.3,0.006,0.1,0,1556512198494,18408415,244
2019-04-29 08:41:29.954,0.2,buy,5165.48,BTC-3MAY19-5500-C,60.57,0.0055,0.2,2,1556527289954,18411067,246
2019-04-29 15:59:11.688,18.0,sell,5141.62,BTC-3MAY19-5500-C,59.55,0.004,18.0,2,1556553551688,18429682,247
2019-04-29 16:34:13.062,0.1,buy,5156.67,BTC-3MAY19-5500-C,60.18,0.0045,0.1,0,1556555653062,18430539,248
2019-04-29 16:41:47.841,0.9,buy,5163.47,BTC-3MAY19-5500-C,59.4,0.0045,0.9,1,1556556107841,18430851,249
2019-04-29 20:13:14.592,0.1,sell,5133.35,BTC-3MAY19-5500-C,64.34,0.0045,0.1,1,1556568794592,18436379,250
2019-04-29 20:13:14.672,3.9,sell,5133.78,BTC-3MAY19-5500-C,64.29,0.0045,3.9,1,1556568794672,18436382,251
2019-04-29 20:31:21.561,4.0,sell,5133.08,BTC-3MAY19-5500-C,64.49,0.0045,4.0,1,1556569881561,18436698,252
2019-04-29 22:23:09.547,2.5,sell,5119.88,BTC-3MAY19-5500-C,64.48,0.004,2.5,2,1556576589547,18439556,253
2019-04-30 02:05:32.133,0.1,buy,5159.09,BTC-3MAY19-5500-C,65.68,0.005,0.1,0,1556589932133,18446676,254
2019-04-30 03:43:06.764,0.1,buy,5143.32,BTC-3MAY19-5500-C,68.45,0.005,0.1,1,1556595786764,18447724,255
2019-04-30 05:59:16.351,0.1,buy,5139.21,BTC-3MAY19-5500-C,67.69,0.0045,0.1,2,1556603956351,18449611,256
2019-04-30 12:24:50.677,1.0,buy,5202.54,BTC-3MAY19-5500-C,64.38,0.005,1.0,0,1556627090677,18462843,257
2019-04-30 17:52:49.780,0.2,sell,5232.38,BTC-3MAY19-5500-C,60.37,0.0045,0.2,2,1556646769780,18481219,258
2019-04-30 19:30:34.733,10.0,sell,5240.89,BTC-3MAY19-5500-C,59.9,0.0045,10.0,3,1556652634733,18482258,259
2019-04-30 19:30:44.061,5.0,sell,5238.78,BTC-3MAY19-5500-C,60.22,0.0045,5.0,3,1556652644061,18482280,260
2019-04-30 20:45:22.040,10.0,sell,5237.34,BTC-3MAY19-5500-C,61.06,0.0045,10.0,3,1556657122040,18483375,261
2019-04-30 20:48:24.516,0.2,sell,5234.73,BTC-3MAY19-5500-C,61.49,0.0045,0.2,3,1556657304516,18483401,262
2019-04-30 20:49:02.686,10.0,sell,5235.19,BTC-3MAY19-5500-C,61.43,0.0045,10.0,3,1556657342686,18483402,263
2019-04-30 20:49:11.915,10.0,sell,5235.19,BTC-3MAY19-5500-C,61.43,0.0045,10.0,3,1556657351915,18483403,264
2019-04-30 20:49:35.245,5.3,sell,5235.12,BTC-3MAY19-5500-C,61.44,0.0045,5.3,3,1556657375245,18483404,265
2019-05-01 05:23:34.496,0.1,sell,5320.18,BTC-3MAY19-5500-C,56.54,0.0055,0.1,0,1556688214496,18498484,266
2019-05-01 08:23:38.555,0.1,sell,5290.21,BTC-3MAY19-5500-C,56.46,0.004,0.1,2,1556699018555,18501336,267
2019-05-01 08:28:21.629,0.1,sell,5292.46,BTC-3MAY19-5500-C,53.49,0.0035,0.1,3,1556699301629,18501714,269
2019-05-01 08:28:21.629,0.8,sell,5292.46,BTC-3MAY19-5500-C,53.49,0.0035,0.8,3,1556699301629,18501715,270
2019-05-01 08:28:21.629,0.1,sell,5292.46,BTC-3MAY19-5500-C,53.49,0.0035,0.1,2,1556699301629,18501713,268
2019-05-01 08:54:42.383,2.5,sell,5290.69,BTC-3MAY19-5500-C,54.04,0.0035,2.5,3,1556700882383,18502418,271
2019-05-01 12:34:32.956,11.6,sell,5278.94,BTC-3MAY19-5500-C,58.34,0.0035,11.6,3,1556714072956,18506809,273
2019-05-01 12:34:32.956,1.7,sell,5278.94,BTC-3MAY19-5500-C,58.34,0.0035,1.7,3,1556714072956,18506808,272
2019-05-01 12:45:47.375,0.1,sell,5282.94,BTC-3MAY19-5500-C,57.76,0.0035,0.1,3,1556714747375,18507492,274
2019-05-01 12:55:54.322,0.9,buy,5291.16,BTC-3MAY19-5500-C,59.19,0.004,0.9,0,1556715354322,18507603,275
2019-05-01 20:17:26.384,20.0,buy,5306.17,BTC-3MAY19-5500-C,61.99,0.004,20.0,1,1556741846384,18521801,276
2019-05-01 21:47:57.229,20.0,buy,5298.72,BTC-3MAY19-5500-C,61.81,0.0035,20.0,2,1556747277229,18523022,277
2019-05-01 21:47:57.229,6.5,buy,5298.72,BTC-3MAY19-5500-C,61.81,0.0035,6.5,3,1556747277229,18523023,278
2019-05-01 21:53:01.562,20.0,sell,5300.37,BTC-3MAY19-5500-C,61.56,0.0035,20.0,3,1556747581562,18523049,279
2019-05-01 22:23:40.996,53.5,sell,5296.04,BTC-3MAY19-5500-C,62.9,0.0035,53.5,3,1556749420996,18523670,280
2019-05-01 23:18:31.656,2.1,buy,5309.24,BTC-3MAY19-5500-C,64.16,0.004,2.1,0,1556752711656,18524410,281
2019-05-01 23:18:31.688,1.4,buy,5309.24,BTC-3MAY19-5500-C,64.16,0.004,1.4,1,1556752711688,18524411,282
2019-05-01 23:18:31.703,1.1,sell,5309.24,BTC-3MAY19-5500-C,64.16,0.004,1.1,1,1556752711703,18524412,283
2019-05-01 23:18:31.714,1.7,buy,5309.24,BTC-3MAY19-5500-C,64.16,0.004,1.7,1,1556752711714,18524413,284
2019-05-01 23:18:32.711,0.4,sell,5309.07,BTC-3MAY19-5500-C,64.19,0.004,0.4,1,1556752712711,18524417,288
2019-05-01 23:18:32.711,0.5,sell,5309.07,BTC-3MAY19-5500-C,64.19,0.004,0.5,1,1556752712711,18524416,287
2019-05-01 23:18:32.711,0.6,sell,5309.07,BTC-3MAY19-5500-C,64.19,0.004,0.6,1,1556752712711,18524415,286
2019-05-01 23:18:32.711,0.9,sell,5309.07,BTC-3MAY19-5500-C,64.19,0.004,0.9,1,1556752712711,18524414,285
2019-05-01 23:18:32.711,2.0,sell,5309.07,BTC-3MAY19-5500-C,64.19,0.004,2.0,1,1556752712711,18524418,289
2019-05-01 23:18:32.720,1.2,buy,5309.07,BTC-3MAY19-5500-C,64.19,0.004,1.2,1,1556752712720,18524419,290
2019-05-01 23:18:32.772,0.7000000000000001,buy,5309.07,BTC-3MAY19-5500-C,64.19,0.004,0.7000000000000001,1,1556752712772,18524420,291
2019-05-01 23:18:32.805,2.1,buy,5309.07,BTC-3MAY19-5500-C,64.19,0.004,2.1,1,1556752712805,18524421,292
2019-05-01 23:26:35.233,8.0,buy,5312.55,BTC-3MAY19-5500-C,66.55,0.0045,8.0,0,1556753195233,18524567,293
2019-05-01 23:42:07.020,0.4,sell,5310.78,BTC-3MAY19-5500-C,64.21,0.004,0.4,3,1556754127020,18524770,296
2019-05-01 23:42:07.020,0.1,sell,5310.78,BTC-3MAY19-5500-C,64.21,0.004,0.1,2,1556754127020,18524768,294
2019-05-01 23:42:07.020,0.7000000000000001,sell,5310.78,BTC-3MAY19-5500-C,64.21,0.004,0.7000000000000001,3,1556754127020,18524769,295
2019-05-01 23:42:07.020,0.5,sell,5310.78,BTC-3MAY19-5500-C,64.21,0.004,0.5,3,1556754127020,18524771,297
2019-05-02 03:15:39.176,0.2,sell,5322.03,BTC-3MAY19-5500-C,55.37,0.0025,0.2,2,1556766939176,18529524,298
2019-05-02 04:47:42.213,20.0,buy,5317.1,BTC-3MAY19-5500-C,65.16,0.0035,20.0,0,1556772462213,18532225,299
2019-05-02 04:48:25.644,0.2,sell,5316.8,BTC-3MAY19-5500-C,65.23,0.0035,0.2,1,1556772505644,18532381,300
2019-05-02 04:48:25.676,0.2,sell,5316.8,BTC-3MAY19-5500-C,65.23,0.0035,0.2,1,1556772505676,18532384,301
2019-05-02 04:51:12.774,0.1,buy,5315.41,BTC-3MAY19-5500-C,68.96,0.004,0.1,0,1556772672774,18532459,302
2019-05-02 04:51:12.774,0.2,buy,5315.41,BTC-3MAY19-5500-C,68.96,0.004,0.2,1,1556772672774,18532460,303
2019-05-02 06:57:26.312,0.1,sell,5325.48,BTC-3MAY19-5500-C,62.32,0.003,0.1,2,1556780246312,18533629,304
2019-05-02 07:15:58.189,25.0,sell,5333.41,BTC-3MAY19-5500-C,67.83,0.004,25.0,0,1556781358189,18533938,305
2019-05-02 07:16:16.968,25.0,sell,5333.36,BTC-3MAY19-5500-C,67.84,0.004,25.0,1,1556781376968,18533939,306
2019-05-02 07:36:40.186,2.8000000000000003,sell,5330.44,BTC-3MAY19-5500-C,58.19,0.0025,2.8000000000000003,2,1556782600186,18536722,307
2019-05-02 07:36:40.186,10.0,sell,5330.44,BTC-3MAY19-5500-C,58.19,0.0025,10.0,3,1556782600186,18536723,308
2019-05-02 07:36:40.186,9.2,sell,5330.44,BTC-3MAY19-5500-C,58.19,0.0025,9.2,3,1556782600186,18536724,309
2019-05-02 08:47:33.994,1.0,buy,5363.32,BTC-3MAY19-5500-C,65.48,0.0045,1.0,0,1556786853994,18539793,310
2019-05-02 13:56:04.658,10.0,sell,5363.49,BTC-3MAY19-5500-C,58.66,0.0025,10.0,2,1556805364658,18551251,311
2019-05-02 15:11:50.878,0.1,buy,5410.6,BTC-3MAY19-5500-C,54.38,0.0035,0.1,0,1556809910878,18556914,312
2019-05-02 15:17:22.103,0.2,sell,5403.39,BTC-3MAY19-5500-C,53.13,0.003,0.2,2,1556810242103,18558083,313
2019-05-02 15:17:23.665,0.2,sell,5401.58,BTC-3MAY19-5500-C,53.7,0.003,0.2,3,1556810243665,18558119,314
2019-05-02 15:17:23.720,0.2,sell,5401.58,BTC-3MAY19-5500-C,53.7,0.003,0.2,3,1556810243720,18558121,315
2019-05-02 15:32:03.962,0.2,sell,5405.99,BTC-3MAY19-5500-C,52.71,0.003,0.2,3,1556811123962,18559088,316
2019-05-02 15:50:44.318,2.0,sell,5400.09,BTC-3MAY19-5500-C,51.11,0.0025,2.0,2,1556812244318,18559698,317
2019-05-02 16:04:17.241,0.1,buy,5410.1,BTC-3MAY19-5500-C,56.01,0.0035,0.1,0,1556813057241,18559998,318
2019-05-02 16:04:17.241,0.4,buy,5410.1,BTC-3MAY19-5500-C,56.01,0.0035,0.4,1,1556813057241,18559999,319
2019-05-02 16:04:29.438,0.4,sell,5409.0,BTC-3MAY19-5500-C,56.38,0.0035,0.4,1,1556813069438,18560014,320
2019-05-02 16:04:31.062,1.1,sell,5408.88,BTC-3MAY19-5500-C,56.42,0.0035,1.1,1,1556813071062,18560032,321
2019-05-02 16:10:05.118,0.2,sell,5410.78,BTC-3MAY19-5500-C,59.61,0.004,0.2,0,1556813405118,18560458,322
2019-05-02 16:18:50.787,5.0,buy,5393.79,BTC-3MAY19-5500-C,61.89,0.0035,5.0,2,1556813930787,18561066,323
2019-05-02 16:50:34.930,0.1,sell,5379.7,BTC-3MAY19-5500-C,49.48,0.0015,0.1,2,1556815834930,18563579,324
2019-05-02 16:51:03.228,0.1,sell,5379.92,BTC-3MAY19-5500-C,49.41,0.0015,0.1,3,1556815863228,18563581,325
2019-05-02 16:51:11.654,0.1,sell,5379.98,BTC-3MAY19-5500-C,49.4,0.0015,0.1,3,1556815871654,18563582,326
2019-05-02 19:27:54.319,0.1,buy,5405.54,BTC-3MAY19-5500-C,64.87,0.0035,0.1,0,1556825274319,18566718,327
2019-05-02 20:53:40.311,1.0,buy,5404.81,BTC-3MAY19-5500-C,69.22,0.0035,1.0,1,1556830420311,18570457,328
2019-05-02 20:55:35.446,0.1,sell,5405.14,BTC-3MAY19-5500-C,64.62,0.003,0.1,2,1556830535446,18570492,329
2019-05-02 20:55:37.364,20.0,buy,5405.14,BTC-3MAY19-5500-C,69.19,0.0035,20.0,0,1556830537364,18570493,330
2019-05-02 20:55:37.364,0.5,buy,5405.14,BTC-3MAY19-5500-C,69.19,0.0035,0.5,1,1556830537364,18570494,331
2019-05-02 20:57:31.940,0.1,sell,5403.87,BTC-3MAY19-5500-C,65.21,0.003,0.1,2,1556830651940,18570565,332
2019-05-02 20:57:38.474,1.0,sell,5403.45,BTC-3MAY19-5500-C,60.58,0.0025,1.0,2,1556830658474,18570566,333
2019-05-02 21:14:45.374,10.0,sell,5402.17,BTC-3MAY19-5500-C,61.86,0.0025,10.0,3,1556831685374,18570893,334
2019-05-02 21:15:09.967,0.2,sell,5402.02,BTC-3MAY19-5500-C,61.92,0.0025,0.2,3,1556831709967,18570896,335
2019-05-02 21:40:39.856,3.5,sell,5410.93,BTC-3MAY19-5500-C,64.59,0.003,3.5,0,1556833239856,18571908,336
2019-05-02 21:43:34.494,0.2,buy,5412.55,BTC-3MAY19-5500-C,73.26,0.004,0.2,0,1556833414494,18571972,337
2019-05-02 21:43:34.508,1.0,sell,5412.55,BTC-3MAY19-5500-C,73.26,0.004,1.0,1,1556833414508,18571974,338
2019-05-02 21:52:40.932,10.0,sell,5407.18,BTC-3MAY19-5500-C,61.8,0.0025,10.0,2,1556833960932,18572180,339
2019-05-02 21:52:45.097,3.8,sell,5407.14,BTC-3MAY19-5500-C,61.82,0.0025,3.8,3,1556833965097,18572181,340
2019-05-03 01:01:46.283,0.1,sell,5409.58,BTC-3MAY19-5500-C,52.74,0.001,0.1,2,1556845306283,18579954,341
2019-05-03 03:10:16.037,1.0,sell,5463.34,BTC-3MAY19-5500-C,72.72,0.004,1.0,0,1556853016037,18592435,342
2019-05-03 03:10:56.686,0.1,buy,5464.77,BTC-3MAY19-5500-C,83.15,0.005,0.1,0,1556853056686,18592480,343
2019-05-03 03:12:56.414,1.0,sell,5458.7,BTC-3MAY19-5500-C,64.6,0.003,1.0,2,1556853176414,18592613,344
2019-05-03 03:35:56.878,10.0,buy,5461.49,BTC-3MAY19-5500-C,77.63,0.004,10.0,0,1556854556878,18593123,345
2019-05-03 04:29:11.391,5.0,sell,5472.23,BTC-3MAY19-5500-C,57.39,0.0025,5.0,2,1556857751391,18594453,346
