date_utc,amount,direction,indexPrice,instrument,iv,price,quantity,tickDirection,timeStamp,tradeId,tradeSeq
2019-05-10 08:37:28.123,0.5,sell,6292.65,BTC-17MAY19-7750-C,85.08,0.002,0.5,1,1557477448123,19341901,1
2019-05-10 09:00:55.256,1.0,sell,6279.93,BTC-17MAY19-7750-C,85.84,0.002,1.0,1,1557478855256,19343949,2
2019-05-10 09:02:15.026,5.0,sell,6276.75,BTC-17MAY19-7750-C,86.01,0.002,5.0,1,1557478935026,19344033,3
2019-05-10 09:04:36.600,1.0,sell,6274.75,BTC-17MAY19-7750-C,86.13,0.002,1.0,1,1557479076600,19344283,4
2019-05-10 09:05:21.266,1.0,sell,6270.29,BTC-17MAY19-7750-C,86.36,0.002,1.0,1,1557479121266,19344306,5
2019-05-10 09:07:15.253,0.1,sell,6280.99,BTC-17MAY19-7750-C,85.81,0.002,0.1,1,1557479235253,19344416,6
2019-05-10 09:41:31.096,0.1,buy,6284.01,BTC-17MAY19-7750-C,89.51,0.0025,0.1,0,1557481291096,19346812,7
2019-05-10 10:05:57.928,1.0,sell,6316.26,BTC-17MAY19-7750-C,80.0,0.0015,1.0,2,1557482757928,19347654,8
2019-05-10 16:19:53.817,1.0,buy,6349.22,BTC-17MAY19-7750-C,79.86,0.0015,1.0,3,1557505193817,19372019,9
2019-05-10 18:01:50.594,8.9,buy,6408.74,BTC-17MAY19-7750-C,81.41,0.002,8.9,1,1557511310594,19387155,13
2019-05-10 18:01:50.594,0.1,buy,6408.74,BTC-17MAY19-7750-C,81.41,0.002,0.1,1,1557511310594,19387154,12
2019-05-10 18:01:50.594,1.0,buy,6408.74,BTC-17MAY19-7750-C,81.41,0.002,1.0,0,1557511310594,19387152,10
2019-05-10 18:01:50.594,10.0,buy,6408.74,BTC-17MAY19-7750-C,81.41,0.002,10.0,1,1557511310594,19387153,11
2019-05-11 00:49:53.713,1.0,buy,6379.15,BTC-17MAY19-7750-C,80.51,0.0015,1.0,2,1557535793713,19418297,14
2019-05-11 01:43:48.321,0.9,buy,6442.71,BTC-17MAY19-7750-C,85.27,0.0025,0.9,0,1557539028321,19421951,15
2019-05-11 01:43:48.321,8.8,buy,6442.71,BTC-17MAY19-7750-C,85.27,0.0025,8.8,1,1557539028321,19421953,17
2019-05-11 01:43:48.321,0.3,buy,6442.71,BTC-17MAY19-7750-C,85.27,0.0025,0.3,1,1557539028321,19421952,16
2019-05-11 01:55:25.688,1.2,buy,6462.24,BTC-17MAY19-7750-C,84.23,0.0025,1.2,1,1557539725688,19423631,18
2019-05-11 03:07:03.010,0.5,buy,6531.34,BTC-17MAY19-7750-C,89.42,0.004,0.5,0,1557544023010,19435194,19
2019-05-11 03:07:40.823,3.5,buy,6543.72,BTC-17MAY19-7750-C,88.68,0.004,3.5,1,1557544060823,19435338,20
2019-05-11 03:16:32.953,1.0,buy,6548.9,BTC-17MAY19-7750-C,85.75,0.0035,1.0,2,1557544592953,19436380,21
2019-05-11 04:50:00.601,1.0,buy,6763.03,BTC-17MAY19-7750-C,84.49,0.006,1.0,0,1557550200601,19454647,22
2019-05-11 06:51:49.974,0.1,sell,6770.41,BTC-17MAY19-7750-C,80.51,0.005,0.1,2,1557557509974,19514786,23
2019-05-11 07:32:15.980,25.0,buy,6846.68,BTC-17MAY19-7750-C,87.0,0.008,25.0,0,1557559935980,19525666,24
2019-05-11 07:32:15.986,5.0,sell,6846.68,BTC-17MAY19-7750-C,87.0,0.008,5.0,1,1557559935986,19525667,25
2019-05-11 07:32:25.681,60.0,buy,6846.42,BTC-17MAY19-7750-C,88.7,0.0085,60.0,0,1557559945681,19525679,26
2019-05-11 07:33:40.630,60.0,buy,6837.2,BTC-17MAY19-7750-C,90.99,0.009000000000000001,60.0,1,1557560020630,19525842,28
2019-05-11 07:33:40.630,25.0,buy,6837.2,BTC-17MAY19-7750-C,90.99,0.009000000000000001,25.0,0,1557560020630,19525841,27
2019-05-11 07:34:09.973,60.0,buy,6847.92,BTC-17MAY19-7750-C,90.24,0.009000000000000001,60.0,1,1557560049973,19525971,29
2019-05-11 08:10:04.542,1.0,sell,6787.74,BTC-17MAY19-7750-C,94.64,0.009000000000000001,1.0,1,1557562204542,19530698,30
2019-05-11 08:11:30.487,0.1,sell,6773.2,BTC-17MAY19-7750-C,95.66,0.009000000000000001,0.1,1,1557562290487,19530933,31
2019-05-11 08:12:49.591,3.9,sell,6772.76,BTC-17MAY19-7750-C,95.7,0.009000000000000001,3.9,1,1557562369591,19531327,32
2019-05-11 08:58:54.595,5.0,sell,6686.12,BTC-17MAY19-7750-C,88.63,0.0055,5.0,2,1557565134595,19540431,33
2019-05-11 14:25:11.840,0.5,sell,6793.05,BTC-17MAY19-7750-C,83.34,0.0055,0.5,3,1557584711840,19572554,34
2019-05-11 14:38:01.601,0.4,sell,6794.48,BTC-17MAY19-7750-C,89.23,0.006999999999999999,0.4,0,1557585481601,19573685,35
2019-05-11 14:38:03.149,0.4,sell,6793.49,BTC-17MAY19-7750-C,89.29,0.006999999999999999,0.4,1,1557585483149,19573690,36
2019-05-11 14:38:10.735,5.0,sell,6793.35,BTC-17MAY19-7750-C,89.3,0.006999999999999999,5.0,1,1557585490735,19573726,37
2019-05-11 14:39:30.322,0.4,sell,6779.69,BTC-17MAY19-7750-C,90.24,0.006999999999999999,0.4,1,1557585570322,19573936,38
2019-05-11 14:39:33.143,0.4,sell,6779.57,BTC-17MAY19-7750-C,90.26,0.006999999999999999,0.4,1,1557585573143,19573957,39
2019-05-11 15:28:51.645,0.1,buy,6875.83,BTC-17MAY19-7750-C,92.45,0.0095,0.1,0,1557588531645,19580990,40
2019-05-11 16:05:38.754,0.4,buy,6905.44,BTC-17MAY19-7750-C,93.66,0.0105,0.4,0,1557590738754,19592069,41
2019-05-11 16:06:05.857,0.4,buy,6918.17,BTC-17MAY19-7750-C,92.71,0.0105,0.4,1,1557590765857,19592175,42
2019-05-11 16:06:10.898,0.2,buy,6918.89,BTC-17MAY19-7750-C,92.66,0.0105,0.2,1,1557590770898,19592249,43
2019-05-11 16:13:24.696,24.0,sell,6965.54,BTC-17MAY19-7750-C,90.71,0.011000000000000001,24.0,0,1557591204696,19595157,44
2019-05-11 16:13:29.365,5.0,buy,6965.76,BTC-17MAY19-7750-C,90.7,0.011000000000000001,5.0,1,1557591209365,19595215,45
2019-05-11 16:18:24.288,20.0,sell,6982.74,BTC-17MAY19-7750-C,90.91,0.0115,20.0,0,1557591504288,19598111,46
2019-05-11 16:19:27.604,10.0,buy,7018.98,BTC-17MAY19-7750-C,97.85,0.015,10.0,0,1557591567604,19599314,47
2019-05-11 17:13:27.002,1.0,buy,6914.95,BTC-17MAY19-7750-C,99.36,0.0125,1.0,2,1557594807002,19613923,48
2019-05-11 18:31:58.348,0.1,sell,6968.91,BTC-17MAY19-7750-C,89.72,0.0105,0.1,2,1557599518348,19626203,49
2019-05-11 19:33:01.606,24.0,sell,6907.6,BTC-17MAY19-7750-C,89.87,0.009000000000000001,24.0,2,1557603181606,19632581,50
2019-05-11 20:04:29.939,1.0,buy,6967.53,BTC-17MAY19-7750-C,94.86,0.012,1.0,0,1557605069939,19634759,51
2019-05-11 22:31:17.355,1.0,buy,7234.59,BTC-17MAY19-7750-C,94.33,0.02,1.0,0,1557613877355,19669950,52
2019-05-11 22:59:17.747,16.0,buy,7261.2,BTC-17MAY19-7750-C,112.79,0.028999999999999998,16.0,0,1557615557747,19690129,53
2019-05-11 22:59:17.747,4.0,buy,7261.2,BTC-17MAY19-7750-C,112.79,0.028999999999999998,4.0,1,1557615557747,19690130,54
2019-05-11 23:38:05.878,0.2,buy,7391.59,BTC-17MAY19-7750-C,102.36,0.03,0.2,0,1557617885878,19716667,55
2019-05-11 23:51:49.740,0.2,sell,7285.12,BTC-17MAY19-7750-C,100.66,0.0245,0.2,2,1557618709740,19725360,56
2019-05-11 23:51:49.740,0.8,sell,7285.12,BTC-17MAY19-7750-C,98.36,0.0235,0.8,2,1557618709740,19725361,57
2019-05-12 00:03:38.662,0.2,buy,7296.77,BTC-17MAY19-7750-C,96.18,0.023,0.2,2,1557619418662,19733236,58
2019-05-12 00:25:55.623,0.1,sell,7239.93,BTC-17MAY19-7750-C,101.67,0.023,0.1,3,1557620755623,19741930,59
2019-05-12 00:31:57.528,1.0,sell,7104.18,BTC-17MAY19-7750-C,110.49,0.0215,1.0,2,1557621117528,19746028,60
2019-05-12 00:32:21.183,1.0,buy,7084.2,BTC-17MAY19-7750-C,100.83,0.017,1.0,2,1557621141183,19747046,61
2019-05-12 00:33:12.890,0.2,sell,7066.03,BTC-17MAY19-7750-C,98.4,0.0155,0.2,2,1557621192890,19749523,62
2019-05-12 00:33:42.934,0.1,sell,7091.12,BTC-17MAY19-7750-C,96.29,0.0155,0.1,3,1557621222934,19750377,63
2019-05-12 00:40:32.876,0.4,sell,6998.44,BTC-17MAY19-7750-C,102.71,0.015,0.4,2,1557621632876,19757785,64
2019-05-12 00:41:38.016,0.4,buy,7028.35,BTC-17MAY19-7750-C,106.98,0.0175,0.4,0,1557621698016,19758576,65
2019-05-12 00:43:52.150,0.1,sell,7064.66,BTC-17MAY19-7750-C,98.58,0.0155,0.1,2,1557621832150,19760257,66
2019-05-12 00:44:10.450,0.1,sell,7064.74,BTC-17MAY19-7750-C,98.57,0.0155,0.1,3,1557621850450,19760477,67
2019-05-12 01:04:06.092,0.4,sell,7085.21,BTC-17MAY19-7750-C,106.12,0.019,0.4,0,1557623046092,19768455,68
2019-05-12 01:04:08.301,0.4,buy,7083.63,BTC-17MAY19-7750-C,106.26,0.019,0.4,1,1557623048301,19768457,69
2019-05-12 01:04:09.046,0.4,buy,7084.83,BTC-17MAY19-7750-C,106.15,0.019,0.4,1,1557623049046,19768459,70
2019-05-12 01:06:23.424,0.4,buy,7103.85,BTC-17MAY19-7750-C,104.5,0.019,0.4,1,1557623183424,19768837,71
2019-05-12 01:07:00.726,3.4,buy,7111.46,BTC-17MAY19-7750-C,103.84,0.019,3.4,1,1557623220726,19769001,72
2019-05-12 01:57:23.360,1.0,sell,7193.85,BTC-17MAY19-7750-C,100.54,0.0205,1.0,1,1557626243360,19782548,74
2019-05-12 01:57:23.360,0.4,sell,7193.85,BTC-17MAY19-7750-C,100.54,0.0205,0.4,0,1557626243360,19782547,73
2019-05-12 02:18:30.832,0.4,sell,7204.56,BTC-17MAY19-7750-C,99.7,0.0205,0.4,1,1557627510832,19786453,75
2019-05-12 02:18:44.768,2.0,sell,7205.49,BTC-17MAY19-7750-C,97.17,0.0195,2.0,3,1557627524768,19786484,77
2019-05-12 02:18:44.768,0.4,sell,7205.49,BTC-17MAY19-7750-C,97.17,0.0195,0.4,2,1557627524768,19786483,76
2019-05-12 02:18:44.768,0.4,sell,7205.49,BTC-17MAY19-7750-C,97.17,0.0195,0.4,3,1557627524768,19786485,78
2019-05-12 02:31:05.387,0.2,buy,7251.1,BTC-17MAY19-7750-C,97.9,0.0215,0.2,0,1557628265387,19788154,79
2019-05-12 02:31:35.682,0.4,buy,7254.09,BTC-17MAY19-7750-C,101.18,0.023,0.4,0,1557628295682,19788274,80
2019-05-12 02:33:00.741,0.4,buy,7247.79,BTC-17MAY19-7750-C,115.69,0.028999999999999998,0.4,0,1557628380741,19788466,81
2019-05-12 02:33:48.968,0.4,buy,7237.74,BTC-17MAY19-7750-C,109.77,0.026000000000000002,0.4,2,1557628428968,19788572,82
2019-05-12 02:42:54.642,0.4,sell,7218.44,BTC-17MAY19-7750-C,97.38,0.02,0.4,2,1557628974642,19789736,83
2019-05-12 03:19:52.015,0.1,buy,7203.55,BTC-17MAY19-7750-C,105.06,0.0225,0.1,0,1557631192015,19796607,84
2019-05-12 03:20:21.136,0.1,buy,7215.99,BTC-17MAY19-7750-C,105.09,0.023,0.1,0,1557631221136,19796708,85
2019-05-12 03:25:47.846,0.2,buy,7219.72,BTC-17MAY19-7750-C,104.79,0.023,0.2,1,1557631547846,19797435,86
2019-05-12 03:25:49.666,0.2,buy,7219.19,BTC-17MAY19-7750-C,104.84,0.023,0.2,1,1557631549666,19797438,87
2019-05-12 03:31:03.556,1.0,sell,7213.78,BTC-17MAY19-7750-C,95.65,0.019,1.0,2,1557631863556,19797936,88
2019-05-12 03:46:49.924,0.5,buy,7144.24,BTC-17MAY19-7750-C,98.19,0.0175,0.5,2,1557632809924,19800687,89
2019-05-12 04:24:48.499,0.1,sell,7210.91,BTC-17MAY19-7750-C,99.96,0.0205,0.1,0,1557635088499,19805203,90
2019-05-12 04:26:17.707,16.0,sell,7215.74,BTC-17MAY19-7750-C,97.07,0.0195,16.0,2,1557635177707,19805273,91
2019-05-12 05:41:27.932,1.0,sell,7335.4,BTC-17MAY19-7750-C,95.77,0.0235,1.0,0,1557639687932,19814293,92
2019-05-12 06:59:03.199,0.1,sell,7403.89,BTC-17MAY19-7750-C,100.77,0.0285,0.1,0,1557644343199,19827438,93
2019-05-12 07:12:06.423,0.1,buy,7484.72,BTC-17MAY19-7750-C,106.55,0.035,0.1,0,1557645126423,19831112,94
2019-05-12 07:54:10.722,0.5,sell,7518.01,BTC-17MAY19-7750-C,106.4,0.0365,0.5,0,1557647650722,19841446,95
2019-05-12 10:55:24.877,0.5,sell,7276.16,BTC-17MAY19-7750-C,102.58,0.023,0.5,2,1557658524877,19915274,96
2019-05-12 11:07:51.795,0.4,sell,7243.81,BTC-17MAY19-7750-C,104.61,0.0225,0.4,2,1557659271795,19923969,97
2019-05-12 11:08:13.709,0.4,sell,7245.54,BTC-17MAY19-7750-C,103.22,0.022,0.4,2,1557659293709,19924220,98
2019-05-12 11:08:18.409,0.4,sell,7241.1,BTC-17MAY19-7750-C,102.41,0.0215,0.4,2,1557659298409,19924250,99
2019-05-12 11:08:20.476,0.4,sell,7241.6,BTC-17MAY19-7750-C,102.36,0.0215,0.4,3,1557659300476,19924265,100
2019-05-12 11:29:37.227,4.4,sell,7174.11,BTC-17MAY19-7750-C,91.96,0.015,4.4,2,1557660577227,19933486,101
2019-05-12 11:33:37.918,0.3,buy,7105.94,BTC-17MAY19-7750-C,98.03,0.015,0.3,3,1557660817918,19938036,102
2019-05-12 11:37:03.391,0.3,buy,7089.63,BTC-17MAY19-7750-C,99.49,0.015,0.3,3,1557661023391,19940564,103
2019-05-12 11:37:31.357,1.0,sell,7048.86,BTC-17MAY19-7750-C,100.17,0.014,1.0,2,1557661051357,19940978,104
2019-05-12 11:40:39.276,0.7000000000000001,sell,7025.77,BTC-17MAY19-7750-C,99.22,0.013000000000000001,0.7000000000000001,2,1557661239276,19945062,105
2019-05-12 12:31:14.945,0.2,sell,7129.51,BTC-17MAY19-7750-C,89.22,0.0125,0.2,2,1557664274945,19965622,106
2019-05-12 13:13:09.313,1.0,sell,7214.84,BTC-17MAY19-7750-C,87.6,0.0145,1.0,0,1557666789313,19972242,107
2019-05-12 13:13:35.313,4.3,sell,7213.22,BTC-17MAY19-7750-C,86.38,0.013999999999999999,4.3,2,1557666815313,19972260,108
2019-05-12 14:16:14.350,0.5,buy,7138.08,BTC-17MAY19-7750-C,99.09,0.016,0.5,0,1557670574350,19983859,109
2019-05-12 14:26:24.126,0.4,sell,7120.71,BTC-17MAY19-7750-C,86.22,0.011000000000000001,0.4,2,1557671184126,19984884,110
2019-05-12 14:27:50.004,16.0,sell,7112.32,BTC-17MAY19-7750-C,85.39,0.0105,16.0,2,1557671270004,19985056,111
2019-05-12 14:51:13.792,1.0,sell,7014.65,BTC-17MAY19-7750-C,88.67,0.009000000000000001,1.0,2,1557672673792,19992377,112
2019-05-12 14:59:28.990,4.0,buy,6949.53,BTC-17MAY19-7750-C,92.17,0.0085,4.0,2,1557673168990,19998152,113
2019-05-12 15:46:21.686,3.2,sell,6823.5,BTC-17MAY19-7750-C,92.28,0.006,3.2,2,1557675981686,20014529,114
2019-05-12 15:46:30.488,0.1,sell,6818.27,BTC-17MAY19-7750-C,92.66,0.006,0.1,3,1557675990488,20014578,115
2019-05-12 15:46:35.330,0.1,sell,6815.89,BTC-17MAY19-7750-C,92.85,0.006,0.1,3,1557675995330,20014614,116
2019-05-12 15:46:36.237,0.1,sell,6814.7,BTC-17MAY19-7750-C,92.94,0.006,0.1,3,1557675996237,20014637,117
2019-05-12 15:46:36.267,0.1,sell,6814.7,BTC-17MAY19-7750-C,92.94,0.006,0.1,3,1557675996267,20014641,118
2019-05-12 15:46:36.296,0.1,sell,6814.7,BTC-17MAY19-7750-C,92.94,0.006,0.1,3,1557675996296,20014642,119
2019-05-12 15:46:36.786,0.1,sell,6814.7,BTC-17MAY19-7750-C,92.94,0.006,0.1,3,1557675996786,20014645,120
2019-05-12 15:46:36.945,0.1,sell,6814.7,BTC-17MAY19-7750-C,92.94,0.006,0.1,3,1557675996945,20014650,121
2019-05-12 15:46:38.223,0.1,sell,6812.21,BTC-17MAY19-7750-C,93.12,0.006,0.1,3,1557675998223,20014665,122
2019-05-12 15:46:39.000,0.1,sell,6812.21,BTC-17MAY19-7750-C,93.12,0.006,0.1,3,1557675999000,20014673,123
2019-05-12 15:46:39.026,0.1,sell,6812.21,BTC-17MAY19-7750-C,93.12,0.006,0.1,3,1557675999026,20014677,124
2019-05-12 15:46:39.047,0.1,sell,6812.21,BTC-17MAY19-7750-C,93.12,0.006,0.1,3,1557675999047,20014679,125
2019-05-12 17:23:33.283,0.3,sell,6908.87,BTC-17MAY19-7750-C,82.16,0.005,0.3,2,1557681813283,20039576,126
2019-05-12 18:19:33.801,3.0,buy,6986.61,BTC-17MAY19-7750-C,92.36,0.009000000000000001,3.0,0,1557685173801,20048799,127
2019-05-12 18:37:11.929,0.1,buy,7034.14,BTC-17MAY19-7750-C,88.58,0.009000000000000001,0.1,1,1557686231929,20052810,128
2019-05-12 18:51:06.003,0.4,sell,7044.3,BTC-17MAY19-7750-C,91.23,0.01,0.4,0,1557687066003,20053837,129
2019-05-12 20:06:19.149,0.2,sell,6995.05,BTC-17MAY19-7750-C,83.06,0.0065,0.2,2,1557691579149,20069017,130
2019-05-12 21:01:05.830,3.0,sell,7147.51,BTC-17MAY19-7750-C,81.7,0.0095,3.0,0,1557694865830,20078200,131
2019-05-12 21:57:38.268,1.0,buy,7149.74,BTC-17MAY19-7750-C,80.23,0.009000000000000001,1.0,2,1557698258268,20085472,132
2019-05-12 22:10:00.895,1.0,buy,7060.0,BTC-17MAY19-7750-C,94.61,0.011000000000000001,1.0,0,1557699000895,20087123,133
2019-05-12 23:54:59.197,1.0,buy,6972.82,BTC-17MAY19-7750-C,95.95,0.009000000000000001,1.0,2,1557705299197,20108537,134
2019-05-13 06:50:20.464,0.1,sell,7059.84,BTC-17MAY19-7750-C,95.3,0.01,0.1,0,1557730220464,20139160,135
2019-05-13 11:30:37.093,0.3,buy,7216.24,BTC-17MAY19-7750-C,92.83,0.013000000000000001,0.3,0,1557747037093,20158508,136
2019-05-13 11:45:07.122,0.2,sell,7276.65,BTC-17MAY19-7750-C,91.43,0.0145,0.2,0,1557747907122,20163495,137
2019-05-13 11:45:07.144,0.2,sell,7277.63,BTC-17MAY19-7750-C,91.33,0.0145,0.2,1,1557747907144,20163497,138
2019-05-13 11:49:28.070,0.4,buy,7301.0,BTC-17MAY19-7750-C,91.87,0.0155,0.4,0,1557748168070,20164857,139
2019-05-13 11:50:06.973,0.4,sell,7292.45,BTC-17MAY19-7750-C,91.31,0.015,0.4,2,1557748206973,20165041,140
2019-05-13 11:50:09.848,4.0,sell,7291.62,BTC-17MAY19-7750-C,91.4,0.015,4.0,3,1557748209848,20165044,141
2019-05-13 11:51:43.354,0.4,buy,7290.09,BTC-17MAY19-7750-C,91.57,0.015,0.4,3,1557748303354,20165448,142
2019-05-13 12:25:32.138,2.0,sell,7320.28,BTC-17MAY19-7750-C,91.59,0.016,2.0,0,1557750332138,20173178,143
2019-05-13 12:29:33.768,16.0,buy,7318.09,BTC-17MAY19-7750-C,93.29,0.0165,16.0,0,1557750573768,20174144,144
2019-05-13 13:18:26.855,0.2,sell,7392.54,BTC-17MAY19-7750-C,88.38,0.0175,0.2,0,1557753506855,20182267,145
2019-05-13 13:18:26.855,2.5,sell,7392.54,BTC-17MAY19-7750-C,86.99,0.017,2.5,2,1557753506855,20182268,146
2019-05-13 13:18:26.855,10.0,sell,7392.54,BTC-17MAY19-7750-C,84.2,0.016,10.0,2,1557753506855,20182269,147
2019-05-13 13:18:26.855,1.0,sell,7392.54,BTC-17MAY19-7750-C,84.2,0.016,1.0,3,1557753506855,20182270,148
2019-05-13 13:18:26.858,1.3,buy,7392.54,BTC-17MAY19-7750-C,84.2,0.016,1.3,3,1557753506858,20182271,149
2019-05-13 13:34:28.358,0.2,buy,7376.15,BTC-17MAY19-7750-C,93.1,0.0185,0.2,0,1557754468358,20184794,150
2019-05-13 13:34:28.358,4.8,buy,7376.15,BTC-17MAY19-7750-C,94.48,0.019,4.8,0,1557754468358,20184795,151
2019-05-13 13:53:09.628,0.2,buy,7414.62,BTC-17MAY19-7750-C,91.64,0.0195,0.2,0,1557755589628,20187523,152
2019-05-13 13:53:18.124,1.2,sell,7417.84,BTC-17MAY19-7750-C,92.62,0.02,1.2,0,1557755598124,20187541,153
2019-05-13 13:58:57.767,2.0,sell,7377.55,BTC-17MAY19-7750-C,87.58,0.0165,2.0,2,1557755937767,20188268,154
2019-05-13 14:11:07.936,10.0,buy,7412.32,BTC-17MAY19-7750-C,85.2,0.017,10.0,0,1557756667936,20190032,155
2019-05-13 14:11:17.981,1.0,buy,7411.42,BTC-17MAY19-7750-C,85.31,0.017,1.0,1,1557756677981,20190097,156
2019-05-13 14:11:21.596,9.0,buy,7410.27,BTC-17MAY19-7750-C,85.43,0.017,9.0,1,1557756681596,20190099,157
2019-05-13 14:14:04.018,2.0,sell,7412.67,BTC-17MAY19-7750-C,83.8,0.0165,2.0,2,1557756844018,20190671,158
2019-05-13 14:16:28.701,1.0,buy,7400.38,BTC-17MAY19-7750-C,85.19,0.0165,1.0,3,1557756988701,20190899,159
2019-05-13 14:16:29.695,1.0,buy,7400.38,BTC-17MAY19-7750-C,85.19,0.0165,1.0,3,1557756989695,20190900,160
2019-05-13 14:17:14.144,2.0,buy,7406.51,BTC-17MAY19-7750-C,84.51,0.0165,2.0,3,1557757034144,20190956,161
2019-05-13 14:17:16.703,2.0,buy,7406.13,BTC-17MAY19-7750-C,84.56,0.0165,2.0,3,1557757036703,20190957,162
2019-05-13 14:17:26.802,2.0,buy,7407.28,BTC-17MAY19-7750-C,84.43,0.0165,2.0,3,1557757046802,20190962,163
2019-05-13 14:18:29.165,10.0,buy,7416.26,BTC-17MAY19-7750-C,83.43,0.0165,10.0,3,1557757109165,20191014,164
2019-05-13 14:22:38.990,10.0,buy,7442.04,BTC-17MAY19-7750-C,84.66,0.018000000000000002,10.0,0,1557757358990,20191722,165
2019-05-13 14:33:53.198,1.9,buy,7469.32,BTC-17MAY19-7750-C,82.92,0.0185,1.9,0,1557758033198,20194007,166
2019-05-13 14:33:57.355,2.0,buy,7468.35,BTC-17MAY19-7750-C,83.04,0.0185,2.0,1,1557758037355,20194032,167
2019-05-13 14:34:07.099,6.1000000000000005,buy,7471.24,BTC-17MAY19-7750-C,82.7,0.0185,6.1000000000000005,1,1557758047099,20194188,168
2019-05-13 14:42:24.499,10.0,buy,7497.58,BTC-17MAY19-7750-C,91.48,0.023,10.0,0,1557758544499,20197858,169
2019-05-13 14:42:24.499,4.9,buy,7497.58,BTC-17MAY19-7750-C,91.48,0.023,4.9,1,1557758544499,20197859,170
2019-05-13 14:58:10.572,10.0,sell,7495.6,BTC-17MAY19-7750-C,86.61,0.021,10.0,2,1557759490572,20203264,171
2019-05-13 14:58:14.227,2.9,sell,7494.93,BTC-17MAY19-7750-C,86.7,0.021,2.9,3,1557759494227,20203268,172
2019-05-13 14:58:14.229,7.1000000000000005,buy,7494.93,BTC-17MAY19-7750-C,86.7,0.021,7.1000000000000005,3,1557759494229,20203269,173
2019-05-13 15:05:32.538,5.0,buy,7516.85,BTC-17MAY19-7750-C,86.69,0.022000000000000002,5.0,0,1557759932538,20205058,174
2019-05-13 15:08:02.659,1.0,buy,7575.08,BTC-17MAY19-7750-C,85.73,0.0245,1.0,0,1557760082659,20206504,175
2019-05-13 15:08:04.765,1.0,buy,7581.29,BTC-17MAY19-7750-C,84.92,0.0245,1.0,1,1557760084765,20206590,176
2019-05-13 15:08:05.696,3.0,buy,7589.95,BTC-17MAY19-7750-C,83.78,0.0245,3.0,1,1557760085696,20206638,177
2019-05-13 15:08:06.940,0.2,buy,7589.99,BTC-17MAY19-7750-C,85.05,0.025,0.2,0,1557760086940,20206667,178
2019-05-13 15:08:35.286,0.1,buy,7636.04,BTC-17MAY19-7750-C,90.15,0.0295,0.1,0,1557760115286,20208038,179
2019-05-13 15:08:42.116,2.3000000000000003,buy,7669.35,BTC-17MAY19-7750-C,91.69,0.032,2.3000000000000003,0,1557760122116,20208478,180
2019-05-13 15:14:02.946,4.0,buy,7884.93,BTC-17MAY19-7750-C,102.71,0.05,4.0,0,1557760442946,20219057,181
2019-05-13 15:16:17.795,0.3,sell,7840.63,BTC-17MAY19-7750-C,110.23,0.05,0.3,1,1557760577795,20223672,182
2019-05-13 15:19:02.214,1.4,sell,7857.63,BTC-17MAY19-7750-C,101.09,0.0475,1.4,2,1557760742214,20226909,183
2019-05-13 15:20:48.449,1.0,buy,7800.37,BTC-17MAY19-7750-C,104.27,0.045,1.0,2,1557760848449,20229177,184
2019-05-13 15:40:49.769,0.5,sell,7780.41,BTC-17MAY19-7750-C,98.88,0.0415,0.5,2,1557762049769,20238812,185
2019-05-13 15:50:30.680,1.0,buy,7748.24,BTC-17MAY19-7750-C,105.26,0.042,1.0,0,1557762630680,20245383,186
2019-05-13 15:51:58.402,0.4,buy,7775.5,BTC-17MAY19-7750-C,104.78,0.0435,0.4,0,1557762718402,20245828,187
2019-05-13 15:51:59.513,0.4,buy,7775.74,BTC-17MAY19-7750-C,104.74,0.0435,0.4,1,1557762719513,20245830,188
2019-05-13 15:53:11.598,0.4,buy,7796.1,BTC-17MAY19-7750-C,112.81,0.048,0.4,0,1557762791598,20246166,189
2019-05-13 15:53:27.823,0.6,sell,7801.52,BTC-17MAY19-7750-C,111.95,0.048,0.6,1,1557762807823,20246235,190
2019-05-13 15:57:58.445,0.2,buy,7847.26,BTC-17MAY19-7750-C,119.7,0.054000000000000006,0.2,0,1557763078445,20247359,191
2019-05-13 16:06:29.818,1.0,buy,7943.02,BTC-17MAY19-7750-C,118.75,0.06,1.0,0,1557763589818,20251291,192
2019-05-13 16:08:02.333,0.4,sell,7893.17,BTC-17MAY19-7750-C,121.02,0.0575,0.4,2,1557763682333,20252530,193
2019-05-13 16:08:07.639,0.4,sell,7889.21,BTC-17MAY19-7750-C,121.7,0.0575,0.4,3,1557763687639,20252577,194
2019-05-13 16:08:19.315,0.4,sell,7873.94,BTC-17MAY19-7750-C,124.27,0.0575,0.4,3,1557763699315,20252729,195
2019-05-13 16:08:19.345,0.4,sell,7873.94,BTC-17MAY19-7750-C,124.27,0.0575,0.4,3,1557763699345,20252731,196
2019-05-13 16:08:20.183,1.0,sell,7873.94,BTC-17MAY19-7750-C,124.27,0.0575,1.0,3,1557763700183,20252739,197
2019-05-13 16:08:45.396,10.5,sell,7864.09,BTC-17MAY19-7750-C,125.93,0.0575,10.5,3,1557763725396,20253183,198
2019-05-13 16:08:45.464,2.1,sell,7864.09,BTC-17MAY19-7750-C,125.93,0.0575,2.1,3,1557763725464,20253184,199
2019-05-13 16:10:16.099,8.8,sell,7872.82,BTC-17MAY19-7750-C,124.48,0.0575,8.8,3,1557763816099,20253992,200
2019-05-13 16:10:30.274,1.5,sell,7863.28,BTC-17MAY19-7750-C,124.8,0.057,1.5,2,1557763830274,20254069,201
2019-05-13 16:10:36.202,1.5,sell,7856.47,BTC-17MAY19-7750-C,125.94,0.057,1.5,3,1557763836202,20254104,202
2019-05-13 16:10:36.355,7.0,sell,7856.47,BTC-17MAY19-7750-C,125.94,0.057,7.0,3,1557763836355,20254115,203
2019-05-13 16:10:36.570,0.9,sell,7856.47,BTC-17MAY19-7750-C,125.94,0.057,0.9,3,1557763836570,20254125,204
2019-05-13 16:10:41.201,13.1,sell,7846.19,BTC-17MAY19-7750-C,127.63,0.057,13.1,3,1557763841201,20254179,205
2019-05-13 16:13:48.183,0.4,sell,7793.11,BTC-17MAY19-7750-C,123.59,0.052000000000000005,0.4,2,1557764028183,20255991,206
2019-05-13 16:13:49.397,0.4,sell,7790.37,BTC-17MAY19-7750-C,124.02,0.052000000000000005,0.4,3,1557764029397,20256015,207
2019-05-13 16:13:49.458,0.2,sell,7790.37,BTC-17MAY19-7750-C,124.02,0.052000000000000005,0.2,3,1557764029458,20256018,208
2019-05-13 16:15:29.513,0.4,sell,7811.49,BTC-17MAY19-7750-C,118.14,0.051,0.4,2,1557764129513,20256873,209
2019-05-13 16:15:35.716,0.1,sell,7815.55,BTC-17MAY19-7750-C,117.5,0.051,0.1,3,1557764135716,20256892,210
2019-05-13 16:33:49.923,0.4,sell,7844.5,BTC-17MAY19-7750-C,115.48,0.052000000000000005,0.4,0,1557765229923,20262444,211
2019-05-13 16:34:34.773,0.4,buy,7859.32,BTC-17MAY19-7750-C,125.76,0.057,0.4,0,1557765274773,20262625,212
2019-05-13 16:34:34.776,0.6,sell,7859.32,BTC-17MAY19-7750-C,125.76,0.057,0.6,1,1557765274776,20262626,213
2019-05-13 16:51:08.027,1.0,sell,7885.65,BTC-17MAY19-7750-C,130.49,0.0605,1.0,0,1557766268027,20267502,214
2019-05-13 16:52:10.748,1.0,sell,7854.21,BTC-17MAY19-7750-C,129.36,0.058,1.0,2,1557766330748,20267953,215
2019-05-13 17:00:22.240,0.4,sell,7919.64,BTC-17MAY19-7750-C,119.61,0.0585,0.4,0,1557766822240,20271132,216
2019-05-13 17:00:23.894,0.4,sell,7919.74,BTC-17MAY19-7750-C,119.59,0.0585,0.4,1,1557766823894,20271136,217
2019-05-13 17:00:24.963,0.2,sell,7919.74,BTC-17MAY19-7750-C,119.59,0.0585,0.2,1,1557766824963,20271142,218
2019-05-13 17:03:31.696,1.0,sell,7914.43,BTC-17MAY19-7750-C,116.69,0.057,1.0,2,1557767011696,20272179,219
2019-05-13 17:04:39.992,1.0,sell,7900.05,BTC-17MAY19-7750-C,119.21,0.057,1.0,3,1557767079992,20272469,220
2019-05-13 17:06:43.206,1.0,sell,7895.91,BTC-17MAY19-7750-C,117.37,0.056,1.0,2,1557767203206,20273163,221
2019-05-13 17:07:03.790,3.0,buy,7902.27,BTC-17MAY19-7750-C,116.26,0.055999999999999994,3.0,3,1557767223790,20273245,222
2019-05-13 17:07:28.355,2.0,buy,7908.48,BTC-17MAY19-7750-C,115.18,0.055999999999999994,2.0,3,1557767248355,20273354,223
2019-05-13 17:21:21.045,2.0,sell,7892.69,BTC-17MAY19-7750-C,118.08,0.055999999999999994,2.0,3,1557768081045,20277395,224
2019-05-13 17:28:03.566,2.0,sell,7866.46,BTC-17MAY19-7750-C,107.24,0.05,2.0,2,1557768483566,20279951,225
2019-05-13 17:29:28.329,2.0,sell,7832.35,BTC-17MAY19-7750-C,106.63,0.0475,2.0,2,1557768568329,20280352,226
2019-05-13 18:01:31.781,2.0,sell,7813.75,BTC-17MAY19-7750-C,118.99,0.051,2.0,0,1557770491781,20288455,227
2019-05-13 18:50:08.316,0.1,sell,7861.67,BTC-17MAY19-7750-C,110.22,0.0505,0.1,2,1557773408316,20294324,228
2019-05-13 19:16:37.359,0.1,sell,7826.86,BTC-17MAY19-7750-C,103.53,0.0455,0.1,2,1557774997359,20295975,229
2019-05-13 20:03:17.940,13.7,sell,7838.6,BTC-17MAY19-7750-C,105.89,0.047,13.7,0,1557777797940,20302605,230
2019-05-13 20:03:17.942,1.3,buy,7838.6,BTC-17MAY19-7750-C,105.89,0.047,1.3,1,1557777797942,20302606,231
2019-05-13 20:04:26.005,0.1,sell,7838.28,BTC-17MAY19-7750-C,91.67,0.0415,0.1,2,1557777866005,20303537,232
2019-05-13 20:06:34.941,0.2,buy,7838.8,BTC-17MAY19-7750-C,125.35,0.0545,0.2,0,1557777994941,20304200,233
2019-05-13 20:06:37.658,0.2,sell,7842.97,BTC-17MAY19-7750-C,125.94,0.055,0.2,0,1557777997658,20304215,234
2019-05-13 20:06:37.684,0.2,sell,7842.97,BTC-17MAY19-7750-C,125.94,0.055,0.2,1,1557777997684,20304218,235
2019-05-13 20:06:38.667,0.2,sell,7842.2,BTC-17MAY19-7750-C,126.07,0.055,0.2,1,1557777998667,20304240,236
2019-05-13 20:06:38.692,0.2,sell,7842.2,BTC-17MAY19-7750-C,126.07,0.055,0.2,1,1557777998692,20304241,237
2019-05-13 20:07:02.219,0.1,sell,7845.72,BTC-17MAY19-7750-C,125.48,0.055,0.1,1,1557778022219,20304339,238
2019-05-13 20:24:20.895,0.5,sell,7875.29,BTC-17MAY19-7750-C,107.55,0.05,0.5,2,1557779060895,20306329,239
2019-05-13 20:24:56.659,0.6,buy,7877.79,BTC-17MAY19-7750-C,107.12,0.05,0.6,3,1557779096659,20306376,240
2019-05-13 21:45:47.690,0.1,buy,8088.24,BTC-17MAY19-7750-C,124.74,0.071,0.1,0,1557783947690,20327883,241
2019-05-13 22:57:06.114,5.0,sell,7947.01,BTC-17MAY19-7750-C,117.52,0.057999999999999996,5.0,2,1557788226114,20342591,242
2019-05-13 22:57:16.917,1.0,buy,7921.0,BTC-17MAY19-7750-C,104.84,0.0515,1.0,2,1557788236917,20342973,243
2019-05-13 23:10:11.857,0.4,buy,7661.37,BTC-17MAY19-7750-C,132.6,0.0455,0.4,2,1557789011857,20353867,244
2019-05-13 23:10:24.721,0.4,sell,7658.04,BTC-17MAY19-7750-C,134.41,0.046,0.4,0,1557789024721,20354246,245
2019-05-13 23:10:24.795,0.4,sell,7658.04,BTC-17MAY19-7750-C,134.41,0.046,0.4,1,1557789024795,20354249,246
2019-05-13 23:10:29.055,1.8,sell,7663.66,BTC-17MAY19-7750-C,133.56,0.046,1.8,1,1557789029055,20354358,247
2019-05-13 23:18:25.494,4.0,sell,7718.19,BTC-17MAY19-7750-C,122.65,0.045,4.0,2,1557789505494,20360253,248
2019-05-13 23:25:21.724,0.1,buy,7732.15,BTC-17MAY19-7750-C,125.76,0.047,0.1,0,1557789921724,20363149,249
2019-05-13 23:33:09.272,0.4,buy,7828.49,BTC-17MAY19-7750-C,127.11,0.0535,0.4,0,1557790389272,20365418,250
2019-05-14 00:55:54.524,0.4,buy,7922.49,BTC-17MAY19-7750-C,126.3,0.059000000000000004,0.4,0,1557795354524,20382094,251
2019-05-14 00:55:54.536,0.4,sell,7922.49,BTC-17MAY19-7750-C,126.3,0.059000000000000004,0.4,1,1557795354536,20382096,252
2019-05-14 00:55:54.543,2.2,sell,7922.49,BTC-17MAY19-7750-C,126.3,0.059000000000000004,2.2,1,1557795354543,20382098,253
2019-05-14 01:30:51.736,0.1,buy,8042.04,BTC-17MAY19-7750-C,105.77,0.06,0.1,0,1557797451736,20388728,254
2019-05-14 04:46:49.312,0.1,buy,8010.49,BTC-17MAY19-7750-C,137.79,0.068,0.1,0,1557809209312,20417052,255
2019-05-14 07:45:54.220,0.1,buy,8219.95,BTC-17MAY19-7750-C,130.42,0.08,0.1,0,1557819954220,20453984,256
2019-05-14 07:55:14.424,0.3,sell,8280.54,BTC-17MAY19-7750-C,110.98,0.079,0.3,2,1557820514424,20457876,257
2019-05-14 08:58:41.463,0.4,buy,7992.16,BTC-17MAY19-7750-C,122.1,0.06,0.4,2,1557824321463,20481549,258
2019-05-14 08:58:51.004,0.4,sell,8001.08,BTC-17MAY19-7750-C,121.69,0.0605,0.4,0,1557824331004,20481628,259
2019-05-14 09:08:22.881,0.2,buy,8108.05,BTC-17MAY19-7750-C,122.19,0.0685,0.2,0,1557824902881,20484630,260
2019-05-14 10:29:03.874,0.1,buy,7988.45,BTC-17MAY19-7750-C,133.09,0.063,0.1,2,1557829743874,20500439,261
2019-05-14 10:29:19.975,0.2,sell,7994.24,BTC-17MAY19-7750-C,118.49,0.0585,0.2,2,1557829759975,20500456,262
2019-05-14 16:17:44.936,0.5,buy,7921.12,BTC-17MAY19-7750-C,125.84,0.054000000000000006,0.5,2,1557850664936,20555640,263
2019-05-14 16:20:43.514,0.5,buy,7911.08,BTC-17MAY19-7750-C,131.01,0.055,0.5,0,1557850843514,20556223,264
2019-05-14 17:26:56.653,1.0,sell,8027.15,BTC-17MAY19-7750-C,133.21,0.0635,1.0,0,1557854816653,20565326,265
2019-05-14 20:53:43.119,0.2,sell,7669.91,BTC-17MAY19-7750-C,112.33,0.032,0.2,2,1557867223119,20611983,266
2019-05-15 09:34:08.030,1.0,buy,8013.19,BTC-17MAY19-7750-C,119.38,0.053,1.0,0,1557912848030,20687399,267
2019-05-15 09:45:09.346,1.0,buy,8026.71,BTC-17MAY19-7750-C,104.03,0.05,1.0,2,1557913509346,20688476,268
2019-05-15 12:50:21.894,3.0,buy,7979.65,BTC-17MAY19-7750-C,127.79,0.0515,3.0,0,1557924621894,20710734,269
2019-05-15 12:51:37.771,3.0,sell,7970.49,BTC-17MAY19-7750-C,124.71,0.05,3.0,2,1557924697771,20710814,270
2019-05-15 13:32:40.378,0.1,sell,7947.81,BTC-17MAY19-7750-C,105.28,0.043,0.1,2,1557927160378,20719554,271
2019-05-15 13:35:52.535,1.0,sell,7939.4,BTC-17MAY19-7750-C,94.24,0.0395,1.0,2,1557927352535,20719838,272
2019-05-15 13:35:52.612,1.0,buy,7939.4,BTC-17MAY19-7750-C,115.45,0.045,1.0,0,1557927352612,20719839,273
2019-05-15 13:35:59.390,2.0,sell,7940.39,BTC-17MAY19-7750-C,93.94,0.0395,2.0,2,1557927359390,20719844,274
2019-05-15 13:37:18.956,1.0,sell,7923.52,BTC-17MAY19-7750-C,91.26,0.0375,1.0,2,1557927438956,20719961,275
2019-05-15 13:42:59.447,1.0,sell,7957.65,BTC-17MAY19-7750-C,98.61,0.042,1.0,0,1557927779447,20720434,276
2019-05-15 13:43:28.263,1.0,sell,7956.1,BTC-17MAY19-7750-C,99.09,0.042,1.0,1,1557927808263,20720451,277
2019-05-15 13:51:24.621,0.7000000000000001,sell,7961.79,BTC-17MAY19-7750-C,97.48,0.042,0.7000000000000001,1,1557928284621,20721119,278
2019-05-15 13:51:52.446,0.1,buy,7954.74,BTC-17MAY19-7750-C,121.05,0.0475,0.1,0,1557928312446,20721134,279
2019-05-15 14:01:37.904,10.0,sell,7991.02,BTC-17MAY19-7750-C,92.27,0.043,10.0,2,1557928897904,20722024,280
2019-05-15 14:03:19.585,0.5,buy,7999.29,BTC-17MAY19-7750-C,105.9,0.047,0.5,0,1557928999585,20722419,281
2019-05-15 15:39:12.337,0.7000000000000001,sell,7973.39,BTC-17MAY19-7750-C,116.15,0.047,0.7000000000000001,1,1557934752337,20731633,282
2019-05-15 16:21:33.402,2.0,sell,7983.2,BTC-17MAY19-7750-C,118.21,0.048,2.0,0,1557937293402,20738323,283
2019-05-15 18:55:18.825,0.4,sell,8218.28,BTC-17MAY19-7750-C,101.16,0.0635,0.4,0,1557946518825,20755472,284
2019-05-15 19:42:33.240,1.0,buy,8185.79,BTC-17MAY19-7750-C,128.51,0.0655,1.0,0,1557949353240,20768939,285
2019-05-15 20:08:02.634,3.0,sell,8217.38,BTC-17MAY19-7750-C,122.99,0.067,3.0,0,1557950882634,20772905,286
2019-05-15 21:35:51.237,0.1,buy,8139.59,BTC-17MAY19-7750-C,131.37,0.0615,0.1,2,1557956151237,20783914,287
2019-05-15 21:36:00.303,0.1,buy,8138.13,BTC-17MAY19-7750-C,151.08,0.0655,0.1,0,1557956160303,20783917,288
2019-05-15 21:36:03.800,0.1,buy,8138.87,BTC-17MAY19-7750-C,250.95,0.08800000000000001,0.1,0,1557956163800,20783920,289
2019-05-15 22:57:06.819,0.3,buy,8201.02,BTC-17MAY19-7750-C,133.09,0.0665,0.3,2,1557961026819,20792445,290
2019-05-16 02:31:14.851,1.5,buy,8307.61,BTC-17MAY19-7750-C,151.56,0.0775,1.5,0,1557973874851,20833081,291
2019-05-16 03:23:53.270,0.3,buy,8285.72,BTC-17MAY19-7750-C,116.68,0.07,0.3,2,1557977033270,20835884,292
2019-05-16 07:11:50.898,2.0,sell,8112.65,BTC-17MAY19-7750-C,147.49,0.057999999999999996,2.0,2,1557990710898,20880195,293
2019-05-16 07:15:29.311,2.0,buy,8088.31,BTC-17MAY19-7750-C,144.9,0.0555,2.0,2,1557990929311,20880473,294
2019-05-16 07:33:37.524,3.0,buy,8075.98,BTC-17MAY19-7750-C,143.12,0.054000000000000006,3.0,2,1557992017524,20882818,295
2019-05-16 19:46:47.736,0.1,sell,7815.36,BTC-17MAY19-7750-C,124.84,0.023,0.1,2,1558036007736,20969775,296
2019-05-16 20:59:33.796,0.2,sell,7721.63,BTC-17MAY19-7750-C,111.35,0.013999999999999999,0.2,2,1558040373796,20980158,297
2019-05-16 21:00:11.562,0.5,sell,7669.18,BTC-17MAY19-7750-C,132.31,0.013999999999999999,0.5,3,1558040411562,20980863,298
2019-05-16 21:00:15.186,1.3,sell,7672.63,BTC-17MAY19-7750-C,130.99,0.013999999999999999,1.3,3,1558040415186,20980899,299
2019-05-16 21:16:28.286,2.0,buy,7850.67,BTC-17MAY19-7750-C,121.21,0.024,2.0,0,1558041388286,20984791,300
2019-05-17 00:28:20.093,1.0,buy,7890.52,BTC-17MAY19-7750-C,123.99,0.025,1.0,0,1558052900093,21003934,301
2019-05-17 01:24:40.166,9.1,sell,7793.08,BTC-17MAY19-7750-C,138.23,0.018000000000000002,9.1,2,1558056280166,21008396,302
2019-05-17 01:31:55.614,1.0,buy,7827.65,BTC-17MAY19-7750-C,119.98,0.0185,1.0,0,1558056715614,21009726,303
2019-05-17 02:35:46.582,1.0,sell,7769.56,BTC-17MAY19-7750-C,138.54,0.015,1.0,2,1558060546582,21015897,304
2019-05-17 02:37:07.693,1.0,sell,7754.41,BTC-17MAY19-7750-C,138.71,0.013999999999999999,1.0,2,1558060627693,21016317,305
2019-05-17 02:37:57.747,1.0,sell,7735.03,BTC-17MAY19-7750-C,141.11,0.013000000000000001,1.0,2,1558060677747,21016546,306
2019-05-17 02:51:49.972,10.0,sell,7693.62,BTC-17MAY19-7750-C,148.24,0.011000000000000001,10.0,2,1558061509972,21018679,307
2019-05-17 02:54:02.249,0.5,buy,7673.71,BTC-17MAY19-7750-C,154.53,0.0105,0.5,2,1558061642249,21019370,308
2019-05-17 02:54:02.360,6.0,sell,7673.71,BTC-17MAY19-7750-C,154.53,0.0105,6.0,3,1558061642360,21019374,309
2019-05-17 02:54:04.886,3.5,sell,7674.55,BTC-17MAY19-7750-C,154.07,0.0105,3.5,3,1558061644886,21019386,310
2019-05-17 02:54:17.053,0.2,sell,7673.68,BTC-17MAY19-7750-C,149.18,0.01,0.2,2,1558061657053,21019453,311
2019-05-17 02:54:19.525,0.5,buy,7675.83,BTC-17MAY19-7750-C,153.37,0.0105,0.5,0,1558061659525,21019461,312
2019-05-17 02:54:44.337,1.0,buy,7680.66,BTC-17MAY19-7750-C,156.28,0.011000000000000001,1.0,0,1558061684337,21019491,313
2019-05-17 02:54:44.337,0.5,buy,7680.66,BTC-17MAY19-7750-C,156.28,0.011000000000000001,0.5,1,1558061684337,21019492,314
2019-05-17 02:54:44.337,11.4,buy,7680.66,BTC-17MAY19-7750-C,161.61,0.0115,11.4,0,1558061684337,21019493,315
2019-05-17 02:56:02.466,9.5,sell,7655.44,BTC-17MAY19-7750-C,164.92,0.0105,9.5,2,1558061762466,21019779,316
2019-05-17 02:56:29.384,1.0,sell,7627.17,BTC-17MAY19-7750-C,162.97,0.009000000000000001,1.0,2,1558061789384,21020107,317
2019-05-17 02:56:54.190,0.7000000000000001,sell,7588.31,BTC-17MAY19-7750-C,170.59,0.008,0.7000000000000001,2,1558061814190,21021437,318
2019-05-17 02:56:54.190,19.3,sell,7588.31,BTC-17MAY19-7750-C,170.59,0.008,19.3,3,1558061814190,21021438,319
2019-05-17 02:57:23.965,2.0,sell,7556.14,BTC-17MAY19-7750-C,179.4,0.0075,2.0,2,1558061843965,21022080,320
2019-05-17 03:00:45.497,25.0,sell,7281.31,BTC-17MAY19-7750-C,255.42,0.005,25.0,2,1558062045497,21027504,321
2019-05-17 03:00:47.411,25.0,sell,7281.53,BTC-17MAY19-7750-C,255.34,0.005,25.0,3,1558062047411,21027613,322
2019-05-17 03:06:16.519,0.1,sell,7042.07,BTC-17MAY19-7750-C,333.42,0.0045,0.1,2,1558062376519,21040394,323
2019-05-17 03:10:01.639,0.1,sell,6723.97,BTC-17MAY19-7750-C,445.0,0.0045,0.1,3,1558062601639,21049316,324
2019-05-17 03:10:01.639,1.0,sell,6723.97,BTC-17MAY19-7750-C,432.12,0.004,1.0,2,1558062601639,21049317,325
2019-05-17 03:22:00.360,0.7000000000000001,sell,7261.47,BTC-17MAY19-7750-C,272.42,0.005,0.7000000000000001,0,1558063320360,21069253,326
2019-05-17 03:53:21.706,0.2,buy,7305.96,BTC-17MAY19-7750-C,230.45,0.003,0.2,2,1558065201706,21086248,327
