date_utc,amount,direction,indexPrice,instrument,iv,price,quantity,tickDirection,timeStamp,tradeId,tradeSeq
2019-02-16 02:08:12.726,0.1,sell,3574.22,BTC-26APR19-4500-C,55.1,0.0235,0.1,1,1550282892726,15404744,1
2019-02-16 02:59:31.633,0.9,sell,3580.64,BTC-26APR19-4500-C,55.35,0.024,0.9,0,1550285971633,15405411,2
2019-02-16 04:10:09.674,0.1,buy,3597.98,BTC-26APR19-4500-C,55.21,0.025,0.1,0,1550290209674,15407651,3
2019-02-16 14:44:44.179,0.1,buy,3605.02,BTC-26APR19-4500-C,55.73,0.026000000000000002,0.1,0,1550328284179,15418402,4
2019-02-16 16:54:13.047,0.6,buy,3596.82,BTC-26APR19-4500-C,56.61,0.0265,0.6,0,1550336053047,15421472,5
2019-02-17 10:27:07.249,0.1,buy,3638.21,BTC-26APR19-4500-C,53.44,0.0245,0.1,2,1550399227249,15432561,6
2019-02-17 20:15:07.066,1.0,sell,3573.18,BTC-26APR19-4500-C,55.56,0.0235,1.0,2,1550434507066,15452385,7
2019-02-18 01:07:27.857,0.1,buy,3678.75,BTC-26APR19-4500-C,53.4,0.0265,0.1,0,1550452047857,15468898,8
2019-02-18 01:07:44.336,0.5,sell,3699.81,BTC-26APR19-4500-C,52.84,0.027000000000000003,0.5,0,1550452064336,15469508,9
2019-02-18 12:46:16.157,0.2,sell,3716.05,BTC-26APR19-4500-C,54.99,0.03,0.2,0,1550493976157,15517109,10
2019-02-18 13:03:15.902,3.0,buy,3725.23,BTC-26APR19-4500-C,55.27,0.031,3.0,0,1550494995902,15520702,11
2019-02-18 20:01:14.611,10.0,sell,3861.8,BTC-26APR19-4500-C,55.26,0.0395,10.0,0,1550520074611,15577675,12
2019-02-19 23:16:43.101,0.3,sell,3905.46,BTC-26APR19-4500-C,57.73,0.046,0.3,0,1550618203101,15668153,13
2019-02-19 23:41:35.129,1.0,sell,3892.38,BTC-26APR19-4500-C,56.87,0.044000000000000004,1.0,2,1550619695129,15668912,14
2019-02-20 14:13:27.451,12.0,sell,3907.61,BTC-26APR19-4500-C,59.43,0.048,12.0,0,1550672007451,15700789,15
2019-02-20 19:58:14.721,6.0,buy,3924.0,BTC-26APR19-4500-C,59.81,0.05,6.0,0,1550692694721,15709388,16
2019-02-20 20:37:52.249,2.0,buy,3932.22,BTC-26APR19-4500-C,59.66,0.0505,2.0,0,1550695072249,15710781,17
2019-02-21 05:20:21.194,5.6000000000000005,buy,3933.98,BTC-26APR19-4500-C,57.04,0.046,5.6000000000000005,2,1550726421194,15721563,18
2019-02-21 05:44:33.626,0.9,sell,3942.89,BTC-26APR19-4500-C,56.73,0.0465,0.9,0,1550727873626,15723095,19
2019-02-21 06:00:26.761,1.0,buy,3949.33,BTC-26APR19-4500-C,57.03,0.0475,1.0,0,1550728826761,15724104,20
2019-02-21 06:01:36.147,4.0,sell,3982.57,BTC-26APR19-4500-C,56.61,0.0495,4.0,0,1550728896147,15725678,21
2019-02-21 06:01:40.749,5.0,sell,3981.92,BTC-26APR19-4500-C,56.33,0.049,5.0,2,1550728900749,15725784,22
2019-02-21 06:01:40.815,5.0,buy,3981.92,BTC-26APR19-4500-C,56.33,0.049,5.0,3,1550728900815,15725785,23
2019-02-21 06:02:49.311,4.0,sell,3957.58,BTC-26APR19-4500-C,57.3,0.048,4.0,2,1550728969311,15726819,24
2019-02-21 11:18:23.926,4.5,sell,3881.24,BTC-26APR19-4500-C,56.83,0.0425,4.5,2,1550747903926,15740198,25
2019-02-21 11:33:03.012,4.0,sell,3884.7,BTC-26APR19-4500-C,56.56,0.0425,4.0,3,1550748783012,15741334,26
2019-02-21 13:46:46.889,4.3,sell,3907.04,BTC-26APR19-4500-C,56.19,0.0435,4.3,0,1550756806889,15744649,27
2019-02-21 16:28:04.031,0.4,buy,3890.04,BTC-26APR19-4500-C,56.37,0.0425,0.4,2,1550766484031,15746843,28
2019-02-21 21:54:39.314,0.2,sell,3899.74,BTC-26APR19-4500-C,54.69,0.0405,0.2,2,1550786079314,15750517,29
2019-02-22 03:50:03.435,3.0,buy,3913.51,BTC-26APR19-4500-C,54.71,0.0415,3.0,0,1550807403435,15755226,30
2019-02-22 03:53:58.454,3.0,buy,3913.51,BTC-26APR19-4500-C,54.84,0.0415,3.0,1,1550807638454,15755277,31
2019-02-22 03:54:32.459,3.0,buy,3913.44,BTC-26APR19-4500-C,54.85,0.0415,3.0,1,1550807672459,15755280,32
2019-02-22 07:01:56.353,1.0,buy,3908.2,BTC-26APR19-4500-C,54.64,0.0405,1.0,2,1550818916353,15757559,33
2019-02-22 08:03:13.750,1.0,sell,3894.8,BTC-26APR19-4500-C,54.67,0.0395,1.0,2,1550822593750,15760150,34
2019-02-22 12:10:21.742,0.5,sell,3924.48,BTC-26APR19-4500-C,54.71,0.042,0.5,0,1550837421742,15768860,35
2019-02-22 12:27:57.753,0.5,sell,3930.75,BTC-26APR19-4500-C,54.76,0.0425,0.5,0,1550838477753,15770085,36
2019-02-22 12:44:05.144,1.0,sell,3938.48,BTC-26APR19-4500-C,55.26,0.044,1.0,0,1550839445144,15771450,37
2019-02-22 15:38:53.921,10.0,buy,3921.1,BTC-26APR19-4500-C,56.17,0.0435,10.0,2,1550849933921,15781862,38
2019-02-22 15:49:15.072,1.0,buy,3921.26,BTC-26APR19-4500-C,57.8,0.046,1.0,0,1550850555072,15782217,39
2019-02-22 21:22:54.658,1.0,sell,3938.61,BTC-26APR19-4500-C,55.52,0.0435,1.0,2,1550870574658,15787716,40
2019-02-23 01:32:23.449,0.1,buy,3941.11,BTC-26APR19-4500-C,57.95,0.047,0.1,0,1550885543449,15791731,41
2019-02-23 10:25:15.404,0.2,sell,3934.99,BTC-26APR19-4500-C,60.06,0.049,0.2,0,1550917515404,15800211,42
2019-02-23 20:29:16.008,3.0,buy,4128.72,BTC-26APR19-4500-C,58.21,0.0605,3.0,0,1550953756008,15844526,43
2019-02-23 20:29:16.341,0.1,buy,4128.72,BTC-26APR19-4500-C,58.21,0.0605,0.1,1,1550953756341,15844529,44
2019-02-23 20:29:24.753,0.1,buy,4129.77,BTC-26APR19-4500-C,58.19,0.0605,0.1,1,1550953764753,15844574,45
2019-02-23 20:29:34.126,0.6,buy,4129.17,BTC-26APR19-4500-C,58.22,0.0605,0.6,1,1550953774126,15844603,46
2019-02-23 20:29:34.346,0.1,buy,4129.17,BTC-26APR19-4500-C,58.22,0.0605,0.1,1,1550953774346,15844605,47
2019-02-23 20:29:53.725,3.0,buy,4130.35,BTC-26APR19-4500-C,58.43,0.061,3.0,0,1550953793725,15844670,48
2019-02-23 22:54:20.774,1.0,buy,4115.93,BTC-26APR19-4500-C,58.45,0.0605,1.0,2,1550962460774,15852912,49
2019-02-24 11:42:45.483,1.0,sell,4134.85,BTC-26APR19-4500-C,56.65,0.059,1.0,2,1551008565483,15877754,50
2019-02-24 14:20:53.555,6.0,sell,3828.75,BTC-26APR19-4500-C,60.03,0.0365,6.0,2,1551018053555,15907476,51
2019-02-24 14:49:52.727,3.0,sell,3817.33,BTC-26APR19-4500-C,59.08,0.037000000000000005,3.0,0,1551019792727,15925455,52
2019-02-24 15:24:41.014,0.1,sell,3790.2,BTC-26APR19-4500-C,61.58,0.038,0.1,0,1551021881014,15934090,53
2019-02-25 02:56:53.303,10.0,buy,3772.91,BTC-26APR19-4500-C,61.25,0.037000000000000005,10.0,2,1551063413303,15971931,54
2019-02-25 08:56:38.346,10.0,sell,3772.73,BTC-26APR19-4500-C,60.94,0.0365,10.0,2,1551084998346,15980897,55
2019-02-25 08:57:04.366,10.0,sell,3772.48,BTC-26APR19-4500-C,60.59,0.036000000000000004,10.0,2,1551085024366,15980906,56
2019-02-25 16:02:49.964,0.3,buy,3787.71,BTC-26APR19-4500-C,61.86,0.0385,0.3,0,1551110569964,15991993,57
2019-02-27 15:24:32.399,1.0,buy,3798.51,BTC-26APR19-4500-C,58.78,0.0335,1.0,2,1551281072399,16061541,58
2019-02-27 21:02:32.266,4.0,buy,3716.98,BTC-26APR19-4500-C,59.18,0.0295,4.0,2,1551301352266,16077532,59
2019-02-27 23:04:52.697,0.3,buy,3797.86,BTC-26APR19-4500-C,56.27,0.0305,0.3,0,1551308692697,16085113,60
2019-02-28 15:08:25.980,1.0,buy,3823.36,BTC-26APR19-4500-C,58.12,0.034,1.0,0,1551366505980,16105654,61
2019-03-01 15:30:36.897,1.0,sell,3814.94,BTC-26APR19-4500-C,54.64,0.0285,1.0,2,1551454236897,16151462,62
2019-03-01 21:09:09.366,0.4,sell,3829.03,BTC-26APR19-4500-C,55.12,0.03,0.4,0,1551474549366,16156237,63
2019-03-01 22:14:14.680,0.6,sell,3811.58,BTC-26APR19-4500-C,56.01,0.03,0.6,1,1551478454680,16157772,64
2019-03-02 14:05:49.577,4.4,sell,3811.21,BTC-26APR19-4500-C,54.02,0.027000000000000003,4.4,2,1551535549577,16176618,65
2019-03-03 06:55:12.991,1.0,sell,3810.44,BTC-26APR19-4500-C,54.77,0.0275,1.0,0,1551596112991,16185350,66
2019-03-03 11:15:05.691,0.2,sell,3813.55,BTC-26APR19-4500-C,54.41,0.027000000000000003,0.2,2,1551611705691,16188202,67
2019-03-03 18:32:51.440,16.0,buy,3791.06,BTC-26APR19-4500-C,55.63,0.027000000000000003,16.0,3,1551637971440,16197005,68
2019-03-03 19:39:29.928,15.8,buy,3791.03,BTC-26APR19-4500-C,56.2,0.0275,15.8,0,1551641969928,16197367,69
2019-03-03 19:40:24.467,15.0,buy,3791.89,BTC-26APR19-4500-C,56.12,0.0275,15.0,1,1551642024467,16197382,70
2019-03-03 19:47:15.178,15.8,buy,3792.28,BTC-26APR19-4500-C,56.11,0.0275,15.8,1,1551642435178,16197422,71
2019-03-03 22:59:38.496,0.4,buy,3785.37,BTC-26APR19-4500-C,55.94,0.027000000000000003,0.4,2,1551653978496,16198998,72
2019-03-03 23:30:26.326,0.1,buy,3778.77,BTC-26APR19-4500-C,55.76,0.0265,0.1,2,1551655826326,16200382,73
2019-03-03 23:32:51.917,0.1,buy,3778.05,BTC-26APR19-4500-C,55.86,0.0265,0.1,3,1551655971917,16200791,74
2019-03-03 23:33:53.421,0.1,buy,3781.94,BTC-26APR19-4500-C,55.66,0.0265,0.1,3,1551656033421,16200879,75
2019-03-03 23:34:30.230,0.1,buy,3784.1,BTC-26APR19-4500-C,55.14,0.026000000000000002,0.1,2,1551656070230,16200901,76
2019-03-04 05:16:34.352,0.2,buy,3722.05,BTC-26APR19-4500-C,56.35,0.024,0.2,2,1551676594352,16215398,77
2019-03-04 05:17:58.409,0.2,buy,3714.45,BTC-26APR19-4500-C,56.74,0.024,0.2,3,1551676678409,16215729,78
2019-03-04 05:19:41.299,0.5,buy,3694.73,BTC-26APR19-4500-C,56.85,0.023,0.5,2,1551676781299,16216596,79
2019-03-04 05:20:05.104,0.6,buy,3698.69,BTC-26APR19-4500-C,56.97,0.0235,0.6,0,1551676805104,16216859,80
2019-03-04 06:43:42.084,1.0,buy,3727.89,BTC-26APR19-4500-C,56.53,0.0245,1.0,0,1551681822084,16220813,81
2019-03-04 16:24:05.330,10.0,buy,3713.16,BTC-26APR19-4500-C,54.2,0.021,10.0,2,1551716645330,16239558,82
2019-03-04 17:45:43.767,6.0,sell,3716.13,BTC-26APR19-4500-C,53.33,0.02,6.0,3,1551721543767,16240473,84
2019-03-04 17:45:43.767,4.0,sell,3716.13,BTC-26APR19-4500-C,53.33,0.02,4.0,2,1551721543767,16240472,83
2019-03-04 18:36:54.886,1.0,sell,3708.69,BTC-26APR19-4500-C,53.17,0.0195,1.0,2,1551724614886,16242122,85
2019-03-05 01:48:00.811,0.9,buy,3700.77,BTC-26APR19-4500-C,55.47,0.0215,0.9,0,1551750480811,16247270,86
2019-03-05 06:40:00.762,9.1,buy,3710.28,BTC-26APR19-4500-C,54.87,0.0215,9.1,1,1551768000762,16250270,87
2019-03-05 07:29:50.214,10.0,sell,3712.56,BTC-26APR19-4500-C,54.84,0.0215,10.0,1,1551770990214,16250813,88
2019-03-05 08:34:18.666,10.0,buy,3723.33,BTC-26APR19-4500-C,54.9,0.022,10.0,0,1551774858666,16251962,89
2019-03-05 08:38:40.227,10.0,buy,3725.04,BTC-26APR19-4500-C,54.8,0.022,10.0,1,1551775120227,16252093,90
2019-03-05 08:38:52.883,10.0,buy,3724.61,BTC-26APR19-4500-C,54.81,0.022000000000000002,10.0,1,1551775132883,16252103,91
2019-03-05 13:12:06.306,0.1,buy,3749.23,BTC-26APR19-4500-C,54.62,0.023,0.1,0,1551791526306,16258112,92
2019-03-05 13:44:49.494,0.1,buy,3805.06,BTC-26APR19-4500-C,54.74,0.026,0.1,0,1551793489494,16265776,93
2019-03-06 19:41:36.675,50.0,buy,3844.45,BTC-26APR19-4500-C,54.95,0.028,50.0,0,1551901296675,16327034,94
2019-03-06 21:14:39.823,1.0,sell,3842.17,BTC-26APR19-4500-C,54.25,0.027000000000000003,1.0,2,1551906879823,16327681,95
2019-03-07 15:23:56.166,0.1,buy,3879.12,BTC-26APR19-4500-C,51.62,0.0255,0.1,2,1551972236166,16356549,96
2019-03-08 08:14:32.645,0.1,buy,3869.62,BTC-26APR19-4500-C,52.12,0.025,0.1,2,1552032872645,16378333,97
2019-03-08 08:28:50.763,0.1,sell,3869.87,BTC-26APR19-4500-C,48.91,0.0215,0.1,2,1552033730763,16378430,98
2019-03-08 08:33:22.501,1.0,sell,3872.29,BTC-26APR19-4500-C,48.75,0.0215,1.0,3,1552034002501,16378597,99
2019-03-08 09:19:29.462,16.6,buy,3859.69,BTC-26APR19-4500-C,51.28,0.0235,16.6,0,1552036769462,16379397,100
2019-03-08 09:20:17.745,303.4000000000001,sell,3859.29,BTC-26APR19-4500-C,51.27,0.0235,303.4000000000001,1,1552036817745,16379425,101
2019-03-08 22:03:03.529,13.0,sell,3812.84,BTC-26APR19-4500-C,52.66,0.0225,13.0,2,1552082583529,16398125,102
2019-03-08 22:03:04.040,13.0,sell,3812.84,BTC-26APR19-4500-C,52.73,0.0225,13.0,3,1552082584040,16398127,103
2019-03-08 22:03:05.419,5.0,sell,3812.42,BTC-26APR19-4500-C,52.75,0.0225,5.0,3,1552082585419,16398148,104
2019-03-08 22:03:13.427,3.5,sell,3806.52,BTC-26APR19-4500-C,53.08,0.0225,3.5,3,1552082593427,16398472,105
2019-03-08 22:03:14.740,9.2,sell,3809.67,BTC-26APR19-4500-C,52.96,0.0225,9.2,3,1552082594740,16398530,106
2019-03-08 22:03:15.938,9.6,sell,3807.66,BTC-26APR19-4500-C,53.1,0.0225,9.6,3,1552082595938,16398653,107
2019-03-08 22:03:21.394,5.0,sell,3794.13,BTC-26APR19-4500-C,54.01,0.0225,5.0,3,1552082601394,16398989,108
2019-03-08 22:03:21.552,3.3000000000000003,sell,3794.13,BTC-26APR19-4500-C,54.01,0.0225,3.3000000000000003,3,1552082601552,16399009,109
2019-03-08 22:03:33.036,13.0,sell,3789.61,BTC-26APR19-4500-C,54.46,0.0225,13.0,3,1552082613036,16399473,110
2019-03-08 22:03:35.519,13.0,sell,3787.74,BTC-26APR19-4500-C,54.38,0.0225,13.0,3,1552082615519,16399505,111
2019-03-08 22:03:36.394,12.4,sell,3781.43,BTC-26APR19-4500-C,54.68,0.0225,12.4,3,1552082616394,16399538,112
2019-03-09 01:32:31.083,0.1,buy,3857.31,BTC-26APR19-4500-C,52.25,0.024,0.1,0,1552095151083,16410186,113
2019-03-09 13:24:16.928,0.1,buy,3908.58,BTC-26APR19-4500-C,50.62,0.0245,0.1,0,1552137856928,16426794,114
2019-03-09 13:45:57.259,0.4,sell,3907.9,BTC-26APR19-4500-C,49.75,0.0235,0.4,2,1552139157259,16427652,115
2019-03-09 17:50:59.812,10.0,sell,3896.32,BTC-26APR19-4500-C,49.22,0.022000000000000002,10.0,2,1552153859812,16443585,116
2019-03-10 22:26:46.576,15.0,buy,3897.45,BTC-26APR19-4500-C,51.95,0.0245,15.0,0,1552256806576,16467396,117
2019-03-11 04:10:32.416,10.0,sell,3908.8,BTC-26APR19-4500-C,50.56,0.0235,10.0,2,1552277432416,16471643,118
2019-03-11 05:07:45.598,5.0,sell,3880.44,BTC-26APR19-4500-C,50.66,0.022000000000000002,5.0,2,1552280865598,16473582,119
2019-03-11 05:58:13.471,10.0,sell,3866.04,BTC-26APR19-4500-C,51.55,0.022000000000000002,10.0,3,1552283893471,16475288,120
2019-03-11 05:58:37.408,10.0,sell,3856.68,BTC-26APR19-4500-C,52.03,0.022,10.0,3,1552283917408,16475652,121
2019-03-11 08:05:48.663,0.1,buy,3862.33,BTC-26APR19-4500-C,52.1,0.0225,0.1,0,1552291548663,16480090,122
2019-03-11 12:05:40.562,0.2,sell,3827.59,BTC-26APR19-4500-C,52.37,0.021,0.2,2,1552305940562,16485188,123
2019-03-12 17:46:22.596,0.3,buy,3857.19,BTC-26APR19-4500-C,51.36,0.0205,0.3,2,1552412782596,16524296,124
2019-03-13 23:22:54.349,0.1,buy,3852.32,BTC-26APR19-4500-C,51.13,0.019,0.1,2,1552519374349,16546510,125
2019-03-14 06:37:41.909,0.2,sell,3843.08,BTC-26APR19-4500-C,49.5,0.017,0.2,2,1552545461909,16550102,126
2019-03-14 10:10:19.455,5.0,buy,3844.26,BTC-26APR19-4500-C,50.57,0.018000000000000002,5.0,0,1552558219455,16552108,127
2019-03-14 23:56:06.788,0.3,sell,3856.66,BTC-26APR19-4500-C,50.15,0.018000000000000002,0.3,1,1552607766788,16574801,128
2019-03-14 23:56:06.788,0.2,sell,3856.66,BTC-26APR19-4500-C,50.15,0.018000000000000002,0.2,1,1552607766788,16574802,129
2019-03-15 11:11:06.636,0.3,sell,3869.59,BTC-26APR19-4500-C,48.53,0.017,0.3,2,1552648266636,16584679,130
2019-03-16 01:26:12.986,0.1,buy,3922.15,BTC-26APR19-4500-C,48.93,0.0195,0.1,0,1552699572986,16605475,131
2019-03-16 04:13:56.114,0.1,sell,3969.64,BTC-26APR19-4500-C,48.85,0.022000000000000002,0.1,0,1552709636114,16616186,132
2019-03-16 04:16:11.600,0.1,buy,3983.3,BTC-26APR19-4500-C,49.72,0.0235,0.1,0,1552709771600,16617148,133
2019-03-16 09:48:39.692,0.5,sell,4002.67,BTC-26APR19-4500-C,49.7,0.0245,0.5,0,1552729719692,16637283,134
2019-03-16 09:48:39.692,0.5,sell,4002.67,BTC-26APR19-4500-C,49.7,0.0245,0.5,1,1552729719692,16637284,135
2019-03-16 09:48:39.848,1.5,buy,4002.67,BTC-26APR19-4500-C,49.7,0.0245,1.5,1,1552729719848,16637285,136
2019-03-16 14:14:44.940,0.2,sell,3978.45,BTC-26APR19-4500-C,50.47,0.024,0.2,2,1552745684940,16644289,137
2019-03-16 16:43:57.538,0.1,buy,3985.17,BTC-26APR19-4500-C,50.61,0.0245,0.1,0,1552754637538,16646980,138
2019-03-16 16:51:29.367,50.0,sell,3984.41,BTC-26APR19-4500-C,49.69,0.0235,50.0,2,1552755089367,16647072,139
2019-03-17 14:13:11.885,0.4,buy,3965.66,BTC-26APR19-4500-C,48.96,0.021,0.4,2,1552831991885,16663465,140
2019-03-17 19:43:34.730,0.1,buy,3973.15,BTC-26APR19-4500-C,48.81,0.021,0.1,3,1552851814730,16666566,141
2019-03-17 19:43:34.730,0.4,buy,3973.15,BTC-26APR19-4500-C,48.81,0.021,0.4,3,1552851814730,16666567,142
2019-03-17 21:38:27.389,0.1,buy,3977.71,BTC-26APR19-4500-C,49.13,0.0215,0.1,0,1552858707389,16667213,143
2019-03-17 22:41:45.692,0.5,sell,3968.89,BTC-26APR19-4500-C,47.68,0.0195,0.5,2,1552862505692,16667746,144
2019-03-18 11:43:40.916,1.0,sell,3957.85,BTC-26APR19-4500-C,47.0,0.018000000000000002,1.0,2,1552909420916,16688391,145
2019-03-18 11:58:17.744,0.3,buy,3954.65,BTC-26APR19-4500-C,48.16,0.019,0.3,0,1552910297744,16688493,146
2019-03-18 14:12:09.490,5.0,sell,3960.48,BTC-26APR19-4500-C,46.87,0.018000000000000002,5.0,2,1552918329490,16690280,147
2019-03-18 23:02:41.630,0.7000000000000001,sell,3975.33,BTC-26APR19-4500-C,47.84,0.0195,0.7000000000000001,0,1552950161630,16694350,148
2019-03-18 23:47:46.704,2.0,sell,3970.15,BTC-26APR19-4500-C,46.55,0.018000000000000002,2.0,2,1552952866704,16694944,149
2019-03-19 00:31:27.514,10.0,sell,3977.82,BTC-26APR19-4500-C,46.13,0.018000000000000002,10.0,3,1552955487514,16695512,150
2019-03-19 00:31:27.514,0.5,sell,3977.82,BTC-26APR19-4500-C,46.13,0.018000000000000002,0.5,3,1552955487514,16695513,151
2019-03-19 17:25:18.652,0.1,buy,4000.87,BTC-26APR19-4500-C,46.27,0.019,0.1,0,1553016318652,16711493,152
2019-03-20 10:08:41.475,1.0,sell,3977.71,BTC-26APR19-4500-C,46.0,0.017,1.0,2,1553076521475,16728429,153
2019-03-20 16:17:52.385,5.0,buy,4014.82,BTC-26APR19-4500-C,46.19,0.019,5.0,0,1553098672385,16735235,154
2019-03-20 18:09:56.925,5.0,sell,4005.45,BTC-26APR19-4500-C,46.0,0.018000000000000002,5.0,2,1553105396925,16737730,155
2019-03-20 19:16:31.370,1.0,sell,4009.76,BTC-26APR19-4500-C,45.71,0.018000000000000002,1.0,3,1553109391370,16738551,156
2019-03-20 19:29:43.691,1.0,buy,4010.56,BTC-26APR19-4500-C,47.28,0.0195,1.0,1,1553110183691,16738633,159
2019-03-20 19:29:43.691,10.0,buy,4010.56,BTC-26APR19-4500-C,47.28,0.0195,10.0,1,1553110183691,16738632,158
2019-03-20 19:29:43.691,5.0,buy,4010.56,BTC-26APR19-4500-C,47.28,0.0195,5.0,0,1553110183691,16738631,157
2019-03-20 19:29:43.691,6.0,buy,4010.56,BTC-26APR19-4500-C,47.28,0.0195,6.0,1,1553110183691,16738634,160
2019-03-20 19:51:35.747,100.0,buy,4012.94,BTC-26APR19-4500-C,47.13,0.0195,100.0,1,1553111495747,16738799,161
2019-03-20 20:09:48.715,0.1,buy,4015.69,BTC-26APR19-4500-C,47.44,0.02,0.1,0,1553112588715,16739051,162
2019-03-20 20:09:48.715,9.9,buy,4015.69,BTC-26APR19-4500-C,47.44,0.02,9.9,1,1553112588715,16739052,163
2019-03-20 20:10:55.242,0.1,buy,4014.21,BTC-26APR19-4500-C,47.52,0.02,0.1,1,1553112655242,16739137,164
2019-03-20 20:10:55.242,83.8,buy,4014.21,BTC-26APR19-4500-C,47.52,0.02,83.8,1,1553112655242,16739139,166
2019-03-20 20:10:55.242,16.1,buy,4014.21,BTC-26APR19-4500-C,47.52,0.02,16.1,1,1553112655242,16739138,165
2019-03-20 20:11:11.190,16.0,buy,4013.89,BTC-26APR19-4500-C,47.53,0.02,16.0,1,1553112671190,16739141,167
2019-03-20 22:36:28.927,0.2,buy,4042.86,BTC-26APR19-4500-C,45.87,0.02,0.2,1,1553121388927,16742217,168
2019-03-21 01:04:33.967,2.0,sell,4039.64,BTC-26APR19-4500-C,45.26,0.019,2.0,2,1553130273967,16746317,169
2019-03-21 07:41:09.132,0.5,buy,4038.92,BTC-26APR19-4500-C,47.11,0.0205,0.5,1,1553154069132,16749723,171
2019-03-21 07:41:09.132,0.5,buy,4038.92,BTC-26APR19-4500-C,47.11,0.0205,0.5,0,1553154069132,16749722,170
2019-03-21 08:28:38.395,0.1,buy,4033.21,BTC-26APR19-4500-C,47.36,0.0205,0.1,1,1553156918395,16750051,172
2019-03-21 08:28:44.570,0.1,buy,4033.21,BTC-26APR19-4500-C,47.36,0.0205,0.1,1,1553156924570,16750052,173
2019-03-21 08:28:45.439,0.1,buy,4033.21,BTC-26APR19-4500-C,47.36,0.0205,0.1,1,1553156925439,16750053,174
2019-03-21 09:42:57.914,10.0,buy,4030.0,BTC-26APR19-4500-C,47.01,0.02,10.0,2,1553161377914,16750522,175
2019-03-21 11:54:33.527,4.5,sell,4034.45,BTC-26APR19-4500-C,46.71,0.02,4.5,3,1553169273527,16751657,176
2019-03-21 13:27:24.694,4.0,sell,4023.56,BTC-26APR19-4500-C,46.97,0.0195,4.0,2,1553174844694,16755172,177
2019-03-21 17:30:49.193,0.5,sell,3959.5,BTC-26APR19-4500-C,45.74,0.015,0.5,3,1553189449193,16769823,179
2019-03-21 17:30:49.193,0.2,sell,3959.5,BTC-26APR19-4500-C,45.74,0.015,0.2,3,1553189449193,16769824,180
2019-03-21 17:30:49.193,12.8,sell,3959.5,BTC-26APR19-4500-C,45.74,0.015,12.8,2,1553189449193,16769822,178
2019-03-21 18:45:11.198,50.0,sell,3963.24,BTC-26APR19-4500-C,45.52,0.015,50.0,3,1553193911198,16770305,182
2019-03-21 18:45:11.198,12.8,sell,3963.24,BTC-26APR19-4500-C,45.52,0.015,12.8,3,1553193911198,16770304,181
2019-03-22 06:13:32.385,2.0,sell,3972.5,BTC-26APR19-4500-C,45.22,0.015,2.0,3,1553235212385,16774428,183
2019-03-22 09:44:01.034,5.8,buy,3976.52,BTC-26APR19-4500-C,46.3,0.016,5.8,1,1553247841034,16776592,186
2019-03-22 09:44:01.034,0.5,buy,3976.52,BTC-26APR19-4500-C,46.3,0.016,0.5,0,1553247841034,16776590,184
2019-03-22 09:44:01.034,0.2,buy,3976.52,BTC-26APR19-4500-C,46.3,0.016,0.2,1,1553247841034,16776591,185
2019-03-22 10:56:47.027,1.0,buy,3979.56,BTC-26APR19-4500-C,46.73,0.0165,1.0,0,1553252207027,16777051,187
2019-03-22 17:52:08.375,0.2,buy,3997.63,BTC-26APR19-4500-C,46.0,0.0165,0.2,1,1553277128375,16780737,188
2019-03-22 18:39:15.869,3.8,buy,3993.77,BTC-26APR19-4500-C,46.31,0.0165,3.8,1,1553279955869,16780954,189
2019-03-22 18:39:15.869,1.0,buy,3993.77,BTC-26APR19-4500-C,46.31,0.0165,1.0,1,1553279955869,16780955,190
2019-03-23 07:08:47.132,2.0,sell,3992.84,BTC-26APR19-4500-C,46.28,0.0165,2.0,1,1553324927132,16789162,191
2019-03-23 12:47:49.364,0.2,buy,3982.33,BTC-26APR19-4500-C,47.14,0.0165,0.2,1,1553345269364,16792058,192
2019-03-23 12:47:49.364,0.2,buy,3982.33,BTC-26APR19-4500-C,47.14,0.0165,0.2,1,1553345269364,16792059,193
2019-03-23 12:48:01.758,0.2,buy,3981.92,BTC-26APR19-4500-C,47.16,0.0165,0.2,1,1553345281758,16792060,194
2019-03-23 12:48:18.183,0.2,buy,3981.97,BTC-26APR19-4500-C,47.7,0.017,0.2,1,1553345298183,16792063,196
2019-03-23 12:48:18.183,0.2,buy,3981.97,BTC-26APR19-4500-C,47.7,0.017,0.2,0,1553345298183,16792062,195
2019-03-23 13:13:11.091,3.0,sell,3971.18,BTC-26APR19-4500-C,47.16,0.016,3.0,2,1553346791091,16792589,197
2019-03-23 17:07:29.561,0.2,buy,3970.25,BTC-26APR19-4500-C,47.81,0.0165,0.2,0,1553360849561,16794853,198
2019-03-23 22:02:35.925,19.1,sell,3975.05,BTC-26APR19-4500-C,46.71,0.0155,19.1,2,1553378555925,16795692,199
2019-03-23 23:05:42.450,0.6,buy,3978.2,BTC-26APR19-4500-C,47.88,0.0165,0.6,1,1553382342450,16795906,201
2019-03-23 23:05:42.450,0.2,buy,3978.2,BTC-26APR19-4500-C,47.88,0.0165,0.2,0,1553382342450,16795905,200
2019-03-23 23:43:25.474,0.2,sell,3981.95,BTC-26APR19-4500-C,46.78,0.0155,0.2,2,1553384605474,16796301,202
2019-03-23 23:43:25.514,0.2,sell,3981.95,BTC-26APR19-4500-C,46.78,0.0155,0.2,3,1553384605514,16796302,203
2019-03-24 02:37:16.159,0.2,sell,3965.93,BTC-26APR19-4500-C,47.41,0.0155,0.2,3,1553395036159,16797302,204
2019-03-24 02:38:17.120,19.2,sell,3964.54,BTC-26APR19-4500-C,47.55,0.0155,19.2,3,1553395097120,16797438,205
2019-03-24 02:39:16.033,1.0,sell,3960.33,BTC-26APR19-4500-C,47.84,0.0155,1.0,3,1553395156033,16797594,206
2019-03-24 02:42:34.505,0.2,sell,3960.3,BTC-26APR19-4500-C,47.78,0.0155,0.2,3,1553395354505,16797686,207
2019-03-24 02:56:22.494,0.2,sell,3962.05,BTC-26APR19-4500-C,47.53,0.0155,0.2,3,1553396182494,16797900,208
2019-03-24 05:28:02.812,2.0,sell,3969.29,BTC-26APR19-4500-C,47.19,0.0155,2.0,3,1553405282812,16798479,209
2019-03-24 05:30:31.718,1.0,sell,3969.51,BTC-26APR19-4500-C,47.18,0.0155,1.0,3,1553405431718,16798498,210
2019-03-24 05:34:43.409,1.0,sell,3969.96,BTC-26APR19-4500-C,47.19,0.0155,1.0,3,1553405683409,16798500,211
2019-03-24 05:38:33.813,0.7000000000000001,sell,3970.06,BTC-26APR19-4500-C,47.19,0.0155,0.7000000000000001,3,1553405913813,16798505,212
2019-03-24 10:26:34.793,1.0,sell,3973.57,BTC-26APR19-4500-C,45.94,0.0145,1.0,2,1553423194793,16800204,213
2019-03-24 10:47:48.386,10.0,buy,3975.72,BTC-26APR19-4500-C,45.91,0.0145,10.0,3,1553424468386,16800287,214
2019-03-24 12:34:28.708,0.2,sell,3969.74,BTC-26APR19-4500-C,45.68,0.014,0.2,2,1553430868708,16800804,215
2019-03-24 12:34:28.708,0.8,sell,3969.74,BTC-26APR19-4500-C,45.68,0.014,0.8,3,1553430868708,16800805,216
2019-03-24 12:52:30.440,0.2,sell,3971.89,BTC-26APR19-4500-C,45.61,0.013999999999999999,0.2,3,1553431950440,16800871,217
2019-03-24 13:05:21.755,0.2,sell,3969.95,BTC-26APR19-4500-C,45.61,0.013999999999999999,0.2,3,1553432721755,16800889,218
2019-03-24 13:05:21.795,0.2,buy,3969.95,BTC-26APR19-4500-C,45.61,0.013999999999999999,0.2,3,1553432721795,16800890,219
2019-03-24 13:05:21.844,0.2,buy,3969.95,BTC-26APR19-4500-C,45.61,0.013999999999999999,0.2,3,1553432721844,16800891,220
2019-03-24 13:05:23.388,0.4,buy,3970.34,BTC-26APR19-4500-C,45.59,0.013999999999999999,0.4,3,1553432723388,16800892,221
2019-03-24 19:06:55.300,0.2,sell,3960.04,BTC-26APR19-4500-C,45.71,0.0135,0.2,2,1553454415300,16802784,222
2019-03-25 07:23:40.801,1.0,sell,3969.89,BTC-26APR19-4500-C,46.26,0.013999999999999999,1.0,0,1553498620801,16808645,223
2019-03-25 07:23:45.379,1.0,sell,3969.96,BTC-26APR19-4500-C,46.25,0.013999999999999999,1.0,1,1553498625379,16808647,224
2019-03-25 07:23:51.265,1.0,buy,3969.98,BTC-26APR19-4500-C,46.25,0.013999999999999999,1.0,1,1553498631265,16808649,225
2019-03-25 07:24:11.123,1.0,buy,3969.98,BTC-26APR19-4500-C,46.25,0.013999999999999999,1.0,1,1553498651123,16808652,226
2019-03-25 07:26:17.363,1.0,sell,3967.41,BTC-26APR19-4500-C,46.41,0.013999999999999999,1.0,1,1553498777363,16808788,227
2019-03-25 07:26:37.169,1.0,sell,3967.31,BTC-26APR19-4500-C,46.43,0.013999999999999999,1.0,1,1553498797169,16808797,228
2019-03-25 07:26:42.967,1.0,sell,3967.18,BTC-26APR19-4500-C,46.44,0.013999999999999999,1.0,1,1553498802967,16808800,229
2019-03-25 07:26:53.007,1.0,buy,3967.18,BTC-26APR19-4500-C,46.44,0.013999999999999999,1.0,1,1553498813007,16808802,230
2019-03-25 09:58:18.723,0.2,buy,3971.71,BTC-26APR19-4500-C,46.81,0.0145,0.2,0,1553507898723,16809613,231
2019-03-25 09:58:18.723,2.8000000000000003,buy,3971.71,BTC-26APR19-4500-C,46.81,0.0145,2.8000000000000003,1,1553507898723,16809614,232
2019-03-25 10:31:44.761,3.0,sell,3969.13,BTC-26APR19-4500-C,45.83,0.0135,3.0,2,1553509904761,16809779,233
2019-03-25 12:08:18.575,0.5,sell,3964.11,BTC-26APR19-4500-C,46.1,0.0135,0.5,3,1553515698575,16810304,234
2019-03-25 12:17:51.672,10.0,sell,3959.76,BTC-26APR19-4500-C,46.32,0.0135,10.0,3,1553516271672,16810673,235
2019-03-25 12:18:01.033,10.0,sell,3959.76,BTC-26APR19-4500-C,46.31,0.0135,10.0,3,1553516281033,16810682,236
2019-03-25 12:18:41.814,2.0,sell,3957.27,BTC-26APR19-4500-C,46.51,0.0135,2.0,3,1553516321814,16810849,238
2019-03-25 12:18:41.814,1.5,sell,3957.27,BTC-26APR19-4500-C,46.51,0.0135,1.5,3,1553516321814,16810848,237
2019-03-25 12:22:56.229,1.3,sell,3960.41,BTC-26APR19-4500-C,44.44,0.012,1.3,3,1553516576229,16811001,241
2019-03-25 12:22:56.229,0.5,sell,3960.41,BTC-26APR19-4500-C,44.44,0.012,0.5,3,1553516576229,16811000,240
2019-03-25 12:22:56.229,0.2,sell,3960.41,BTC-26APR19-4500-C,44.44,0.012,0.2,2,1553516576229,16810999,239
2019-03-25 18:34:04.645,1.2,sell,3911.2,BTC-26APR19-4500-C,46.49,0.0115,1.2,2,1553538844645,16818037,242
2019-03-25 18:39:35.107,2.0,sell,3913.63,BTC-26APR19-4500-C,45.68,0.011000000000000001,2.0,2,1553539175107,16818605,243
2019-03-25 19:01:44.420,23.9,sell,3885.28,BTC-26APR19-4500-C,47.36,0.011000000000000001,23.9,3,1553540504420,16821499,244
2019-03-25 19:02:15.048,0.5,sell,3872.81,BTC-26APR19-4500-C,47.96,0.011000000000000001,0.5,3,1553540535048,16821836,245
2019-03-25 19:02:15.069,0.5,sell,3872.81,BTC-26APR19-4500-C,47.96,0.011000000000000001,0.5,3,1553540535069,16821837,246
2019-03-25 19:02:20.519,22.6,sell,3872.67,BTC-26APR19-4500-C,47.97,0.011000000000000001,22.6,3,1553540540519,16821892,247
2019-03-25 19:02:36.182,24.4,sell,3868.83,BTC-26APR19-4500-C,48.22,0.011000000000000001,24.4,3,1553540556182,16822477,248
2019-03-25 19:02:36.694,0.5,sell,3868.83,BTC-26APR19-4500-C,48.22,0.011000000000000001,0.5,3,1553540556694,16822481,249
2019-03-25 19:02:39.705,24.3,sell,3869.15,BTC-26APR19-4500-C,48.22,0.011000000000000001,24.3,3,1553540559705,16822545,250
2019-03-25 19:04:17.350,3.3000000000000003,sell,3862.1,BTC-26APR19-4500-C,48.37,0.011000000000000001,3.3000000000000003,3,1553540657350,16823345,251
2019-03-25 19:06:40.480,1.0,buy,3870.82,BTC-26APR19-4500-C,48.02,0.011000000000000001,1.0,3,1553540800480,16823973,252
2019-03-25 19:33:11.438,1.0,buy,3899.64,BTC-26APR19-4500-C,48.1,0.012,1.0,0,1553542391438,16825776,253
2019-03-25 20:25:42.326,0.1,sell,3877.03,BTC-26APR19-4500-C,46.31,0.01,0.1,2,1553545542326,16826978,254
2019-03-25 20:30:11.879,3.0,sell,3880.01,BTC-26APR19-4500-C,46.22,0.01,3.0,3,1553545811879,16827060,255
2019-03-25 20:34:39.441,1.0,sell,3879.39,BTC-26APR19-4500-C,46.21,0.01,1.0,3,1553546079441,16827115,256
2019-03-25 20:39:02.986,1.0,sell,3879.16,BTC-26APR19-4500-C,46.14,0.01,1.0,3,1553546342986,16827147,257
2019-03-25 20:39:06.836,1.0,sell,3879.27,BTC-26APR19-4500-C,46.14,0.01,1.0,3,1553546346836,16827150,258
2019-03-25 20:39:10.130,1.0,sell,3879.53,BTC-26APR19-4500-C,46.13,0.01,1.0,3,1553546350130,16827155,259
2019-03-25 20:39:28.080,1.0,sell,3879.68,BTC-26APR19-4500-C,46.14,0.01,1.0,3,1553546368080,16827160,260
2019-03-25 20:40:12.332,1.5,sell,3880.0,BTC-26APR19-4500-C,45.4,0.0095,1.5,2,1553546412332,16827171,262
2019-03-25 20:40:12.332,0.5,sell,3880.0,BTC-26APR19-4500-C,46.13,0.01,0.5,3,1553546412332,16827170,261
2019-03-25 21:28:28.516,1.0,buy,3886.26,BTC-26APR19-4500-C,48.03,0.0115,1.0,0,1553549308516,16828048,263
2019-03-25 22:36:31.302,2.0,sell,3895.54,BTC-26APR19-4500-C,45.49,0.01,2.0,2,1553553391302,16828842,264
2019-03-26 17:51:23.805,0.5,sell,3912.9,BTC-26APR19-4500-C,45.9,0.0105,0.5,0,1553622683805,16840569,265
2019-03-26 20:47:01.905,0.5,buy,3915.39,BTC-26APR19-4500-C,45.89,0.0105,0.5,1,1553633221905,16841922,266
2019-03-26 20:47:02.019,0.5,buy,3915.39,BTC-26APR19-4500-C,45.89,0.0105,0.5,1,1553633222019,16841923,267
2019-03-27 01:24:03.269,0.1,buy,3957.92,BTC-26APR19-4500-C,45.54,0.012,0.1,0,1553649843269,16847720,268
2019-03-27 02:27:35.987,10.0,buy,3969.92,BTC-26APR19-4500-C,45.6,0.0125,10.0,0,1553653655987,16850667,269
2019-03-27 02:27:35.987,2.0,buy,3969.92,BTC-26APR19-4500-C,45.6,0.0125,2.0,1,1553653655987,16850668,270
2019-03-27 02:27:36.148,2.5,sell,3969.92,BTC-26APR19-4500-C,45.6,0.0125,2.5,1,1553653656148,16850669,271
2019-03-27 03:14:27.254,48.0,buy,3971.75,BTC-26APR19-4500-C,46.25,0.013000000000000001,48.0,0,1553656467254,16851534,272
2019-03-27 03:15:38.796,10.0,buy,3970.64,BTC-26APR19-4500-C,46.25,0.013000000000000001,10.0,1,1553656538796,16851553,273
2019-03-27 03:38:42.306,10.0,buy,3971.61,BTC-26APR19-4500-C,46.86,0.0135,10.0,1,1553657922306,16851832,276
2019-03-27 03:38:42.306,6.7,buy,3971.61,BTC-26APR19-4500-C,46.86,0.0135,6.7,1,1553657922306,16851833,277
2019-03-27 03:38:42.306,0.5,buy,3971.61,BTC-26APR19-4500-C,46.86,0.0135,0.5,1,1553657922306,16851831,275
2019-03-27 03:38:42.306,12.8,buy,3971.61,BTC-26APR19-4500-C,46.86,0.0135,12.8,0,1553657922306,16851830,274
2019-03-27 03:38:57.460,0.5,buy,3971.67,BTC-26APR19-4500-C,46.86,0.0135,0.5,1,1553657937460,16851836,278
2019-03-27 03:38:57.460,12.8,buy,3971.67,BTC-26APR19-4500-C,46.86,0.0135,12.8,1,1553657937460,16851837,279
2019-03-27 03:38:57.460,5.0,buy,3971.67,BTC-26APR19-4500-C,47.49,0.013999999999999999,5.0,0,1553657937460,16851838,280
2019-03-27 03:38:57.460,9.7,buy,3971.67,BTC-26APR19-4500-C,47.49,0.013999999999999999,9.7,1,1553657937460,16851839,281
2019-03-27 04:59:18.260,20.0,buy,3975.31,BTC-26APR19-4500-C,46.76,0.0135,20.0,2,1553662758260,16852967,282
2019-03-27 04:59:47.646,2.9,buy,3975.31,BTC-26APR19-4500-C,47.39,0.013999999999999999,2.9,1,1553662787646,16852974,286
2019-03-27 04:59:47.646,3.8,buy,3975.31,BTC-26APR19-4500-C,47.39,0.013999999999999999,3.8,1,1553662787646,16852973,285
2019-03-27 04:59:47.646,12.8,buy,3975.31,BTC-26APR19-4500-C,47.39,0.013999999999999999,12.8,0,1553662787646,16852971,283
2019-03-27 04:59:47.646,0.5,buy,3975.31,BTC-26APR19-4500-C,47.39,0.013999999999999999,0.5,1,1553662787646,16852972,284
2019-03-27 09:27:46.128,8.0,sell,3984.77,BTC-26APR19-4500-C,45.67,0.013000000000000001,8.0,2,1553678866128,16855931,287
2019-03-27 09:28:52.281,8.0,sell,3984.91,BTC-26APR19-4500-C,45.64,0.013000000000000001,8.0,3,1553678932281,16855958,288
2019-03-27 10:29:33.974,0.5,buy,4009.1,BTC-26APR19-4500-C,45.0,0.0135,0.5,0,1553682573974,16859214,289
2019-03-27 10:32:11.982,1.5,buy,4010.77,BTC-26APR19-4500-C,44.94,0.0135,1.5,1,1553682731982,16859332,290
2019-03-27 11:47:10.765,0.5,buy,4024.68,BTC-26APR19-4500-C,44.74,0.014,0.5,0,1553687230765,16860916,291
2019-03-27 12:12:56.930,1.0,sell,4019.59,BTC-26APR19-4500-C,43.81,0.013,1.0,2,1553688776930,16862513,292
2019-03-27 12:47:11.259,0.1,buy,4012.75,BTC-26APR19-4500-C,44.92,0.0135,0.1,0,1553690831259,16862910,293
2019-03-27 13:58:06.423,1.0,sell,4013.98,BTC-26APR19-4500-C,45.43,0.013999999999999999,1.0,0,1553695086423,16863816,294
2019-03-27 14:02:50.609,10.0,buy,4010.77,BTC-26APR19-4500-C,45.47,0.013999999999999999,10.0,1,1553695370609,16863913,295
2019-03-27 14:02:50.794,5.0,sell,4010.77,BTC-26APR19-4500-C,45.47,0.013999999999999999,5.0,1,1553695370794,16863914,296
2019-03-27 14:08:27.339,5.0,buy,4010.61,BTC-26APR19-4500-C,46.07,0.0145,5.0,0,1553695707339,16864023,297
2019-03-27 14:30:39.571,1.0,buy,4010.03,BTC-26APR19-4500-C,46.43,0.0145,1.0,1,1553697039571,16864153,298
2019-03-27 17:07:12.156,10.0,sell,4006.75,BTC-26APR19-4500-C,45.9,0.013999999999999999,10.0,2,1553706432156,16866810,299
2019-03-27 17:15:00.500,1.0,sell,4004.49,BTC-26APR19-4500-C,46.06,0.013999999999999999,1.0,3,1553706900500,16866894,300
2019-03-27 19:51:32.114,0.6,sell,4006.69,BTC-26APR19-4500-C,45.46,0.0135,0.6,2,1553716292114,16868698,301
2019-03-28 06:05:00.163,10.0,sell,4011.31,BTC-26APR19-4500-C,44.09,0.0125,10.0,2,1553753100163,16921792,302
2019-03-28 07:50:04.706,10.0,buy,4014.71,BTC-26APR19-4500-C,44.48,0.013000000000000001,10.0,0,1553759404706,16922496,303
2019-03-28 11:08:53.314,5.0,sell,4004.89,BTC-26APR19-4500-C,44.57,0.0125,5.0,2,1553771333314,16923935,304
2019-03-28 14:54:01.768,1.0,buy,4015.21,BTC-26APR19-4500-C,44.67,0.013000000000000001,1.0,0,1553784841768,16925976,305
2019-03-28 16:25:30.415,0.1,sell,4014.62,BTC-26APR19-4500-C,44.81,0.013000000000000001,0.1,1,1553790330415,16926568,306
2019-03-28 17:49:20.297,0.9,buy,4008.45,BTC-26APR19-4500-C,45.09,0.013000000000000001,0.9,1,1553795360297,16927457,307
2019-03-28 20:28:34.260,1.0,sell,4010.93,BTC-26APR19-4500-C,45.1,0.013000000000000001,1.0,1,1553804914260,16928197,308
2019-03-28 23:07:52.628,1.0,sell,4009.72,BTC-26APR19-4500-C,45.97,0.0135,1.0,0,1553814472628,16928867,309
2019-03-29 02:13:08.673,10.0,buy,4016.05,BTC-26APR19-4500-C,46.39,0.013999999999999999,10.0,0,1553825588673,16931790,310
2019-03-29 02:13:08.673,90.0,buy,4016.05,BTC-26APR19-4500-C,46.39,0.013999999999999999,90.0,1,1553825588673,16931791,311
2019-03-29 02:28:32.749,25.0,buy,4014.34,BTC-26APR19-4500-C,46.35,0.013999999999999999,25.0,1,1553826512749,16931825,312
2019-03-29 02:35:05.725,0.8,buy,4014.7,BTC-26APR19-4500-C,46.99,0.0145,0.8,0,1553826905725,16931853,313
2019-03-29 03:44:32.237,10.0,buy,4027.9,BTC-26APR19-4500-C,46.85,0.015,10.0,0,1553831072237,16932494,314
2019-03-29 04:07:37.300,1.0,sell,4027.97,BTC-26APR19-4500-C,46.35,0.0145,1.0,2,1553832457300,16932908,315
2019-03-29 04:19:52.828,9.0,buy,4031.67,BTC-26APR19-4500-C,47.29,0.0155,9.0,0,1553833192828,16933452,316
2019-03-29 08:06:32.954,1.0,sell,4025.46,BTC-26APR19-4500-C,45.81,0.013999999999999999,1.0,2,1553846792954,16941108,317
2019-03-29 08:06:53.290,0.8,sell,4025.87,BTC-26APR19-4500-C,45.79,0.013999999999999999,0.8,3,1553846813290,16941129,318
2019-03-29 08:07:33.613,1.0,sell,4026.13,BTC-26APR19-4500-C,45.77,0.013999999999999999,1.0,3,1553846853613,16941146,319
2019-03-29 08:08:59.915,0.2,sell,4027.18,BTC-26APR19-4500-C,45.71,0.013999999999999999,0.2,3,1553846939915,16941227,320
2019-03-29 09:06:38.026,1.0,sell,4032.9,BTC-26APR19-4500-C,45.4,0.013999999999999999,1.0,3,1553850398026,16942066,321
2019-03-29 09:14:36.998,1.0,buy,4052.8,BTC-26APR19-4500-C,45.42,0.015,1.0,0,1553850876998,16942686,322
2019-03-29 09:14:37.031,1.0,buy,4052.8,BTC-26APR19-4500-C,45.42,0.015,1.0,1,1553850877031,16942687,323
2019-03-29 09:14:37.090,1.0,buy,4052.8,BTC-26APR19-4500-C,45.42,0.015,1.0,1,1553850877090,16942688,324
2019-03-29 09:14:37.204,1.0,buy,4052.8,BTC-26APR19-4500-C,45.42,0.015,1.0,1,1553850877204,16942689,325
2019-03-29 09:14:37.366,1.0,buy,4052.8,BTC-26APR19-4500-C,45.42,0.015,1.0,1,1553850877366,16942690,326
2019-03-29 09:14:37.498,1.0,buy,4052.8,BTC-26APR19-4500-C,45.42,0.015,1.0,1,1553850877498,16942691,327
2019-03-29 09:14:37.662,1.0,buy,4052.8,BTC-26APR19-4500-C,45.42,0.015,1.0,1,1553850877662,16942693,328
2019-03-29 09:14:37.686,1.0,buy,4052.8,BTC-26APR19-4500-C,45.42,0.015,1.0,1,1553850877686,16942694,329
2019-03-29 09:14:37.749,1.0,buy,4052.8,BTC-26APR19-4500-C,45.42,0.015,1.0,1,1553850877749,16942698,330
2019-03-29 09:14:37.831,1.0,buy,4052.8,BTC-26APR19-4500-C,45.42,0.015,1.0,1,1553850877831,16942699,331
2019-03-29 09:14:38.637,1.0,sell,4052.95,BTC-26APR19-4500-C,44.18,0.013999999999999999,1.0,2,1553850878637,16942708,332
2019-03-29 09:14:38.735,1.0,sell,4052.95,BTC-26APR19-4500-C,44.18,0.013999999999999999,1.0,3,1553850878735,16942711,333
2019-03-29 09:14:38.898,1.0,sell,4052.95,BTC-26APR19-4500-C,44.18,0.013999999999999999,1.0,3,1553850878898,16942714,334
2019-03-29 09:14:38.949,1.0,sell,4052.95,BTC-26APR19-4500-C,44.18,0.013999999999999999,1.0,3,1553850878949,16942717,335
2019-03-29 09:14:39.025,1.0,sell,4053.06,BTC-26APR19-4500-C,44.17,0.013999999999999999,1.0,3,1553850879025,16942721,336
2019-03-29 09:14:39.178,1.0,sell,4053.06,BTC-26APR19-4500-C,44.17,0.013999999999999999,1.0,3,1553850879178,16942727,337
2019-03-29 09:14:39.270,1.0,sell,4053.06,BTC-26APR19-4500-C,44.17,0.013999999999999999,1.0,3,1553850879270,16942731,338
2019-03-29 09:14:39.339,1.0,sell,4053.06,BTC-26APR19-4500-C,44.17,0.013999999999999999,1.0,3,1553850879339,16942733,339
2019-03-29 09:14:39.400,1.0,sell,4053.06,BTC-26APR19-4500-C,44.17,0.013999999999999999,1.0,3,1553850879400,16942738,340
2019-03-29 09:14:39.572,1.0,sell,4053.06,BTC-26APR19-4500-C,44.17,0.013999999999999999,1.0,3,1553850879572,16942743,341
2019-03-29 09:14:39.634,1.0,sell,4053.06,BTC-26APR19-4500-C,44.17,0.013999999999999999,1.0,3,1553850879634,16942748,342
2019-03-29 09:14:39.678,1.0,sell,4053.06,BTC-26APR19-4500-C,44.17,0.013999999999999999,1.0,3,1553850879678,16942754,343
2019-03-29 09:14:39.812,1.0,sell,4053.06,BTC-26APR19-4500-C,44.17,0.013999999999999999,1.0,3,1553850879812,16942759,344
2019-03-29 09:14:39.896,1.0,sell,4053.06,BTC-26APR19-4500-C,44.17,0.013999999999999999,1.0,3,1553850879896,16942776,345
2019-03-29 09:14:39.946,1.0,sell,4053.06,BTC-26APR19-4500-C,44.17,0.013999999999999999,1.0,3,1553850879946,16942780,346
2019-03-29 09:14:40.003,1.0,sell,4053.06,BTC-26APR19-4500-C,44.17,0.013999999999999999,1.0,3,1553850880003,16942786,347
2019-03-29 09:14:40.102,1.0,sell,4053.06,BTC-26APR19-4500-C,44.17,0.013999999999999999,1.0,3,1553850880102,16942790,348
2019-03-29 09:14:45.504,1.0,buy,4055.63,BTC-26APR19-4500-C,45.24,0.015,1.0,0,1553850885504,16942868,349
2019-03-29 09:14:45.840,1.0,buy,4055.63,BTC-26APR19-4500-C,45.24,0.015,1.0,1,1553850885840,16942876,350
2019-03-29 09:14:46.008,1.0,buy,4055.63,BTC-26APR19-4500-C,45.24,0.015,1.0,1,1553850886008,16942879,351
2019-03-29 09:14:46.055,1.0,buy,4055.63,BTC-26APR19-4500-C,45.24,0.015,1.0,1,1553850886055,16942886,352
2019-03-29 09:14:46.228,1.0,buy,4055.63,BTC-26APR19-4500-C,45.24,0.015,1.0,1,1553850886228,16942893,353
2019-03-29 09:14:46.336,1.0,buy,4055.63,BTC-26APR19-4500-C,45.24,0.015,1.0,1,1553850886336,16942902,354
2019-03-29 09:14:46.470,1.0,buy,4055.63,BTC-26APR19-4500-C,46.45,0.016,1.0,0,1553850886470,16942909,355
2019-03-29 09:14:46.605,1.0,buy,4055.63,BTC-26APR19-4500-C,46.45,0.016,1.0,1,1553850886605,16942913,356
2019-03-29 09:14:47.482,1.0,buy,4055.63,BTC-26APR19-4500-C,46.45,0.016,1.0,1,1553850887482,16942933,357
2019-03-29 09:14:47.882,1.0,buy,4055.63,BTC-26APR19-4500-C,46.45,0.016,1.0,1,1553850887882,16942939,358
2019-03-29 09:14:48.775,1.0,buy,4056.77,BTC-26APR19-4500-C,46.38,0.016,1.0,1,1553850888775,16942951,359
2019-03-29 09:14:49.120,1.0,buy,4056.83,BTC-26APR19-4500-C,46.37,0.016,1.0,1,1553850889120,16942957,360
2019-03-29 09:14:49.451,1.0,buy,4056.83,BTC-26APR19-4500-C,46.37,0.016,1.0,1,1553850889451,16942962,361
2019-03-29 09:17:35.531,8.2,buy,4067.87,BTC-26APR19-4500-C,45.09,0.0155,8.2,2,1553851055531,16944323,362
2019-03-29 09:18:12.167,1.8,buy,4070.71,BTC-26APR19-4500-C,44.91,0.0155,1.8,3,1553851092167,16944375,363
2019-03-29 09:18:56.254,1.0,buy,4075.43,BTC-26APR19-4500-C,45.21,0.016,1.0,0,1553851136254,16944474,364
2019-03-29 09:19:07.966,9.0,buy,4075.57,BTC-26APR19-4500-C,45.2,0.016,9.0,1,1553851147966,16944495,365
2019-03-29 09:26:24.759,0.1,sell,4058.6,BTC-26APR19-4500-C,44.45,0.0145,0.1,2,1553851584759,16945191,366
2019-03-29 09:31:12.890,9.9,buy,4057.56,BTC-26APR19-4500-C,46.34,0.016,9.9,1,1553851872890,16945562,368
2019-03-29 09:31:12.890,0.1,buy,4057.56,BTC-26APR19-4500-C,46.34,0.016,0.1,0,1553851872890,16945561,367
2019-03-29 09:55:04.295,10.0,buy,4070.4,BTC-26APR19-4500-C,45.55,0.016,10.0,1,1553853304295,16946266,369
2019-03-29 10:00:44.740,10.0,buy,4069.79,BTC-26APR19-4500-C,44.99,0.0155,10.0,2,1553853644740,16946463,370
2019-03-29 10:06:56.641,10.0,buy,4078.43,BTC-26APR19-4500-C,44.45,0.0155,10.0,3,1553854016641,16946707,371
2019-03-29 10:26:38.138,10.0,buy,4083.54,BTC-26APR19-4500-C,44.14,0.0155,10.0,3,1553855198138,16948222,372
2019-03-29 10:35:23.083,10.0,buy,4094.88,BTC-26APR19-4500-C,44.02,0.016,10.0,0,1553855723083,16952781,373
2019-03-29 10:35:31.230,10.0,buy,4094.62,BTC-26APR19-4500-C,44.04,0.016,10.0,1,1553855731230,16952788,374
2019-03-29 11:30:03.239,0.7000000000000001,buy,4083.48,BTC-26APR19-4500-C,44.77,0.016,0.7000000000000001,1,1553859003239,16954387,375
2019-03-29 11:32:52.133,1.0,buy,4087.89,BTC-26APR19-4500-C,44.5,0.016,1.0,1,1553859172133,16954438,376
2019-03-29 13:13:52.866,10.0,buy,4076.44,BTC-26APR19-4500-C,44.08,0.015,10.0,2,1553865232866,16957944,377
2019-03-29 13:15:19.202,10.0,buy,4078.76,BTC-26APR19-4500-C,43.94,0.015,10.0,3,1553865319202,16957966,378
2019-03-29 13:41:05.606,50.0,buy,4083.11,BTC-26APR19-4500-C,43.68,0.015,50.0,3,1553866865606,16958233,379
2019-03-29 13:41:33.041,23.9,buy,4083.3,BTC-26APR19-4500-C,43.67,0.015,23.9,3,1553866893041,16958234,380
2019-03-29 13:43:05.909,10.0,buy,4083.52,BTC-26APR19-4500-C,43.66,0.015,10.0,3,1553866985909,16958246,381
2019-03-29 13:50:01.423,4.5,buy,4081.06,BTC-26APR19-4500-C,43.81,0.015,4.5,3,1553867401423,16958385,382
2019-03-29 14:26:25.450,1.0,buy,4077.56,BTC-26APR19-4500-C,43.45,0.0145,1.0,2,1553869585450,16958818,383
2019-03-29 14:26:26.198,1.0,sell,4077.56,BTC-26APR19-4500-C,43.45,0.0145,1.0,3,1553869586198,16958820,384
2019-03-29 14:41:33.812,1.0,buy,4075.0,BTC-26APR19-4500-C,43.61,0.0145,1.0,3,1553870493812,16958959,385
2019-03-29 15:43:01.864,50.0,buy,4079.3,BTC-26APR19-4500-C,43.99,0.015,50.0,0,1553874181864,16959494,386
2019-03-29 16:30:27.482,50.0,sell,4078.43,BTC-26APR19-4500-C,43.46,0.0145,50.0,2,1553877027482,16959974,387
2019-03-29 17:01:33.236,100.0,buy,4082.92,BTC-26APR19-4500-C,43.8,0.015,100.0,0,1553878893236,16960194,388
2019-03-29 18:21:24.630,1.0,buy,4083.49,BTC-26APR19-4500-C,43.21,0.0145,1.0,2,1553883684630,16960512,389
2019-03-29 18:30:50.502,1.0,buy,4084.75,BTC-26APR19-4500-C,43.74,0.015,1.0,0,1553884250502,16960569,390
2019-03-29 18:37:33.369,1.0,sell,4090.04,BTC-26APR19-4500-C,43.41,0.015,1.0,1,1553884653369,16960772,391
2019-03-29 20:22:22.084,1.0,buy,4075.96,BTC-26APR19-4500-C,43.74,0.0145,1.0,2,1553890942084,16961722,392
2019-03-29 23:05:40.403,0.3,sell,4080.03,BTC-26APR19-4500-C,43.58,0.0145,0.3,3,1553900740403,16962661,393
2019-03-29 23:46:20.065,1.0,buy,4092.94,BTC-26APR19-4500-C,43.99,0.0155,1.0,0,1553903180065,16963001,394
2019-03-29 23:46:20.065,1.0,buy,4092.94,BTC-26APR19-4500-C,43.99,0.0155,1.0,1,1553903180065,16963002,395
2019-03-30 00:24:45.147,1.0,buy,4102.76,BTC-26APR19-4500-C,43.98,0.016,1.0,1,1553905485147,16963796,397
2019-03-30 00:24:45.147,0.1,buy,4102.76,BTC-26APR19-4500-C,43.98,0.016,0.1,0,1553905485147,16963795,396
2019-03-30 00:26:22.080,0.5,buy,4111.63,BTC-26APR19-4500-C,44.0,0.0165,0.5,0,1553905582080,16964273,398
2019-03-30 02:55:56.358,1.0,sell,4115.27,BTC-26APR19-4500-C,43.84,0.0165,1.0,1,1553914556358,16967579,399
2019-03-30 02:55:56.581,1.0,sell,4115.27,BTC-26APR19-4500-C,43.84,0.0165,1.0,1,1553914556581,16967580,400
2019-03-30 03:32:00.532,1.0,sell,4091.89,BTC-26APR19-4500-C,43.59,0.015,1.0,2,1553916720532,16968610,401
2019-03-30 03:32:00.712,1.0,sell,4091.89,BTC-26APR19-4500-C,43.59,0.015,1.0,3,1553916720712,16968613,402
2019-03-30 03:32:22.971,1.0,sell,4091.49,BTC-26APR19-4500-C,43.61,0.015,1.0,3,1553916742971,16968618,403
2019-03-30 03:32:25.450,2.1,sell,4091.51,BTC-26APR19-4500-C,43.61,0.015,2.1,3,1553916745450,16968619,404
2019-03-30 03:32:52.587,1.9,sell,4091.56,BTC-26APR19-4500-C,41.15,0.013000000000000001,1.9,3,1553916772587,16968626,407
2019-03-30 03:32:52.587,8.1,sell,4091.56,BTC-26APR19-4500-C,41.15,0.013000000000000001,8.1,2,1553916772587,16968624,405
2019-03-30 03:32:52.587,1.0,sell,4091.56,BTC-26APR19-4500-C,41.15,0.013000000000000001,1.0,3,1553916772587,16968625,406
2019-03-30 03:33:01.484,19.0,sell,4091.59,BTC-26APR19-4500-C,40.51,0.0125,19.0,3,1553916781484,16968628,409
2019-03-30 03:33:01.484,5.0,sell,4091.59,BTC-26APR19-4500-C,40.51,0.0125,5.0,2,1553916781484,16968627,408
2019-03-30 03:33:13.254,5.0,sell,4091.92,BTC-26APR19-4500-C,40.49,0.0125,5.0,3,1553916793254,16968637,410
2019-03-30 03:33:13.254,0.4,sell,4091.92,BTC-26APR19-4500-C,39.85,0.012,0.4,2,1553916793254,16968638,411
2019-03-30 03:33:13.254,19.3,sell,4091.92,BTC-26APR19-4500-C,39.85,0.012,19.3,3,1553916793254,16968639,412
2019-03-30 03:33:13.254,0.3,sell,4091.92,BTC-26APR19-4500-C,39.85,0.012,0.3,3,1553916793254,16968640,413
2019-03-30 06:01:59.854,0.4,buy,4093.57,BTC-26APR19-4500-C,43.56,0.015,0.4,0,1553925719854,16975623,414
2019-03-30 06:02:00.918,0.4,buy,4093.57,BTC-26APR19-4500-C,43.56,0.015,0.4,1,1553925720918,16975627,415
2019-03-30 20:48:10.274,0.5,sell,4078.72,BTC-26APR19-4500-C,43.14,0.0135,0.5,2,1553978890274,16983121,416
2019-03-30 23:04:55.678,1.0,buy,4085.4,BTC-26APR19-4500-C,44.67,0.015,1.0,0,1553987095678,16983887,417
2019-03-30 23:04:55.678,0.4,buy,4085.4,BTC-26APR19-4500-C,47.09,0.017,0.4,0,1553987095678,16983888,418
2019-03-30 23:04:55.678,3.6,buy,4085.4,BTC-26APR19-4500-C,47.09,0.017,3.6,1,1553987095678,16983889,419
2019-03-31 06:14:35.878,0.4,sell,4081.19,BTC-26APR19-4500-C,42.67,0.013000000000000001,0.4,2,1554012875878,16987016,422
2019-03-31 06:14:35.878,1.0,sell,4081.19,BTC-26APR19-4500-C,43.31,0.0135,1.0,2,1554012875878,16987015,421
2019-03-31 06:14:35.878,0.5,sell,4081.19,BTC-26APR19-4500-C,43.95,0.013999999999999999,0.5,2,1554012875878,16987014,420
2019-03-31 06:14:35.878,1.0,sell,4081.19,BTC-26APR19-4500-C,38.65,0.01,1.0,2,1554012875878,16987017,423
2019-03-31 15:11:19.331,0.7000000000000001,sell,4093.52,BTC-26APR19-4500-C,42.19,0.013,0.7000000000000001,1,1554045079331,16989629,425
2019-03-31 15:11:19.331,0.4,sell,4093.52,BTC-26APR19-4500-C,42.19,0.013,0.4,0,1554045079331,16989628,424
2019-03-31 17:34:39.186,0.2,buy,4086.79,BTC-26APR19-4500-C,44.62,0.0145,0.2,0,1554053679186,16990463,426
2019-04-01 00:43:45.726,16.5,buy,4111.46,BTC-26APR19-4500-C,42.64,0.013999999999999999,16.5,2,1554079425726,16996265,427
2019-04-01 00:43:45.892,0.1,buy,4111.46,BTC-26APR19-4500-C,42.64,0.013999999999999999,0.1,3,1554079425892,16996268,429
2019-04-01 00:43:45.892,0.9,buy,4111.46,BTC-26APR19-4500-C,42.64,0.013999999999999999,0.9,3,1554079425892,16996267,428
2019-04-01 00:43:46.654,2.0,buy,4112.76,BTC-26APR19-4500-C,42.56,0.013999999999999999,2.0,3,1554079426654,16996269,430
2019-04-01 01:23:20.234,1.0,sell,4120.05,BTC-26APR19-4500-C,41.47,0.0135,1.0,2,1554081800234,16998449,431
2019-04-01 01:31:05.685,1.0,sell,4122.06,BTC-26APR19-4500-C,42.6,0.0145,1.0,0,1554082265685,16998620,432
2019-04-01 02:40:19.024,6.6000000000000005,buy,4124.23,BTC-26APR19-4500-C,44.33,0.016,6.6000000000000005,1,1554086419024,16999300,436
2019-04-01 02:40:19.024,0.4,buy,4124.23,BTC-26APR19-4500-C,44.33,0.016,0.4,1,1554086419024,16999298,434
2019-04-01 02:40:19.024,1.0,buy,4124.23,BTC-26APR19-4500-C,44.33,0.016,1.0,1,1554086419024,16999299,435
2019-04-01 02:40:19.024,2.0,buy,4124.23,BTC-26APR19-4500-C,44.33,0.016,2.0,0,1554086419024,16999297,433
2019-04-01 02:41:54.961,1.0,buy,4123.64,BTC-26APR19-4500-C,44.98,0.0165,1.0,0,1554086514961,16999304,437
2019-04-01 02:42:06.116,2.0,buy,4123.85,BTC-26APR19-4500-C,44.96,0.0165,2.0,1,1554086526116,16999306,438
2019-04-01 03:04:19.811,2.0,buy,4122.01,BTC-26APR19-4500-C,45.1,0.0165,2.0,1,1554087859811,16999419,439
2019-04-01 03:31:10.204,1.0,buy,4118.59,BTC-26APR19-4500-C,45.35,0.0165,1.0,1,1554089470204,16999593,440
2019-04-01 03:31:16.727,3.0,buy,4118.29,BTC-26APR19-4500-C,45.37,0.0165,3.0,1,1554089476727,16999594,441
2019-04-01 03:40:23.825,1.0,sell,4125.26,BTC-26APR19-4500-C,45.5,0.017,1.0,0,1554090023825,16999706,442
2019-04-01 03:40:24.503,0.4,sell,4125.27,BTC-26APR19-4500-C,43.08,0.015,0.4,2,1554090024503,16999709,443
2019-04-01 03:43:15.815,1.0,buy,4127.34,BTC-26APR19-4500-C,44.76,0.0165,1.0,0,1554090195815,16999715,444
2019-04-01 04:01:06.638,1.0,sell,4127.3,BTC-26APR19-4500-C,44.78,0.0165,1.0,1,1554091266638,17000196,445
2019-04-01 04:01:07.044,1.0,sell,4127.3,BTC-26APR19-4500-C,44.18,0.016,1.0,2,1554091267044,17000197,446
2019-04-01 04:01:07.459,1.0,sell,4127.3,BTC-26APR19-4500-C,44.18,0.016,1.0,3,1554091267459,17000201,447
2019-04-01 04:01:07.532,0.4,sell,4127.3,BTC-26APR19-4500-C,42.96,0.015,0.4,2,1554091267532,17000202,448
2019-04-01 04:01:07.578,0.2,sell,4127.3,BTC-26APR19-4500-C,42.96,0.015,0.2,3,1554091267578,17000203,449
2019-04-01 04:01:07.578,0.8,sell,4127.3,BTC-26APR19-4500-C,42.96,0.015,0.8,3,1554091267578,17000204,450
2019-04-01 04:01:07.675,1.0,sell,4127.3,BTC-26APR19-4500-C,42.96,0.015,1.0,3,1554091267675,17000205,451
2019-04-01 05:37:54.131,9.9,buy,4118.8,BTC-26APR19-4500-C,44.2,0.0155,9.9,1,1554097074131,17001001,453
2019-04-01 05:37:54.131,0.1,buy,4118.8,BTC-26APR19-4500-C,44.2,0.0155,0.1,0,1554097074131,17001000,452
2019-04-01 12:23:40.876,8.9,sell,4121.28,BTC-26APR19-4500-C,44.28,0.0155,8.9,1,1554121420876,17004503,456
2019-04-01 12:23:40.876,1.0,sell,4121.28,BTC-26APR19-4500-C,44.28,0.0155,1.0,1,1554121420876,17004502,455
2019-04-01 12:23:40.876,0.1,sell,4121.28,BTC-26APR19-4500-C,44.28,0.0155,0.1,1,1554121420876,17004501,454
2019-04-01 15:09:29.805,0.9,sell,4135.81,BTC-26APR19-4500-C,44.61,0.0165,0.9,0,1554131369805,17007942,457
2019-04-01 15:09:48.184,0.9,sell,4135.81,BTC-26APR19-4500-C,44.61,0.0165,0.9,1,1554131388184,17007945,458
2019-04-01 15:10:38.486,0.9,sell,4135.65,BTC-26APR19-4500-C,44.63,0.0165,0.9,1,1554131438486,17007951,459
2019-04-01 15:12:23.214,6.3,sell,4136.97,BTC-26APR19-4500-C,44.54,0.0165,6.3,1,1554131543214,17007961,460
2019-04-01 15:25:40.207,1.3,sell,4137.52,BTC-26APR19-4500-C,43.9,0.016,1.3,2,1554132340207,17008051,462
2019-04-01 15:25:40.207,3.7,sell,4137.52,BTC-26APR19-4500-C,44.51,0.0165,3.7,1,1554132340207,17008050,461
2019-04-01 17:16:06.022,1.0,sell,4133.12,BTC-26APR19-4500-C,44.27,0.016,1.0,3,1554138966022,17009184,463
2019-04-01 18:14:29.805,7.7,sell,4130.16,BTC-26APR19-4500-C,44.51,0.016,7.7,3,1554142469805,17009671,464
2019-04-01 18:41:09.161,5.0,buy,4133.66,BTC-26APR19-4500-C,44.29,0.016,5.0,3,1554144069161,17009871,465
2019-04-01 19:14:43.719,1.0,sell,4131.94,BTC-26APR19-4500-C,43.81,0.0155,1.0,2,1554146083719,17010197,466
2019-04-01 19:33:51.280,1.0,sell,4131.62,BTC-26APR19-4500-C,43.85,0.0155,1.0,3,1554147231280,17010349,467
2019-04-01 19:37:07.170,1.0,sell,4132.2,BTC-26APR19-4500-C,43.81,0.0155,1.0,3,1554147427170,17010365,468
2019-04-01 20:19:21.847,1.0,sell,4131.66,BTC-26APR19-4500-C,43.87,0.0155,1.0,3,1554149961847,17010660,469
2019-04-01 22:15:24.281,0.5,sell,4132.95,BTC-26APR19-4500-C,43.86,0.0155,0.5,3,1554156924281,17011397,470
2019-04-01 23:01:53.411,1.5,sell,4139.57,BTC-26APR19-4500-C,43.43,0.0155,1.5,3,1554159713411,17011861,471
2019-04-01 23:23:55.701,1.0,buy,4139.02,BTC-26APR19-4500-C,44.71,0.0165,1.0,0,1554161035701,17012096,472
2019-04-02 02:47:30.259,0.5,sell,4174.75,BTC-26APR19-4500-C,42.93,0.017,0.5,0,1554173250259,17016968,473
2019-04-02 02:50:54.974,0.1,buy,4176.04,BTC-26APR19-4500-C,43.43,0.0175,0.1,0,1554173454974,17016995,474
2019-04-02 02:50:55.054,0.4,sell,4176.15,BTC-26APR19-4500-C,43.43,0.0175,0.4,1,1554173455054,17016996,475
2019-04-02 04:30:27.956,0.1,buy,4186.94,BTC-26APR19-4500-C,43.88,0.0185,0.1,0,1554179427956,17018803,476
2019-04-02 04:32:15.806,0.1,buy,4201.95,BTC-26APR19-4500-C,43.93,0.0195,0.1,0,1554179535806,17019359,477
2019-04-02 04:32:33.398,0.1,buy,4215.86,BTC-26APR19-4500-C,43.47,0.02,0.1,0,1554179553398,17019756,478
2019-04-02 04:33:08.405,1.0,sell,4252.46,BTC-26APR19-4500-C,40.73,0.02,1.0,1,1554179588405,17021490,479
2019-04-02 04:33:08.489,1.0,sell,4252.46,BTC-26APR19-4500-C,40.73,0.02,1.0,1,1554179588489,17021495,480
2019-04-02 04:33:10.393,1.0,sell,4252.52,BTC-26APR19-4500-C,40.73,0.02,1.0,1,1554179590393,17021561,481
2019-04-02 04:33:10.515,1.0,sell,4252.52,BTC-26APR19-4500-C,40.73,0.02,1.0,1,1554179590515,17021567,482
2019-04-02 04:33:16.191,1.0,buy,4255.29,BTC-26APR19-4500-C,43.24,0.0225,1.0,0,1554179596191,17021772,483
2019-04-02 04:33:16.361,1.0,buy,4255.29,BTC-26APR19-4500-C,43.24,0.0225,1.0,1,1554179596361,17021775,484
2019-04-02 04:33:52.608,0.3,buy,4309.5,BTC-26APR19-4500-C,51.28,0.0345,0.3,0,1554179632608,17023367,485
2019-04-02 04:34:04.849,0.1,buy,4326.32,BTC-26APR19-4500-C,57.33,0.042,0.1,0,1554179644849,17023771,486
2019-04-02 04:34:04.849,0.9,buy,4326.32,BTC-26APR19-4500-C,59.32,0.044,0.9,0,1554179644849,17023772,487
2019-04-02 04:34:59.291,0.3,buy,4336.06,BTC-26APR19-4500-C,47.01,0.0325,0.3,2,1554179699291,17024939,488
2019-04-02 04:35:53.376,0.3,buy,4357.87,BTC-26APR19-4500-C,46.62,0.034,0.3,0,1554179753376,17025723,489
2019-04-02 04:35:58.463,0.3,buy,4365.86,BTC-26APR19-4500-C,46.41,0.0345,0.3,0,1554179758463,17025872,490
2019-04-02 04:36:45.148,1.0,buy,4384.05,BTC-26APR19-4500-C,54.63,0.0445,1.0,0,1554179805148,17026423,491
2019-04-02 04:36:45.240,1.0,buy,4384.05,BTC-26APR19-4500-C,54.63,0.0445,1.0,1,1554179805240,17026427,492
2019-04-02 04:36:45.381,1.0,buy,4384.05,BTC-26APR19-4500-C,54.63,0.0445,1.0,1,1554179805381,17026428,493
2019-04-02 04:36:45.482,1.0,buy,4384.05,BTC-26APR19-4500-C,54.63,0.0445,1.0,1,1554179805482,17026429,494
2019-04-02 04:36:45.589,1.0,buy,4384.05,BTC-26APR19-4500-C,54.63,0.0445,1.0,1,1554179805589,17026434,495
2019-04-02 04:36:45.684,1.0,buy,4384.05,BTC-26APR19-4500-C,54.63,0.0445,1.0,1,1554179805684,17026435,496
2019-04-02 04:36:45.835,1.0,buy,4384.05,BTC-26APR19-4500-C,54.63,0.0445,1.0,1,1554179805835,17026443,497
2019-04-02 04:36:46.046,1.0,buy,4384.05,BTC-26APR19-4500-C,54.63,0.0445,1.0,1,1554179806046,17026446,498
2019-04-02 04:36:46.213,1.0,buy,4386.43,BTC-26APR19-4500-C,54.42,0.0445,1.0,1,1554179806213,17026449,499
2019-04-02 04:36:46.376,1.0,buy,4386.43,BTC-26APR19-4500-C,54.42,0.0445,1.0,1,1554179806376,17026450,500
2019-04-02 04:36:46.519,1.0,buy,4386.43,BTC-26APR19-4500-C,54.42,0.0445,1.0,1,1554179806519,17026451,501
2019-04-02 04:36:46.683,1.0,buy,4386.43,BTC-26APR19-4500-C,54.42,0.0445,1.0,1,1554179806683,17026456,502
2019-04-02 04:36:46.824,1.0,buy,4386.43,BTC-26APR19-4500-C,54.42,0.0445,1.0,1,1554179806824,17026460,503
2019-04-02 04:36:46.937,1.0,buy,4386.43,BTC-26APR19-4500-C,54.42,0.0445,1.0,1,1554179806937,17026461,504
2019-04-02 04:36:47.020,1.0,buy,4386.43,BTC-26APR19-4500-C,54.42,0.0445,1.0,1,1554179807020,17026462,505
2019-04-02 04:36:47.137,1.0,buy,4386.36,BTC-26APR19-4500-C,54.42,0.0445,1.0,1,1554179807137,17026463,506
2019-04-02 04:36:47.249,1.0,buy,4386.36,BTC-26APR19-4500-C,54.42,0.0445,1.0,1,1554179807249,17026464,507
2019-04-02 04:36:47.294,1.0,buy,4386.36,BTC-26APR19-4500-C,54.42,0.0445,1.0,1,1554179807294,17026465,508
2019-04-02 04:36:47.412,1.0,buy,4386.36,BTC-26APR19-4500-C,54.42,0.0445,1.0,1,1554179807412,17026466,509
2019-04-02 04:36:47.541,1.0,buy,4386.36,BTC-26APR19-4500-C,54.42,0.0445,1.0,1,1554179807541,17026472,510
2019-04-02 04:36:47.655,1.0,buy,4386.36,BTC-26APR19-4500-C,54.91,0.045,1.0,0,1554179807655,17026478,511
2019-04-02 04:36:47.761,1.0,buy,4386.36,BTC-26APR19-4500-C,54.91,0.045,1.0,1,1554179807761,17026508,512
2019-04-02 04:36:48.076,1.0,buy,4386.66,BTC-26APR19-4500-C,54.89,0.045,1.0,1,1554179808076,17026520,513
2019-04-02 04:36:48.307,1.0,buy,4386.66,BTC-26APR19-4500-C,54.89,0.045,1.0,1,1554179808307,17026529,514
2019-04-02 04:36:48.668,1.0,buy,4386.66,BTC-26APR19-4500-C,54.89,0.045,1.0,1,1554179808668,17026535,515
2019-04-02 04:36:48.732,1.0,buy,4386.66,BTC-26APR19-4500-C,54.89,0.045,1.0,1,1554179808732,17026536,516
2019-04-02 04:36:48.868,1.0,buy,4386.66,BTC-26APR19-4500-C,54.89,0.045,1.0,1,1554179808868,17026537,517
2019-04-02 04:36:54.899,1.0,buy,4387.46,BTC-26APR19-4500-C,31.01,0.021,1.0,2,1554179814899,17026587,518
2019-04-02 04:36:54.959,1.0,sell,4387.46,BTC-26APR19-4500-C,38.53,0.0285,1.0,0,1554179814959,17026588,519
2019-04-02 04:36:55.019,1.0,sell,4387.46,BTC-26APR19-4500-C,38.53,0.0285,1.0,1,1554179815019,17026593,520
2019-04-02 04:36:55.119,1.0,sell,4387.46,BTC-26APR19-4500-C,38.53,0.0285,1.0,1,1554179815119,17026597,521
2019-04-02 04:36:55.418,1.0,sell,4387.46,BTC-26APR19-4500-C,25.38,0.0155,1.0,2,1554179815418,17026602,522
2019-04-02 04:36:55.615,1.0,sell,4387.46,BTC-26APR19-4500-C,25.38,0.0155,1.0,3,1554179815615,17026610,523
2019-04-02 04:36:55.895,1.0,sell,4387.46,BTC-26APR19-4500-C,25.38,0.0155,1.0,3,1554179815895,17026619,524
2019-04-02 04:36:55.945,1.0,sell,4387.46,BTC-26APR19-4500-C,25.38,0.0155,1.0,3,1554179815945,17026620,525
2019-04-02 04:36:57.450,1.0,buy,4387.39,BTC-26APR19-4500-C,23.29,0.0135,1.0,2,1554179817450,17026632,526
2019-04-02 04:36:57.508,1.0,sell,4387.39,BTC-26APR19-4500-C,39.04,0.029,1.0,0,1554179817508,17026638,527
2019-04-02 04:36:57.618,1.0,sell,4387.39,BTC-26APR19-4500-C,39.04,0.029,1.0,1,1554179817618,17026642,528
2019-04-02 04:36:59.610,1.0,buy,4387.64,BTC-26APR19-4500-C,30.49,0.0205,1.0,2,1554179819610,17026681,529
2019-04-02 04:36:59.897,1.0,buy,4387.64,BTC-26APR19-4500-C,29.98,0.02,1.0,2,1554179819897,17026685,530
2019-04-02 04:37:00.461,1.0,buy,4390.14,BTC-26APR19-4500-C,29.26,0.0195,1.0,2,1554179820461,17026699,531
2019-04-02 04:37:00.552,1.0,buy,4390.14,BTC-26APR19-4500-C,35.8,0.026,1.0,0,1554179820552,17026707,532
2019-04-02 04:37:00.908,1.0,buy,4390.14,BTC-26APR19-4500-C,38.79,0.029,1.0,0,1554179820908,17026716,533
2019-04-02 04:37:01.100,1.0,buy,4389.98,BTC-26APR19-4500-C,41.29,0.0315,1.0,0,1554179821100,17026722,534
2019-04-02 04:37:01.380,1.0,buy,4389.98,BTC-26APR19-4500-C,40.79,0.031,1.0,2,1554179821380,17026727,535
2019-04-02 04:37:01.613,1.0,buy,4389.98,BTC-26APR19-4500-C,40.3,0.0305,1.0,2,1554179821613,17026728,536
2019-04-02 04:37:02.917,1.0,buy,4390.6,BTC-26APR19-4500-C,48.14,0.0385,1.0,0,1554179822917,17026739,537
2019-04-02 04:37:04.485,1.0,sell,4393.45,BTC-26APR19-4500-C,47.88,0.0385,1.0,1,1554179824485,17026750,538
2019-04-02 04:37:04.759,1.0,sell,4393.45,BTC-26APR19-4500-C,46.41,0.037000000000000005,1.0,2,1554179824759,17026761,539
2019-04-02 04:37:05.543,1.0,buy,4393.45,BTC-26APR19-4500-C,41.47,0.032,1.0,2,1554179825543,17026789,540
2019-04-02 04:37:05.661,1.0,buy,4393.45,BTC-26APR19-4500-C,41.47,0.032,1.0,3,1554179825661,17026805,541
2019-04-02 04:37:06.055,1.0,buy,4393.79,BTC-26APR19-4500-C,38.47,0.028999999999999998,1.0,2,1554179826055,17026839,542
2019-04-02 04:37:15.386,1.0,buy,4397.4,BTC-26APR19-4500-C,48.01,0.039,1.0,0,1554179835386,17026993,543
2019-04-02 04:37:15.433,1.0,buy,4397.4,BTC-26APR19-4500-C,48.01,0.039,1.0,1,1554179835433,17026999,544
2019-04-02 04:37:15.587,1.0,buy,4397.4,BTC-26APR19-4500-C,48.01,0.039,1.0,1,1554179835587,17027006,545
2019-04-02 04:37:15.783,1.0,sell,4397.4,BTC-26APR19-4500-C,47.03,0.038,1.0,2,1554179835783,17027012,546
2019-04-02 04:37:16.063,1.0,buy,4397.4,BTC-26APR19-4500-C,53.89,0.045,1.0,0,1554179836063,17027015,547
2019-04-02 04:37:17.073,1.0,buy,4397.44,BTC-26APR19-4500-C,53.89,0.045,1.0,1,1554179837073,17027046,548
2019-04-02 04:37:17.194,1.0,buy,4397.44,BTC-26APR19-4500-C,53.89,0.045,1.0,1,1554179837194,17027050,549
2019-04-02 04:37:17.373,1.0,buy,4397.44,BTC-26APR19-4500-C,53.89,0.045,1.0,1,1554179837373,17027057,550
2019-04-02 04:37:17.658,1.0,buy,4397.44,BTC-26APR19-4500-C,53.89,0.045,1.0,1,1554179837658,17027063,551
2019-04-02 04:37:18.155,1.0,sell,4397.44,BTC-26APR19-4500-C,51.93,0.043,1.0,2,1554179838155,17027077,552
2019-04-02 04:37:18.267,1.0,sell,4397.44,BTC-26APR19-4500-C,50.95,0.042,1.0,2,1554179838267,17027081,553
2019-04-02 04:37:18.392,1.0,sell,4397.44,BTC-26APR19-4500-C,48.99,0.04,1.0,2,1554179838392,17027085,554
2019-04-02 04:37:18.643,1.0,sell,4397.44,BTC-26APR19-4500-C,48.01,0.039,1.0,2,1554179838643,17027092,555
2019-04-02 04:37:19.321,0.3,sell,4399.16,BTC-26APR19-4500-C,37.0,0.027999999999999997,0.3,2,1554179839321,17027110,556
2019-04-02 04:37:19.562,1.0,buy,4399.16,BTC-26APR19-4500-C,30.0,0.021,1.0,2,1554179839562,17027113,557
2019-04-02 04:37:19.704,1.0,buy,4399.16,BTC-26APR19-4500-C,26.46,0.0175,1.0,2,1554179839704,17027118,558
2019-04-02 04:37:19.927,1.0,sell,4399.16,BTC-26APR19-4500-C,36.0,0.027000000000000003,1.0,0,1554179839927,17027124,559
2019-04-02 04:37:25.187,1.0,buy,4401.99,BTC-26APR19-4500-C,24.18,0.0155,1.0,2,1554179845187,17027184,560
2019-04-02 04:37:25.247,1.0,sell,4401.99,BTC-26APR19-4500-C,35.75,0.027000000000000003,1.0,0,1554179845247,17027189,561
2019-04-02 04:37:25.323,1.0,sell,4401.99,BTC-26APR19-4500-C,35.75,0.027000000000000003,1.0,1,1554179845323,17027193,562
2019-04-02 04:37:25.456,1.0,sell,4401.99,BTC-26APR19-4500-C,35.75,0.027000000000000003,1.0,1,1554179845456,17027197,563
2019-04-02 04:37:25.613,1.0,sell,4401.99,BTC-26APR19-4500-C,35.75,0.027000000000000003,1.0,1,1554179845613,17027204,564
2019-04-02 04:37:26.967,1.0,sell,4402.38,BTC-26APR19-4500-C,36.21,0.0275,1.0,0,1554179846967,17027253,565
2019-04-02 04:37:27.140,1.0,sell,4404.88,BTC-26APR19-4500-C,35.99,0.0275,1.0,1,1554179847140,17027259,566
2019-04-02 04:37:35.651,1.0,sell,4406.81,BTC-26APR19-4500-C,36.31,0.027999999999999997,1.0,0,1554179855651,17027413,567
2019-04-02 04:38:00.430,1.0,buy,4417.96,BTC-26APR19-4500-C,43.16,0.036000000000000004,1.0,0,1554179880430,17027879,568
2019-04-02 04:38:00.732,1.0,buy,4417.96,BTC-26APR19-4500-C,44.14,0.037000000000000005,1.0,0,1554179880732,17027889,569
2019-04-02 04:38:07.801,1.0,buy,4421.24,BTC-26APR19-4500-C,46.29,0.0395,1.0,0,1554179887801,17028016,570
2019-04-02 04:38:08.433,1.0,buy,4421.72,BTC-26APR19-4500-C,43.3,0.0365,1.0,2,1554179888433,17028024,571
2019-04-02 04:38:08.628,1.0,buy,4421.72,BTC-26APR19-4500-C,43.79,0.037000000000000005,1.0,0,1554179888628,17028031,572
2019-04-02 04:38:09.087,1.0,sell,4421.15,BTC-26APR19-4500-C,51.18,0.0445,1.0,0,1554179889087,17028049,573
2019-04-02 04:38:09.501,1.0,sell,4421.15,BTC-26APR19-4500-C,50.2,0.0435,1.0,2,1554179889501,17028052,574
2019-04-02 04:38:09.669,1.0,sell,4421.15,BTC-26APR19-4500-C,50.69,0.044000000000000004,1.0,0,1554179889669,17028056,575
2019-04-02 04:38:09.857,1.0,buy,4421.15,BTC-26APR19-4500-C,42.38,0.0355,1.0,2,1554179889857,17028059,576
2019-04-02 04:38:10.404,1.0,buy,4421.56,BTC-26APR19-4500-C,46.74,0.04,1.0,0,1554179890404,17028067,577
2019-04-02 04:38:10.955,1.0,buy,4421.56,BTC-26APR19-4500-C,39.89,0.033,1.0,2,1554179890955,17028074,578
2019-04-02 04:38:11.249,1.0,buy,4421.57,BTC-26APR19-4500-C,41.36,0.0345,1.0,0,1554179891249,17028079,579
2019-04-02 04:38:11.478,1.0,buy,4421.57,BTC-26APR19-4500-C,43.32,0.0365,1.0,0,1554179891478,17028087,580
2019-04-02 04:38:11.799,1.0,buy,4421.57,BTC-26APR19-4500-C,43.81,0.037000000000000005,1.0,0,1554179891799,17028090,581
2019-04-02 04:38:13.950,1.0,buy,4423.01,BTC-26APR19-4500-C,40.73,0.034,1.0,2,1554179893950,17028124,582
2019-04-02 04:38:14.082,1.0,buy,4423.01,BTC-26APR19-4500-C,38.77,0.032,1.0,2,1554179894082,17028129,583
2019-04-02 04:38:14.180,1.0,buy,4423.01,BTC-26APR19-4500-C,40.24,0.0335,1.0,0,1554179894180,17028131,584
2019-04-02 04:38:28.655,1.0,buy,4425.66,BTC-26APR19-4500-C,44.4,0.038,1.0,0,1554179908655,17028417,585
2019-04-02 04:40:19.450,8.0,buy,4475.93,BTC-26APR19-4500-C,46.34,0.045,8.0,0,1554180019450,17030286,586
2019-04-02 04:42:28.027,7.2,sell,4468.59,BTC-26APR19-4500-C,37.33,0.035,7.2,2,1554180148027,17031904,587
2019-04-02 04:42:28.030,2.8000000000000003,buy,4468.59,BTC-26APR19-4500-C,37.33,0.035,2.8000000000000003,3,1554180148030,17031905,588
2019-04-02 04:49:59.114,1.0,buy,4540.09,BTC-26APR19-4500-C,41.58,0.047,1.0,0,1554180599114,17035498,589
2019-04-02 04:50:57.520,1.0,buy,4584.52,BTC-26APR19-4500-C,37.98,0.0485,1.0,0,1554180657520,17036657,590
2019-04-02 04:51:18.762,7.2,buy,4594.91,BTC-26APR19-4500-C,36.72,0.0485,7.2,1,1554180678762,17036924,591
2019-04-02 04:51:19.522,7.2,buy,4596.94,BTC-26APR19-4500-C,36.47,0.0485,7.2,1,1554180679522,17036928,592
2019-04-02 04:51:23.166,7.0,buy,4598.13,BTC-26APR19-4500-C,35.82,0.048,7.0,2,1554180683166,17036949,593
2019-04-02 04:51:23.166,0.2,buy,4598.13,BTC-26APR19-4500-C,36.33,0.0485,0.2,0,1554180683166,17036950,594
2019-04-02 04:51:31.732,4.4,buy,4599.45,BTC-26APR19-4500-C,36.16,0.0485,4.4,1,1554180691732,17036975,595
2019-04-02 04:51:45.906,7.2,buy,4603.37,BTC-26APR19-4500-C,36.18,0.049,7.2,0,1554180705906,17037117,596
2019-04-02 04:51:48.100,7.2,buy,4606.8,BTC-26APR19-4500-C,35.75,0.049,7.2,1,1554180708100,17037132,597
2019-04-02 04:51:51.539,5.6000000000000005,buy,4611.2,BTC-26APR19-4500-C,35.19,0.049,5.6000000000000005,1,1554180711539,17037182,598
2019-04-02 04:53:06.730,0.5,buy,4674.3,BTC-26APR19-4500-C,43.6,0.065,0.5,0,1554180786730,17038244,599
2019-04-02 04:53:56.626,15.0,buy,4754.98,BTC-26APR19-4500-C,34.29,0.0675,15.0,0,1554180836626,17039281,600
2019-04-02 04:53:56.704,10.0,buy,4754.98,BTC-26APR19-4500-C,34.29,0.0675,10.0,1,1554180836704,17039296,601
2019-04-02 04:54:09.544,12.2,buy,4759.77,BTC-26APR19-4500-C,33.44,0.0675,12.2,1,1554180849544,17039718,602
2019-04-02 04:54:36.379,8.4,buy,4757.95,BTC-26APR19-4500-C,33.77,0.0675,8.4,1,1554180876379,17040489,603
2019-04-02 04:54:36.981,4.4,buy,4757.95,BTC-26APR19-4500-C,33.77,0.0675,4.4,1,1554180876981,17040516,604
2019-04-02 04:54:37.251,0.5,buy,4756.15,BTC-26APR19-4500-C,42.9,0.075,0.5,0,1554180877251,17040526,605
2019-04-02 04:54:48.611,0.5,buy,4772.51,BTC-26APR19-4500-C,40.33,0.075,0.5,1,1554180888611,17040865,606
2019-04-02 04:56:15.880,1.0,buy,4758.44,BTC-26APR19-4500-C,42.55,0.075,1.0,1,1554180975880,17042129,607
2019-04-02 04:56:39.965,2.0,buy,4761.59,BTC-26APR19-4500-C,33.74,0.068,2.0,2,1554180999965,17042450,608
2019-04-02 04:58:20.279,2.0,buy,4683.79,BTC-26APR19-4500-C,36.4,0.0595,2.0,2,1554181100279,17043912,609
2019-04-02 05:03:21.860,7.2,buy,4707.81,BTC-26APR19-4500-C,41.13,0.067,7.2,0,1554181401860,17046912,610
2019-04-02 05:03:30.876,7.2,buy,4712.81,BTC-26APR19-4500-C,40.41,0.067,7.2,1,1554181410876,17047066,611
2019-04-02 05:04:16.264,7.2,buy,4737.12,BTC-26APR19-4500-C,36.69,0.067,7.2,1,1554181456264,17047592,612
2019-04-02 05:04:24.745,5.0,buy,4735.51,BTC-26APR19-4500-C,36.95,0.067,5.0,1,1554181464745,17047632,613
2019-04-02 05:04:46.444,0.5,buy,4731.07,BTC-26APR19-4500-C,37.65,0.067,0.5,1,1554181486444,17047796,614
2019-04-02 05:04:51.651,2.0,sell,4731.67,BTC-26APR19-4500-C,33.48,0.0635,2.0,2,1554181491651,17047821,615
2019-04-02 05:04:53.018,23.0,buy,4731.67,BTC-26APR19-4500-C,37.56,0.067,23.0,0,1554181493018,17047876,616
2019-04-02 05:04:54.344,5.0,buy,4732.22,BTC-26APR19-4500-C,37.47,0.067,5.0,1,1554181494344,17047897,617
2019-04-02 05:04:54.836,2.0,sell,4732.22,BTC-26APR19-4500-C,33.39,0.0635,2.0,2,1554181494836,17047943,618
2019-04-02 05:05:09.014,3.0,buy,4741.11,BTC-26APR19-4500-C,36.04,0.067,3.0,0,1554181509014,17048110,619
2019-04-02 05:05:14.570,0.4,buy,4732.09,BTC-26APR19-4500-C,34.59,0.0645,0.4,2,1554181514570,17048197,620
2019-04-02 05:05:14.570,2.6,buy,4732.09,BTC-26APR19-4500-C,37.49,0.067,2.6,0,1554181514570,17048198,621
2019-04-02 05:05:26.681,7.2,buy,4719.79,BTC-26APR19-4500-C,39.38,0.067,7.2,1,1554181526681,17048300,622
2019-04-02 05:06:24.102,7.2,buy,4715.6,BTC-26APR19-4500-C,40.0,0.067,7.2,1,1554181584102,17048660,623
2019-04-02 05:09:35.449,20.9,buy,4702.02,BTC-26APR19-4500-C,41.96,0.067,20.9,1,1554181775449,17049978,624
2019-04-02 05:09:40.184,7.2,sell,4708.05,BTC-26APR19-4500-C,48.12,0.0735,7.2,0,1554181780184,17050078,625
2019-04-02 05:11:07.425,1.0,sell,4721.3,BTC-26APR19-4500-C,39.15,0.067,1.0,2,1554181867425,17050714,626
2019-04-02 05:14:00.380,0.1,buy,4722.48,BTC-26APR19-4500-C,47.23,0.0745,0.1,0,1554182040380,17051430,627
2019-04-02 05:14:37.434,1.0,buy,4724.95,BTC-26APR19-4500-C,49.6,0.077,1.0,0,1554182077434,17051535,628
2019-04-02 05:14:37.512,1.0,buy,4724.95,BTC-26APR19-4500-C,49.6,0.077,1.0,1,1554182077512,17051536,629
2019-04-02 05:14:37.600,1.0,buy,4724.95,BTC-26APR19-4500-C,49.6,0.077,1.0,1,1554182077600,17051540,630
2019-04-02 05:14:37.726,1.0,buy,4724.95,BTC-26APR19-4500-C,49.6,0.077,1.0,1,1554182077726,17051542,631
2019-04-02 05:14:37.833,1.0,buy,4724.95,BTC-26APR19-4500-C,49.6,0.077,1.0,1,1554182077833,17051544,632
2019-04-02 05:14:37.917,1.0,buy,4724.95,BTC-26APR19-4500-C,49.6,0.077,1.0,1,1554182077917,17051546,633
2019-04-02 05:14:38.022,1.0,buy,4724.95,BTC-26APR19-4500-C,49.6,0.077,1.0,1,1554182078022,17051548,634
2019-04-02 05:14:38.113,1.0,buy,4724.24,BTC-26APR19-4500-C,49.69,0.077,1.0,1,1554182078113,17051552,635
2019-04-02 05:14:38.205,1.0,buy,4724.24,BTC-26APR19-4500-C,49.69,0.077,1.0,1,1554182078205,17051556,636
2019-04-02 05:14:38.395,1.0,buy,4724.24,BTC-26APR19-4500-C,49.69,0.077,1.0,1,1554182078395,17051577,637
2019-04-02 05:14:38.735,1.0,buy,4724.24,BTC-26APR19-4500-C,51.84,0.079,1.0,0,1554182078735,17051591,638
2019-04-02 05:15:01.127,1.0,buy,4723.34,BTC-26APR19-4500-C,51.96,0.079,1.0,1,1554182101127,17051898,639
2019-04-02 05:15:01.286,1.0,buy,4723.34,BTC-26APR19-4500-C,51.96,0.079,1.0,1,1554182101286,17051900,640
2019-04-02 05:15:01.765,1.0,buy,4723.34,BTC-26APR19-4500-C,51.96,0.079,1.0,1,1554182101765,17051920,641
2019-04-02 05:15:02.589,1.0,buy,4721.75,BTC-26APR19-4500-C,52.17,0.079,1.0,1,1554182102589,17051922,642
2019-04-02 05:15:32.803,1.0,buy,4735.01,BTC-26APR19-4500-C,50.39,0.079,1.0,1,1554182132803,17052194,643
2019-04-02 05:15:32.903,1.0,buy,4735.01,BTC-26APR19-4500-C,50.39,0.079,1.0,1,1554182132903,17052195,644
2019-04-02 05:15:33.181,1.0,buy,4733.83,BTC-26APR19-4500-C,50.55,0.079,1.0,1,1554182133181,17052200,645
2019-04-02 05:15:33.287,1.0,buy,4733.83,BTC-26APR19-4500-C,50.55,0.079,1.0,1,1554182133287,17052201,646
2019-04-02 05:15:33.766,1.0,buy,4733.83,BTC-26APR19-4500-C,50.55,0.079,1.0,1,1554182133766,17052203,647
2019-04-02 05:15:34.905,1.0,sell,4733.32,BTC-26APR19-4500-C,41.84,0.071,1.0,2,1554182134905,17052212,648
2019-04-02 05:15:35.264,1.0,sell,4734.64,BTC-26APR19-4500-C,42.76,0.07200000000000001,1.0,0,1554182135264,17052214,649
2019-04-02 05:15:36.071,1.0,buy,4734.78,BTC-26APR19-4500-C,50.42,0.079,1.0,0,1554182136071,17052217,650
2019-04-02 05:15:36.233,1.0,buy,4734.78,BTC-26APR19-4500-C,50.42,0.079,1.0,1,1554182136233,17052221,651
2019-04-02 05:15:36.370,1.0,sell,4734.78,BTC-26APR19-4500-C,42.18,0.0715,1.0,2,1554182136370,17052223,652
2019-04-02 05:15:37.220,1.0,buy,4734.78,BTC-26APR19-4500-C,50.42,0.079,1.0,0,1554182137220,17052225,653
2019-04-02 05:15:37.484,1.0,buy,4734.78,BTC-26APR19-4500-C,42.74,0.07200000000000001,1.0,2,1554182137484,17052227,654
2019-04-02 05:15:37.893,1.0,buy,4734.78,BTC-26APR19-4500-C,50.42,0.079,1.0,0,1554182137893,17052230,655
2019-04-02 05:15:38.087,1.0,buy,4735.28,BTC-26APR19-4500-C,41.54,0.071,1.0,2,1554182138087,17052235,656
2019-04-02 05:15:38.598,1.0,buy,4735.28,BTC-26APR19-4500-C,42.1,0.0715,1.0,0,1554182138598,17052237,657
2019-04-02 05:15:38.685,1.0,buy,4735.28,BTC-26APR19-4500-C,50.35,0.079,1.0,0,1554182138685,17052238,658
2019-04-02 05:15:38.818,1.0,buy,4735.28,BTC-26APR19-4500-C,40.42,0.07,1.0,2,1554182138818,17052241,659
2019-04-02 05:15:38.947,1.0,buy,4735.28,BTC-26APR19-4500-C,42.1,0.0715,1.0,0,1554182138947,17052245,660
2019-04-02 05:15:39.133,1.0,buy,4735.21,BTC-26APR19-4500-C,50.36,0.079,1.0,0,1554182139133,17052246,661
2019-04-02 05:15:41.641,1.0,sell,4735.21,BTC-26APR19-4500-C,46.0,0.075,1.0,2,1554182141641,17052289,662
2019-04-02 05:15:41.702,1.0,sell,4735.21,BTC-26APR19-4500-C,46.0,0.075,1.0,3,1554182141702,17052290,663
2019-04-02 05:15:41.977,1.0,sell,4735.21,BTC-26APR19-4500-C,46.0,0.075,1.0,3,1554182141977,17052298,664
2019-04-02 05:15:42.039,1.0,sell,4735.21,BTC-26APR19-4500-C,46.0,0.075,1.0,3,1554182142039,17052302,665
2019-04-02 05:15:42.101,1.0,sell,4735.21,BTC-26APR19-4500-C,46.0,0.075,1.0,3,1554182142101,17052306,666
2019-04-02 05:15:42.220,1.0,sell,4735.21,BTC-26APR19-4500-C,46.0,0.075,1.0,3,1554182142220,17052307,667
2019-04-02 05:15:44.037,1.0,buy,4734.94,BTC-26APR19-4500-C,50.4,0.079,1.0,0,1554182144037,17052314,668
2019-04-02 05:15:44.154,1.0,buy,4734.94,BTC-26APR19-4500-C,50.4,0.079,1.0,1,1554182144154,17052317,669
2019-04-02 05:15:44.233,1.0,buy,4734.94,BTC-26APR19-4500-C,50.4,0.079,1.0,1,1554182144233,17052320,670
2019-04-02 05:15:44.653,1.0,buy,4734.94,BTC-26APR19-4500-C,42.71,0.07200000000000001,1.0,2,1554182144653,17052323,671
2019-04-02 05:15:44.785,1.0,buy,4734.94,BTC-26APR19-4500-C,50.4,0.079,1.0,0,1554182144785,17052325,672
2019-04-02 05:15:45.016,1.0,buy,4734.94,BTC-26APR19-4500-C,42.71,0.07200000000000001,1.0,2,1554182145016,17052329,673
2019-04-02 05:15:45.222,1.0,buy,4734.94,BTC-26APR19-4500-C,42.71,0.07200000000000001,1.0,3,1554182145222,17052331,674
2019-04-02 05:15:45.581,1.0,sell,4734.94,BTC-26APR19-4500-C,42.71,0.07200000000000001,1.0,3,1554182145581,17052334,675
2019-04-02 05:15:45.656,1.0,sell,4734.94,BTC-26APR19-4500-C,42.71,0.07200000000000001,1.0,3,1554182145656,17052336,676
2019-04-02 05:15:45.832,1.0,buy,4734.94,BTC-26APR19-4500-C,50.94,0.0795,1.0,0,1554182145832,17052337,677
2019-04-02 05:15:56.179,1.0,buy,4733.98,BTC-26APR19-4500-C,46.17,0.075,1.0,2,1554182156179,17052389,678
2019-04-02 05:15:57.643,1.0,buy,4733.98,BTC-26APR19-4500-C,51.07,0.0795,1.0,0,1554182157643,17052412,679
2019-04-02 05:15:58.040,1.0,buy,4733.98,BTC-26APR19-4500-C,42.85,0.07200000000000001,1.0,2,1554182158040,17052423,680
2019-04-02 05:16:24.549,1.0,sell,4753.38,BTC-26APR19-4500-C,43.9,0.0755,1.0,0,1554182184549,17052815,681
2019-04-02 05:16:27.827,1.0,buy,4755.79,BTC-26APR19-4500-C,42.97,0.075,1.0,2,1554182187827,17052873,682
2019-04-02 05:16:27.868,1.0,buy,4755.79,BTC-26APR19-4500-C,48.02,0.0795,1.0,0,1554182187868,17052875,683
2019-04-02 05:16:28.392,1.0,buy,4756.98,BTC-26APR19-4500-C,47.85,0.0795,1.0,1,1554182188392,17052882,684
2019-04-02 05:16:28.487,1.0,buy,4756.98,BTC-26APR19-4500-C,47.85,0.0795,1.0,1,1554182188487,17052887,685
2019-04-02 05:16:28.609,1.0,buy,4756.98,BTC-26APR19-4500-C,47.85,0.0795,1.0,1,1554182188609,17052894,686
2019-04-02 05:16:30.799,1.0,sell,4759.27,BTC-26APR19-4500-C,43.01,0.0755,1.0,2,1554182190799,17052964,687
2019-04-02 05:16:32.023,1.0,sell,4759.34,BTC-26APR19-4500-C,43.57,0.076,1.0,0,1554182192023,17052972,688
2019-04-02 05:16:35.034,1.0,sell,4762.32,BTC-26APR19-4500-C,42.54,0.0755,1.0,2,1554182195034,17053012,689
2019-04-02 05:16:35.545,1.0,buy,4762.73,BTC-26APR19-4500-C,47.02,0.0795,1.0,0,1554182195545,17053021,690
2019-04-02 05:16:35.761,1.0,sell,4762.73,BTC-26APR19-4500-C,43.05,0.076,1.0,2,1554182195761,17053024,691
2019-04-02 05:17:16.961,6.2,buy,4791.08,BTC-26APR19-4500-C,42.65,0.0795,6.2,0,1554182236961,17053578,693
2019-04-02 05:17:16.961,1.0,buy,4791.08,BTC-26APR19-4500-C,42.06,0.079,1.0,0,1554182236961,17053577,692
2019-04-02 05:17:17.717,1.0,buy,4795.38,BTC-26APR19-4500-C,41.35,0.079,1.0,2,1554182237717,17053605,694
2019-04-02 05:17:17.761,1.0,sell,4795.38,BTC-26APR19-4500-C,41.35,0.079,1.0,3,1554182237761,17053607,695
2019-04-02 05:17:18.057,1.0,sell,4797.09,BTC-26APR19-4500-C,41.06,0.079,1.0,3,1554182238057,17053611,696
2019-04-02 05:17:19.633,1.0,sell,4794.99,BTC-26APR19-4500-C,41.41,0.079,1.0,3,1554182239633,17053639,697
2019-04-02 05:17:19.789,6.8,buy,4794.99,BTC-26APR19-4500-C,42.01,0.0795,6.8,0,1554182239789,17053642,698
2019-04-02 05:17:20.411,0.4,sell,4794.18,BTC-26APR19-4500-C,42.74,0.08,0.4,0,1554182240411,17053651,699
2019-04-02 05:17:20.411,0.6,sell,4794.18,BTC-26APR19-4500-C,41.55,0.079,0.6,2,1554182240411,17053652,700
2019-04-02 05:17:20.755,1.0,sell,4794.18,BTC-26APR19-4500-C,41.55,0.079,1.0,3,1554182240755,17053666,701
2019-04-02 05:17:20.918,1.0,sell,4794.18,BTC-26APR19-4500-C,41.55,0.079,1.0,3,1554182240918,17053668,702
2019-04-02 05:17:21.550,1.0,sell,4796.18,BTC-26APR19-4500-C,41.22,0.079,1.0,3,1554182241550,17053672,703
2019-04-02 05:17:23.704,1.0,sell,4799.61,BTC-26APR19-4500-C,40.64,0.079,1.0,3,1554182243704,17053699,704
2019-04-02 05:17:23.966,0.9,sell,4799.61,BTC-26APR19-4500-C,40.64,0.079,0.9,3,1554182243966,17053704,705
2019-04-02 05:17:25.623,0.9,buy,4802.65,BTC-26APR19-4500-C,40.12,0.079,0.9,3,1554182245623,17053746,707
2019-04-02 05:17:25.623,0.1,buy,4802.65,BTC-26APR19-4500-C,40.12,0.079,0.1,3,1554182245623,17053745,706
2019-04-02 05:17:26.288,0.1,sell,4802.87,BTC-26APR19-4500-C,40.69,0.0795,0.1,0,1554182246288,17053759,708
2019-04-02 05:17:26.528,1.0,sell,4802.87,BTC-26APR19-4500-C,40.69,0.0795,1.0,1,1554182246528,17053761,709
2019-04-02 05:17:26.658,1.0,sell,4802.87,BTC-26APR19-4500-C,40.69,0.0795,1.0,1,1554182246658,17053763,710
2019-04-02 05:17:26.693,1.0,sell,4802.87,BTC-26APR19-4500-C,40.69,0.0795,1.0,1,1554182246693,17053764,711
2019-04-02 05:17:27.471,1.0,sell,4805.69,BTC-26APR19-4500-C,40.21,0.0795,1.0,1,1554182247471,17053772,712
2019-04-02 05:17:28.021,1.0,sell,4805.69,BTC-26APR19-4500-C,40.21,0.0795,1.0,1,1554182248021,17053786,713
2019-04-02 05:17:28.569,1.0,sell,4809.11,BTC-26APR19-4500-C,39.61,0.0795,1.0,1,1554182248569,17053812,714
2019-04-02 05:17:28.976,1.0,sell,4809.11,BTC-26APR19-4500-C,39.61,0.0795,1.0,1,1554182248976,17053821,715
2019-04-02 05:17:29.029,1.0,sell,4809.11,BTC-26APR19-4500-C,39.61,0.0795,1.0,1,1554182249029,17053829,716
2019-04-02 05:17:29.073,1.0,sell,4811.13,BTC-26APR19-4500-C,39.25,0.0795,1.0,1,1554182249073,17053830,717
2019-04-02 05:17:29.119,0.3,sell,4811.13,BTC-26APR19-4500-C,39.25,0.0795,0.3,1,1554182249119,17053832,719
2019-04-02 05:17:29.119,0.7000000000000001,sell,4811.13,BTC-26APR19-4500-C,39.25,0.0795,0.7000000000000001,1,1554182249119,17053831,718
2019-04-02 05:17:29.175,0.3,sell,4811.13,BTC-26APR19-4500-C,39.25,0.0795,0.3,1,1554182249175,17053835,721
2019-04-02 05:17:29.175,0.7000000000000001,sell,4811.13,BTC-26APR19-4500-C,39.25,0.0795,0.7000000000000001,1,1554182249175,17053834,720
2019-04-02 05:17:29.333,1.0,sell,4811.13,BTC-26APR19-4500-C,39.25,0.0795,1.0,1,1554182249333,17053838,722
2019-04-02 05:17:29.364,1.0,sell,4811.13,BTC-26APR19-4500-C,39.25,0.0795,1.0,1,1554182249364,17053839,723
2019-04-02 05:17:29.926,1.0,sell,4811.13,BTC-26APR19-4500-C,39.25,0.0795,1.0,1,1554182249926,17053858,724
2019-04-02 05:17:30.879,1.0,sell,4813.05,BTC-26APR19-4500-C,38.9,0.0795,1.0,1,1554182250879,17053887,725
2019-04-02 05:17:30.986,1.0,sell,4813.05,BTC-26APR19-4500-C,38.9,0.0795,1.0,1,1554182250986,17053890,726
2019-04-02 05:17:31.015,1.0,sell,4813.05,BTC-26APR19-4500-C,38.9,0.0795,1.0,1,1554182251015,17053891,727
2019-04-02 05:18:47.581,0.5,buy,4902.63,BTC-26APR19-4500-C,105.97,0.15,0.5,0,1554182327581,17055994,729
2019-04-02 05:18:47.581,0.5,buy,4902.63,BTC-26APR19-4500-C,148.72,0.19,0.5,0,1554182327581,17055995,730
2019-04-02 05:18:47.581,2.0,buy,4902.63,BTC-26APR19-4500-C,159.35,0.2,2.0,0,1554182327581,17055996,731
2019-04-02 05:18:47.581,0.5,buy,4902.63,BTC-26APR19-4500-C,191.25,0.23,0.5,0,1554182327581,17055997,732
2019-04-02 05:18:47.581,0.5,buy,4902.63,BTC-26APR19-4500-C,42.44,0.095,0.5,0,1554182327581,17055993,728
2019-04-02 05:18:55.813,1.0,sell,4896.31,BTC-26APR19-4500-C,55.76,0.1045,1.0,2,1554182335813,17056221,733
2019-04-02 05:18:56.442,2.5,buy,4894.31,BTC-26APR19-4500-C,42.71,0.094,2.5,2,1554182336442,17056247,734
2019-04-02 05:18:57.818,3.4,buy,4895.76,BTC-26APR19-4500-C,42.42,0.094,3.4,3,1554182337818,17056287,735
2019-04-02 05:19:03.139,4.0,buy,4895.66,BTC-26APR19-4500-C,42.44,0.094,4.0,3,1554182343139,17056396,736
2019-04-02 05:19:08.658,3.7,buy,4902.43,BTC-26APR19-4500-C,41.08,0.094,3.7,3,1554182348658,17056521,737
2019-04-02 05:19:14.169,3.7,buy,4900.72,BTC-26APR19-4500-C,41.43,0.094,3.7,3,1554182354169,17056551,738
2019-04-02 05:19:17.325,2.5,buy,4904.09,BTC-26APR19-4500-C,40.74,0.094,2.5,3,1554182357325,17056587,739
2019-04-02 05:19:20.492,2.5,buy,4901.36,BTC-26APR19-4500-C,41.3,0.094,2.5,3,1554182360492,17056626,740
2019-04-02 05:19:32.409,2.5,buy,4904.77,BTC-26APR19-4500-C,40.6,0.094,2.5,3,1554182372409,17056802,741
2019-04-02 05:19:37.811,2.5,buy,4909.45,BTC-26APR19-4500-C,39.6,0.094,2.5,3,1554182377811,17056905,742
2019-04-02 05:19:40.327,0.6,buy,4924.88,BTC-26APR19-4500-C,36.01,0.094,0.6,3,1554182380327,17056952,743
2019-04-02 05:19:43.100,0.5,buy,4937.36,BTC-26APR19-4500-C,32.62,0.094,0.5,3,1554182383100,17057052,744
2019-04-02 05:19:46.974,13.6,buy,4940.32,BTC-26APR19-4500-C,31.71,0.094,13.6,3,1554182386974,17057145,745
2019-04-02 05:20:26.668,1.0,buy,4971.75,BTC-26APR19-4500-C,67.1,0.1235,1.0,0,1554182426668,17057999,746
2019-04-02 05:20:53.564,1.0,buy,4985.42,BTC-26APR19-4500-C,68.67,0.1265,1.0,0,1554182453564,17058485,747
2019-04-02 05:21:51.950,0.8,buy,5033.28,BTC-26APR19-4500-C,62.22,0.1275,0.8,0,1554182511950,17059586,748
2019-04-02 05:21:52.110,0.8,sell,5031.27,BTC-26APR19-4500-C,52.22,0.12,0.8,2,1554182512110,17059593,750
2019-04-02 05:21:52.110,0.2,sell,5031.27,BTC-26APR19-4500-C,62.56,0.1275,0.2,1,1554182512110,17059592,749
2019-04-02 05:25:32.126,1.0,sell,4985.98,BTC-26APR19-4500-C,55.25,0.11599999999999999,1.0,2,1554182732126,17063369,751
2019-04-02 05:25:41.712,1.0,sell,4993.54,BTC-26APR19-4500-C,40.39,0.107,1.0,2,1554182741712,17063464,752
2019-04-02 05:26:10.107,1.0,sell,4980.04,BTC-26APR19-4500-C,44.38,0.1075,1.0,0,1554182770107,17063707,753
2019-04-02 05:26:22.123,3.0,sell,4978.26,BTC-26APR19-4500-C,43.24,0.1065,3.0,2,1554182782123,17063795,754
2019-04-02 05:26:30.975,2.0,sell,4976.23,BTC-26APR19-4500-C,42.14,0.1055,2.0,2,1554182790975,17063850,756
2019-04-02 05:26:30.975,1.0,sell,4976.23,BTC-26APR19-4500-C,42.93,0.106,1.0,2,1554182790975,17063849,755
2019-04-02 05:26:48.113,1.0,sell,4970.68,BTC-26APR19-4500-C,41.85,0.1045,1.0,2,1554182808113,17064064,757
2019-04-02 05:26:53.073,1.0,sell,4970.26,BTC-26APR19-4500-C,41.95,0.1045,1.0,3,1554182813073,17064113,758
2019-04-02 05:27:03.592,1.0,sell,4970.61,BTC-26APR19-4500-C,41.08,0.10400000000000001,1.0,2,1554182823592,17064234,759
2019-04-02 05:27:33.368,1.0,sell,4976.08,BTC-26APR19-4500-C,38.04,0.10300000000000001,1.0,2,1554182853368,17064555,760
2019-04-02 05:27:34.684,1.0,sell,4976.33,BTC-26APR19-4500-C,0.0,0.067,1.0,2,1554182854684,17064561,761
2019-04-02 05:27:45.182,1.0,sell,4981.97,BTC-26APR19-4500-C,37.34,0.1035,1.0,0,1554182865182,17064637,762
2019-04-02 05:28:12.013,1.0,sell,4981.45,BTC-26APR19-4500-C,39.23,0.1045,1.0,0,1554182892013,17064962,763
2019-04-02 05:28:31.681,3.0,buy,4994.14,BTC-26APR19-4500-C,45.1,0.11,3.0,0,1554182911681,17065097,764
2019-04-02 05:30:23.136,1.0,buy,4982.82,BTC-26APR19-4500-C,43.77,0.1075,1.0,2,1554183023136,17066024,765
2019-04-02 05:30:28.151,1.0,buy,4977.38,BTC-26APR19-4500-C,44.97,0.1075,1.0,3,1554183028151,17066040,766
2019-04-02 05:33:15.753,1.0,sell,4869.08,BTC-26APR19-4500-C,46.06,0.09300000000000001,1.0,2,1554183195753,17067699,767
2019-04-02 05:33:31.094,1.0,sell,4862.57,BTC-26APR19-4500-C,45.3,0.0915,1.0,2,1554183211094,17067821,768
2019-04-02 05:34:54.554,1.0,sell,4838.3,BTC-26APR19-4500-C,42.62,0.086,1.0,2,1554183294554,17068481,769
2019-04-02 05:35:06.544,1.0,sell,4831.11,BTC-26APR19-4500-C,45.71,0.0875,1.0,0,1554183306544,17068607,770
2019-04-02 05:35:31.043,1.0,sell,4808.7,BTC-26APR19-4500-C,40.31,0.08,1.0,2,1554183331043,17068794,771
2019-04-02 06:20:02.717,10.0,buy,4713.67,BTC-26APR19-4500-C,49.55,0.0755,10.0,2,1554186002717,17082731,772
2019-04-02 06:21:59.211,25.0,buy,4708.3,BTC-26APR19-4500-C,49.74,0.075,25.0,2,1554186119211,17083015,773
2019-04-02 06:21:59.221,5.0,buy,4708.3,BTC-26APR19-4500-C,49.74,0.075,5.0,3,1554186119221,17083016,774
2019-04-02 06:28:43.838,25.0,buy,4713.84,BTC-26APR19-4500-C,51.14,0.077,25.0,0,1554186523838,17084323,775
2019-04-02 06:29:06.203,5.0,buy,4715.59,BTC-26APR19-4500-C,50.91,0.077,5.0,1,1554186546203,17084379,776
2019-04-02 06:55:42.080,0.1,buy,4735.58,BTC-26APR19-4500-C,51.47,0.08,0.1,0,1554188142080,17088010,777
2019-04-02 06:55:45.236,10.0,buy,4735.54,BTC-26APR19-4500-C,52.55,0.081,10.0,0,1554188145236,17088019,778
2019-04-02 06:55:48.848,10.0,buy,4733.89,BTC-26APR19-4500-C,53.31,0.0815,10.0,0,1554188148848,17088039,779
2019-04-02 06:56:46.987,10.0,buy,4726.99,BTC-26APR19-4500-C,55.29,0.0825,10.0,0,1554188206987,17088367,780
2019-04-02 07:00:39.276,1.0,buy,4715.64,BTC-26APR19-4500-C,54.12,0.08,1.0,2,1554188439276,17089037,781
2019-04-02 07:15:17.949,2.0,buy,4720.9,BTC-26APR19-4500-C,59.27,0.0855,2.0,0,1554189317949,17090807,782
2019-04-02 07:32:30.766,3.0,buy,4680.35,BTC-26APR19-4500-C,59.1,0.0805,3.0,2,1554190350766,17092167,783
2019-04-02 08:19:26.835,0.1,buy,4720.25,BTC-26APR19-4500-C,54.11,0.0805,0.1,3,1554193166835,17094344,784
2019-04-02 10:08:29.930,0.1,buy,4802.93,BTC-26APR19-4500-C,58.83,0.095,0.1,0,1554199709930,17102938,785
2019-04-02 11:39:06.199,0.3,buy,4775.77,BTC-26APR19-4500-C,60.4,0.093,0.3,2,1554205146199,17107710,786
2019-04-02 11:39:10.762,3.7,sell,4775.8,BTC-26APR19-4500-C,60.4,0.09300000000000001,3.7,3,1554205150762,17107714,787
2019-04-02 12:36:33.964,0.2,buy,4827.12,BTC-26APR19-4500-C,54.33,0.094,0.2,0,1554208593964,17109211,788
2019-04-02 12:52:32.607,1.0,buy,4799.65,BTC-26APR19-4500-C,56.07,0.092,1.0,2,1554209552607,17110412,789
2019-04-02 12:53:34.593,10.0,buy,4800.27,BTC-26APR19-4500-C,54.85,0.091,10.0,2,1554209614593,17110437,790
2019-04-02 13:14:15.520,50.0,buy,4784.03,BTC-26APR19-4500-C,56.05,0.09,50.0,2,1554210855520,17111349,791
2019-04-02 13:19:24.553,25.0,buy,4796.6,BTC-26APR19-4500-C,55.4,0.091,25.0,0,1554211164553,17111542,792
2019-04-02 13:19:26.824,25.0,buy,4796.15,BTC-26APR19-4500-C,55.46,0.091,25.0,1,1554211166824,17111543,793
2019-04-02 13:19:45.328,25.0,sell,4794.16,BTC-26APR19-4500-C,55.75,0.091,25.0,1,1554211185328,17111548,794
2019-04-02 13:25:03.327,58.0,buy,4796.68,BTC-26APR19-4500-C,55.96,0.0915,58.0,0,1554211503327,17111758,795
2019-04-02 14:10:02.149,1.0,sell,4721.65,BTC-26APR19-4500-C,60.06,0.086,1.0,2,1554214202149,17113906,796
2019-04-02 14:10:13.077,0.3,sell,4710.38,BTC-26APR19-4500-C,61.48,0.086,0.3,3,1554214213077,17114010,797
2019-04-02 14:10:22.102,0.3,sell,4702.38,BTC-26APR19-4500-C,62.47,0.086,0.3,3,1554214222102,17114086,798
2019-04-02 14:10:27.170,1.0,sell,4689.84,BTC-26APR19-4500-C,64.0,0.086,1.0,3,1554214227170,17114164,799
2019-04-02 14:10:27.504,0.3,sell,4689.84,BTC-26APR19-4500-C,64.0,0.086,0.3,3,1554214227504,17114173,800
2019-04-02 14:10:31.574,0.3,sell,4683.8,BTC-26APR19-4500-C,64.73,0.086,0.3,3,1554214231574,17114299,801
2019-04-02 14:10:48.970,0.3,sell,4680.6,BTC-26APR19-4500-C,65.11,0.086,0.3,3,1554214248970,17114471,802
2019-04-02 14:10:54.271,0.3,sell,4680.09,BTC-26APR19-4500-C,65.17,0.086,0.3,3,1554214254271,17114514,803
2019-04-02 14:11:36.376,6.2,sell,4708.65,BTC-26APR19-4500-C,61.7,0.086,6.2,3,1554214296376,17115067,804
2019-04-02 14:42:32.727,0.4,sell,4730.25,BTC-26APR19-4500-C,53.62,0.081,0.4,2,1554216152727,17118785,805
2019-04-02 19:08:27.277,0.2,buy,4734.24,BTC-26APR19-4500-C,61.38,0.0885,0.2,0,1554232107277,17127119,806
2019-04-02 20:05:19.385,0.3,buy,4758.34,BTC-26APR19-4500-C,54.42,0.085,0.3,2,1554235519385,17128823,807
2019-04-02 20:07:14.080,1.0,buy,4761.73,BTC-26APR19-4500-C,53.95,0.085,1.0,3,1554235634080,17128863,808
2019-04-02 20:07:21.742,3.7,buy,4762.32,BTC-26APR19-4500-C,53.87,0.085,3.7,3,1554235641742,17128875,809
2019-04-02 20:09:33.356,1.0,buy,4774.6,BTC-26APR19-4500-C,56.04,0.0885,1.0,0,1554235773356,17129034,810
2019-04-02 20:11:15.323,1.0,buy,4792.04,BTC-26APR19-4500-C,53.56,0.0885,1.0,1,1554235875323,17129385,811
2019-04-02 20:42:10.316,1.0,sell,4801.74,BTC-26APR19-4500-C,51.57,0.08800000000000001,1.0,2,1554237730316,17135143,812
2019-04-02 23:37:40.802,0.1,buy,4920.8,BTC-26APR19-4500-C,58.27,0.109,0.1,0,1554248260802,17148541,813
2019-04-03 00:03:37.831,0.1,buy,4912.02,BTC-26APR19-4500-C,64.56,0.113,0.1,0,1554249817831,17154102,814
2019-04-03 00:41:13.329,3.0,buy,4953.25,BTC-26APR19-4500-C,66.8,0.12,3.0,0,1554252073329,17160791,815
2019-04-03 01:38:23.156,2.0,buy,4941.43,BTC-26APR19-4500-C,68.65,0.12,2.0,0,1554255503156,17165525,817
2019-04-03 01:38:23.156,0.1,buy,4941.43,BTC-26APR19-4500-C,67.44,0.11900000000000001,0.1,2,1554255503156,17165524,816
2019-04-03 01:38:23.158,17.900000000000006,sell,4941.43,BTC-26APR19-4500-C,68.65,0.12,17.900000000000006,1,1554255503158,17165526,818
2019-04-03 01:54:32.368,2.0,buy,4983.62,BTC-26APR19-4500-C,63.27,0.121,2.0,0,1554256472368,17166308,819
2019-04-03 01:54:44.293,1.0,buy,4981.43,BTC-26APR19-4500-C,63.63,0.121,1.0,1,1554256484293,17166325,820
2019-04-03 01:57:44.684,3.0,buy,4983.89,BTC-26APR19-4500-C,63.22,0.121,3.0,1,1554256664684,17166403,821
2019-04-03 02:02:29.957,1.0,buy,4965.52,BTC-26APR19-4500-C,63.06,0.1185,1.0,2,1554256949957,17166650,822
2019-04-03 02:07:42.194,2.0,buy,5006.83,BTC-26APR19-4500-C,64.59,0.125,2.0,0,1554257262194,17167191,823
2019-04-03 02:28:15.784,6.0,buy,5034.09,BTC-26APR19-4500-C,66.57,0.13,6.0,0,1554258495784,17169844,824
2019-04-03 02:37:37.481,1.0,buy,5015.21,BTC-26APR19-4500-C,74.71,0.134,1.0,0,1554259057481,17170970,825
2019-04-03 03:16:09.368,4.9,buy,5019.1,BTC-26APR19-4500-C,61.88,0.1245,4.9,2,1554261369368,17176843,826
2019-04-03 03:16:15.001,0.1,buy,5025.62,BTC-26APR19-4500-C,60.72,0.1245,0.1,3,1554261375001,17176868,827
2019-04-03 05:10:35.076,0.1,buy,4941.93,BTC-26APR19-4500-C,71.81,0.1225,0.1,2,1554268235076,17187670,828
2019-04-03 05:46:43.197,1.0,buy,4961.35,BTC-26APR19-4500-C,73.2,0.126,1.0,0,1554270403197,17188767,829
2019-04-03 06:46:41.464,0.1,sell,4976.4,BTC-26APR19-4500-C,66.0,0.122,0.1,2,1554274001464,17189864,830
2019-04-03 06:47:04.809,0.9,sell,4976.76,BTC-26APR19-4500-C,65.31,0.1215,0.9,2,1554274024809,17189865,831
2019-04-03 08:32:59.402,0.3,buy,4936.54,BTC-26APR19-4500-C,71.02,0.121,0.3,2,1554280379402,17192176,832
2019-04-03 08:44:43.700,1.0,sell,4942.12,BTC-26APR19-4500-C,68.38,0.1195,1.0,2,1554281083700,17192375,833
2019-04-03 09:25:45.673,0.6,buy,4950.1,BTC-26APR19-4500-C,70.26,0.122,0.6,0,1554283545673,17192834,834
2019-04-03 09:30:26.742,0.1,buy,4950.02,BTC-26APR19-4500-C,70.89,0.1225,0.1,0,1554283826742,17192872,835
2019-04-03 14:32:42.247,0.9,sell,5008.83,BTC-26APR19-4500-C,65.64,0.1255,0.9,2,1554301962247,17203635,837
2019-04-03 14:32:42.247,0.1,sell,5008.83,BTC-26APR19-4500-C,68.25,0.1275,0.1,0,1554301962247,17203634,836
2019-04-03 16:04:18.731,0.5,buy,5046.37,BTC-26APR19-4500-C,67.98,0.132,0.5,0,1554307458731,17205747,838
2019-04-03 16:04:18.760,0.2,sell,5046.37,BTC-26APR19-4500-C,67.98,0.132,0.2,1,1554307458760,17205754,839
2019-04-03 16:08:07.098,0.5,buy,5068.8,BTC-26APR19-4500-C,68.84,0.1355,0.5,0,1554307687098,17206444,840
2019-04-03 16:08:07.118,0.2,sell,5068.8,BTC-26APR19-4500-C,68.84,0.1355,0.2,1,1554307687118,17206445,841
2019-04-03 16:09:41.228,4.0,buy,5114.64,BTC-26APR19-4500-C,66.89,0.14,4.0,0,1554307781228,17207477,842
2019-04-03 17:33:13.979,1.0,sell,5118.86,BTC-26APR19-4500-C,60.14,0.136,1.0,2,1554312793979,17220066,843
2019-04-03 20:15:26.611,1.0,buy,5238.45,BTC-26APR19-4500-C,73.35,0.16,1.0,0,1554322526611,17229902,844
2019-04-03 20:54:07.322,30.0,sell,5279.99,BTC-26APR19-4500-C,69.67,0.163,30.0,0,1554324847322,17237537,845
2019-04-03 21:05:19.468,0.5,buy,5327.13,BTC-26APR19-4500-C,84.28,0.17800000000000002,0.5,0,1554325519468,17239102,847
2019-04-03 21:05:19.468,0.5,buy,5327.13,BTC-26APR19-4500-C,81.18,0.17600000000000002,0.5,0,1554325519468,17239101,846
2019-04-03 21:21:28.227,0.5,buy,5292.56,BTC-26APR19-4500-C,83.05,0.17300000000000001,0.5,2,1554326488227,17240739,848
2019-04-03 21:30:09.626,0.5,sell,5331.96,BTC-26APR19-4500-C,75.4,0.17300000000000001,0.5,3,1554327009626,17241347,849
2019-04-03 21:42:52.122,3.0,buy,5306.07,BTC-26APR19-4500-C,84.38,0.1755,3.0,0,1554327772122,17242250,850
2019-04-03 21:46:27.127,2.0,buy,5239.12,BTC-26APR19-4500-C,82.31,0.166,2.0,2,1554327987127,17243096,851
2019-04-04 00:19:14.470,1.0,buy,4990.46,BTC-26APR19-4500-C,79.96,0.134,1.0,2,1554337154470,17280367,852
2019-04-04 00:19:24.572,7.8,buy,4992.59,BTC-26APR19-4500-C,83.93,0.1375,7.8,0,1554337164572,17280380,853
2019-04-04 00:19:38.660,1.2,buy,4992.24,BTC-26APR19-4500-C,85.19,0.1385,1.2,0,1554337178660,17280438,854
2019-04-04 01:06:38.617,0.2,buy,5043.41,BTC-26APR19-4500-C,84.59,0.14400000000000002,0.2,0,1554339998617,17282667,855
2019-04-04 10:54:31.414,1.6,sell,4977.86,BTC-26APR19-4500-C,72.65,0.126,1.6,2,1554375271414,17301464,856
2019-04-04 11:16:12.020,0.1,sell,4926.85,BTC-26APR19-4500-C,72.43,0.1195,0.1,2,1554376572020,17303269,857
2019-04-04 12:14:29.845,1.0,sell,5011.83,BTC-26APR19-4500-C,71.78,0.1295,1.0,0,1554380069845,17305809,858
2019-04-04 13:09:05.061,4.9,sell,4993.58,BTC-26APR19-4500-C,72.86,0.128,4.9,2,1554383345061,17307768,859
2019-04-04 13:09:05.065,5.1000000000000005,buy,4993.58,BTC-26APR19-4500-C,72.86,0.128,5.1000000000000005,3,1554383345065,17307769,860
2019-04-04 20:10:08.521,5.5,buy,4792.02,BTC-26APR19-4500-C,72.26,0.1025,5.5,2,1554408608521,17330732,861
2019-04-04 21:16:28.135,0.1,buy,4878.03,BTC-26APR19-4500-C,70.09,0.111,0.1,0,1554412588135,17335179,862
2019-04-05 03:47:27.593,10.0,buy,4891.53,BTC-26APR19-4500-C,69.72,0.112,10.0,0,1554436047593,17346698,863
2019-04-05 03:47:31.157,0.1,buy,4891.53,BTC-26APR19-4500-C,70.33,0.1125,0.1,0,1554436051157,17346699,864
2019-04-05 03:50:42.822,15.0,buy,4905.58,BTC-26APR19-4500-C,71.89,0.1155,15.0,0,1554436242822,17346809,865
2019-04-05 04:09:09.320,0.3,buy,4921.17,BTC-26APR19-4500-C,72.0,0.1175,0.3,0,1554437349320,17347244,866
2019-04-05 05:06:48.942,0.2,buy,4959.37,BTC-26APR19-4500-C,69.82,0.1205,0.2,0,1554440808942,17349091,867
2019-04-05 05:15:38.993,0.1,buy,4992.81,BTC-26APR19-4500-C,70.85,0.1255,0.1,0,1554441338993,17349978,868
2019-04-05 07:54:52.698,0.1,buy,4950.77,BTC-26APR19-4500-C,72.69,0.1215,0.1,2,1554450892698,17353893,869
2019-04-05 09:05:29.089,1.0,sell,4957.46,BTC-26APR19-4500-C,71.05,0.121,1.0,2,1554455129089,17356441,870
2019-04-05 11:30:28.022,0.3,buy,4997.45,BTC-26APR19-4500-C,68.47,0.124,0.3,0,1554463828022,17358983,871
2019-04-06 13:13:35.504,0.1,buy,5033.2,BTC-26APR19-4500-C,67.97,0.127,0.1,0,1554556415504,17394348,872
2019-04-06 17:42:44.807,6.3,buy,5163.65,BTC-26APR19-4500-C,73.77,0.1475,6.3,0,1554572564807,17414644,873
2019-04-06 17:42:46.367,4.7,sell,5163.65,BTC-26APR19-4500-C,73.77,0.1475,4.7,1,1554572566367,17414647,874
2019-04-07 16:21:03.746,1.0,sell,5088.7,BTC-26APR19-4500-C,67.94,0.133,1.0,2,1554654063746,17472323,875
2019-04-08 01:07:31.685,1.0,sell,5280.42,BTC-26APR19-4500-C,62.7,0.156,1.0,0,1554685651685,17500469,876
2019-04-08 02:59:58.247,4.4,buy,5288.25,BTC-26APR19-4500-C,71.38,0.161,4.4,0,1554692398247,17508981,877
2019-04-08 10:05:53.771,0.1,sell,5250.24,BTC-26APR19-4500-C,0.0,0.0145,0.1,2,1554717953771,17523370,878
2019-04-08 17:38:43.094,2.5,sell,5205.38,BTC-26APR19-4500-C,63.68,0.1455,2.5,0,1554745123094,17537771,879
2019-04-08 20:47:51.547,20.0,sell,5261.53,BTC-26APR19-4500-C,71.96,0.157,20.0,0,1554756471547,17542124,880
2019-04-08 22:25:37.072,16.7,sell,5291.58,BTC-26APR19-4500-C,75.21,0.1625,16.7,0,1554762337072,17545859,881
2019-04-09 00:20:58.951,2.5,sell,5263.71,BTC-26APR19-4500-C,62.81,0.153,2.5,2,1554769258951,17550434,882
2019-04-09 11:10:31.566,1.0,buy,5216.39,BTC-26APR19-4500-C,71.27,0.15,1.0,2,1554808231566,17571543,883
2019-04-09 19:26:52.463,25.0,sell,5212.46,BTC-26APR19-4500-C,72.07,0.1495,25.0,2,1554838012463,17580398,884
2019-04-09 19:55:45.361,25.0,sell,5212.87,BTC-26APR19-4500-C,68.91,0.14800000000000002,25.0,2,1554839745361,17580579,885
2019-04-09 20:04:09.274,1.0,sell,5215.24,BTC-26APR19-4500-C,64.95,0.1465,1.0,2,1554840249274,17580656,886
2019-04-09 21:41:09.351,25.0,sell,5224.96,BTC-26APR19-4500-C,68.75,0.1495,25.0,0,1554846069351,17582405,887
2019-04-09 23:22:17.304,25.0,sell,5200.95,BTC-26APR19-4500-C,68.43,0.146,25.0,2,1554852137304,17586417,888
2019-04-10 15:29:39.696,1.0,buy,5264.5,BTC-26APR19-4500-C,60.32,0.151,1.0,0,1554910179696,17602748,889
2019-04-10 19:04:54.388,1.0,sell,5417.88,BTC-26APR19-4500-C,66.53,0.1745,1.0,0,1554923094388,17622676,890
2019-04-10 19:45:02.130,4.0,buy,5421.13,BTC-26APR19-4500-C,59.28,0.17300000000000001,4.0,2,1554925502130,17625726,891
2019-04-10 23:45:41.749,2.0,buy,5316.4,BTC-26APR19-4500-C,74.86,0.1635,2.0,2,1554939941749,17651062,892
2019-04-10 23:46:25.459,2.0,buy,5316.55,BTC-26APR19-4500-C,74.81,0.1635,2.0,3,1554939985459,17651066,893
2019-04-11 09:33:03.159,0.1,sell,5166.61,BTC-26APR19-4500-C,0.0,0.129,0.1,2,1554975183159,17675682,894
2019-04-11 09:49:40.428,3.9,sell,5102.83,BTC-26APR19-4500-C,71.45,0.1325,3.9,0,1554976180428,17678085,895
2019-04-11 12:28:33.219,1.1,buy,5027.34,BTC-26APR19-4500-C,72.11,0.1225,1.1,2,1554985713219,17698367,896
2019-04-11 14:48:45.798,2.0,sell,5042.65,BTC-26APR19-4500-C,61.8,0.11900000000000001,2.0,2,1554994125798,17703463,897
2019-04-11 14:48:58.386,2.0,sell,5040.96,BTC-26APR19-4500-C,62.29,0.11900000000000001,2.0,3,1554994138386,17703465,898
2019-04-11 16:09:53.145,2.0,sell,5044.08,BTC-26APR19-4500-C,67.39,0.122,2.0,0,1554998993145,17706067,899
2019-04-11 16:13:10.192,2.0,sell,5029.8,BTC-26APR19-4500-C,67.35,0.12,2.0,2,1554999190192,17706533,900
2019-04-11 21:22:21.405,20.3,sell,5048.18,BTC-26APR19-4500-C,64.84,0.121,20.3,0,1555017741405,17716731,901
2019-04-12 10:44:46.034,2.0,buy,5080.46,BTC-26APR19-4500-C,52.98,0.12,2.0,2,1555065886034,17744740,902
2019-04-12 16:52:25.253,0.1,sell,5079.78,BTC-26APR19-4500-C,52.37,0.1195,0.1,2,1555087945253,17752359,903
2019-04-15 19:38:30.808,1.0,sell,5023.59,BTC-26APR19-4500-C,65.11,0.113,1.0,2,1555357110808,17835508,904
2019-04-15 19:55:52.038,1.0,sell,5027.96,BTC-26APR19-4500-C,56.36,0.1105,1.0,2,1555358152038,17837604,905
2019-04-15 20:24:01.243,1.0,sell,5010.87,BTC-26APR19-4500-C,55.32,0.1075,1.0,2,1555359841243,17843160,906
2019-04-15 22:31:31.324,1.0,buy,5048.28,BTC-26APR19-4500-C,62.3,0.1155,1.0,0,1555367491324,17847521,907
2019-04-16 17:35:48.433,4.0,buy,5188.88,BTC-26APR19-4500-C,69.81,0.138,4.0,0,1555436148433,17872483,908
2019-04-16 17:40:00.349,1.0,buy,5203.11,BTC-26APR19-4500-C,67.47,0.1395,1.0,0,1555436400349,17873208,909
2019-04-17 01:17:35.042,1.0,sell,5197.79,BTC-26APR19-4500-C,65.66,0.138,1.0,2,1555463855042,17887354,910
2019-04-17 01:17:41.672,2.0,sell,5194.52,BTC-26APR19-4500-C,67.74,0.138,2.0,3,1555463861672,17887374,911
2019-04-17 18:57:16.441,1.1,sell,5221.8,BTC-26APR19-4500-C,50.84,0.139,1.1,0,1555527436441,17906535,912
2019-04-18 04:06:57.994,4.0,sell,5298.97,BTC-26APR19-4500-C,47.05,0.151,4.0,0,1555560417994,17916853,913
