date_utc,amount,direction,indexPrice,instrument,iv,price,quantity,tickDirection,timeStamp,tradeId,tradeSeq
2019-02-16 02:08:12.726,0.1,sell,3574.22,BTC-26APR19-4500-C,55.1,0.0235,0.1,1,1550282892726,15404744,1
2019-02-16 02:59:31.633,0.9,sell,3580.64,BTC-26APR19-4500-C,55.35,0.024,0.9,0,1550285971633,15405411,2
2019-02-16 04:10:09.674,0.1,buy,3597.98,BTC-26APR19-4500-C,55.21,0.025,0.1,0,1550290209674,15407651,3
2019-02-16 14:44:44.179,0.1,buy,3605.02,BTC-26APR19-4500-C,55.73,0.026000000000000002,0.1,0,1550328284179,15418402,4
2019-02-16 16:54:13.047,0.6,buy,3596.82,BTC-26APR19-4500-C,56.61,0.0265,0.6,0,1550336053047,15421472,5
2019-02-17 10:27:07.249,0.1,buy,3638.21,BTC-26APR19-4500-C,53.44,0.0245,0.1,2,1550399227249,15432561,6
2019-02-17 20:15:07.066,1.0,sell,3573.18,BTC-26APR19-4500-C,55.56,0.0235,1.0,2,1550434507066,15452385,7
2019-02-18 01:07:27.857,0.1,buy,3678.75,BTC-26APR19-4500-C,53.4,0.0265,0.1,0,1550452047857,15468898,8
2019-02-18 01:07:44.336,0.5,sell,3699.81,BTC-26APR19-4500-C,52.84,0.027000000000000003,0.5,0,1550452064336,15469508,9
2019-02-18 12:46:16.157,0.2,sell,3716.05,BTC-26APR19-4500-C,54.99,0.03,0.2,0,1550493976157,15517109,10
2019-02-18 13:03:15.902,3.0,buy,3725.23,BTC-26APR19-4500-C,55.27,0.031,3.0,0,1550494995902,15520702,11
2019-02-18 20:01:14.611,10.0,sell,3861.8,BTC-26APR19-4500-C,55.26,0.0395,10.0,0,1550520074611,15577675,12
2019-02-19 23:16:43.101,0.3,sell,3905.46,BTC-26APR19-4500-C,57.73,0.046,0.3,0,1550618203101,15668153,13
2019-02-19 23:41:35.129,1.0,sell,3892.38,BTC-26APR19-4500-C,56.87,0.044000000000000004,1.0,2,1550619695129,15668912,14
2019-02-20 14:13:27.451,12.0,sell,3907.61,BTC-26APR19-4500-C,59.43,0.048,12.0,0,1550672007451,15700789,15
2019-02-20 19:58:14.721,6.0,buy,3924.0,BTC-26APR19-4500-C,59.81,0.05,6.0,0,1550692694721,15709388,16
2019-02-20 20:37:52.249,2.0,buy,3932.22,BTC-26APR19-4500-C,59.66,0.0505,2.0,0,1550695072249,15710781,17
2019-02-21 05:20:21.194,5.6000000000000005,buy,3933.98,BTC-26APR19-4500-C,57.04,0.046,5.6000000000000005,2,1550726421194,15721563,18
2019-02-21 05:44:33.626,0.9,sell,3942.89,BTC-26APR19-4500-C,56.73,0.0465,0.9,0,1550727873626,15723095,19
2019-02-21 06:00:26.761,1.0,buy,3949.33,BTC-26APR19-4500-C,57.03,0.0475,1.0,0,1550728826761,15724104,20
2019-02-21 06:01:36.147,4.0,sell,3982.57,BTC-26APR19-4500-C,56.61,0.0495,4.0,0,1550728896147,15725678,21
2019-02-21 06:01:40.749,5.0,sell,3981.92,BTC-26APR19-4500-C,56.33,0.049,5.0,2,1550728900749,15725784,22
2019-02-21 06:01:40.815,5.0,buy,3981.92,BTC-26APR19-4500-C,56.33,0.049,5.0,3,1550728900815,15725785,23
2019-02-21 06:02:49.311,4.0,sell,3957.58,BTC-26APR19-4500-C,57.3,0.048,4.0,2,1550728969311,15726819,24
2019-02-21 11:18:23.926,4.5,sell,3881.24,BTC-26APR19-4500-C,56.83,0.0425,4.5,2,1550747903926,15740198,25
2019-02-21 11:33:03.012,4.0,sell,3884.7,BTC-26APR19-4500-C,56.56,0.0425,4.0,3,1550748783012,15741334,26
2019-02-21 13:46:46.889,4.3,sell,3907.04,BTC-26APR19-4500-C,56.19,0.0435,4.3,0,1550756806889,15744649,27
2019-02-21 16:28:04.031,0.4,buy,3890.04,BTC-26APR19-4500-C,56.37,0.0425,0.4,2,1550766484031,15746843,28
2019-02-21 21:54:39.314,0.2,sell,3899.74,BTC-26APR19-4500-C,54.69,0.0405,0.2,2,1550786079314,15750517,29
2019-02-22 03:50:03.435,3.0,buy,3913.51,BTC-26APR19-4500-C,54.71,0.0415,3.0,0,1550807403435,15755226,30
2019-02-22 03:53:58.454,3.0,buy,3913.51,BTC-26APR19-4500-C,54.84,0.0415,3.0,1,1550807638454,15755277,31
2019-02-22 03:54:32.459,3.0,buy,3913.44,BTC-26APR19-4500-C,54.85,0.0415,3.0,1,1550807672459,15755280,32
2019-02-22 07:01:56.353,1.0,buy,3908.2,BTC-26APR19-4500-C,54.64,0.0405,1.0,2,1550818916353,15757559,33
2019-02-22 08:03:13.750,1.0,sell,3894.8,BTC-26APR19-4500-C,54.67,0.0395,1.0,2,1550822593750,15760150,34
2019-02-22 12:10:21.742,0.5,sell,3924.48,BTC-26APR19-4500-C,54.71,0.042,0.5,0,1550837421742,15768860,35
2019-02-22 12:27:57.753,0.5,sell,3930.75,BTC-26APR19-4500-C,54.76,0.0425,0.5,0,1550838477753,15770085,36
2019-02-22 12:44:05.144,1.0,sell,3938.48,BTC-26APR19-4500-C,55.26,0.044,1.0,0,1550839445144,15771450,37
2019-02-22 15:38:53.921,10.0,buy,3921.1,BTC-26APR19-4500-C,56.17,0.0435,10.0,2,1550849933921,15781862,38
2019-02-22 15:49:15.072,1.0,buy,3921.26,BTC-26APR19-4500-C,57.8,0.046,1.0,0,1550850555072,15782217,39
2019-02-22 21:22:54.658,1.0,sell,3938.61,BTC-26APR19-4500-C,55.52,0.0435,1.0,2,1550870574658,15787716,40
2019-02-23 01:32:23.449,0.1,buy,3941.11,BTC-26APR19-4500-C,57.95,0.047,0.1,0,1550885543449,15791731,41
2019-02-23 10:25:15.404,0.2,sell,3934.99,BTC-26APR19-4500-C,60.06,0.049,0.2,0,1550917515404,15800211,42
2019-02-23 20:29:16.008,3.0,buy,4128.72,BTC-26APR19-4500-C,58.21,0.0605,3.0,0,1550953756008,15844526,43
2019-02-23 20:29:16.341,0.1,buy,4128.72,BTC-26APR19-4500-C,58.21,0.0605,0.1,1,1550953756341,15844529,44
2019-02-23 20:29:24.753,0.1,buy,4129.77,BTC-26APR19-4500-C,58.19,0.0605,0.1,1,1550953764753,15844574,45
2019-02-23 20:29:34.126,0.6,buy,4129.17,BTC-26APR19-4500-C,58.22,0.0605,0.6,1,1550953774126,15844603,46
2019-02-23 20:29:34.346,0.1,buy,4129.17,BTC-26APR19-4500-C,58.22,0.0605,0.1,1,1550953774346,15844605,47
2019-02-23 20:29:53.725,3.0,buy,4130.35,BTC-26APR19-4500-C,58.43,0.061,3.0,0,1550953793725,15844670,48
2019-02-23 22:54:20.774,1.0,buy,4115.93,BTC-26APR19-4500-C,58.45,0.0605,1.0,2,1550962460774,15852912,49
2019-02-24 11:42:45.483,1.0,sell,4134.85,BTC-26APR19-4500-C,56.65,0.059,1.0,2,1551008565483,15877754,50
2019-02-24 14:20:53.555,6.0,sell,3828.75,BTC-26APR19-4500-C,60.03,0.0365,6.0,2,1551018053555,15907476,51
2019-02-24 14:49:52.727,3.0,sell,3817.33,BTC-26APR19-4500-C,59.08,0.037000000000000005,3.0,0,1551019792727,15925455,52
2019-02-24 15:24:41.014,0.1,sell,3790.2,BTC-26APR19-4500-C,61.58,0.038,0.1,0,1551021881014,15934090,53
2019-02-25 02:56:53.303,10.0,buy,3772.91,BTC-26APR19-4500-C,61.25,0.037000000000000005,10.0,2,1551063413303,15971931,54
2019-02-25 08:56:38.346,10.0,sell,3772.73,BTC-26APR19-4500-C,60.94,0.0365,10.0,2,1551084998346,15980897,55
2019-02-25 08:57:04.366,10.0,sell,3772.48,BTC-26APR19-4500-C,60.59,0.036000000000000004,10.0,2,1551085024366,15980906,56
2019-02-25 16:02:49.964,0.3,buy,3787.71,BTC-26APR19-4500-C,61.86,0.0385,0.3,0,1551110569964,15991993,57
2019-02-27 15:24:32.399,1.0,buy,3798.51,BTC-26APR19-4500-C,58.78,0.0335,1.0,2,1551281072399,16061541,58
2019-02-27 21:02:32.266,4.0,buy,3716.98,BTC-26APR19-4500-C,59.18,0.0295,4.0,2,1551301352266,16077532,59
2019-02-27 23:04:52.697,0.3,buy,3797.86,BTC-26APR19-4500-C,56.27,0.0305,0.3,0,1551308692697,16085113,60
2019-02-28 15:08:25.980,1.0,buy,3823.36,BTC-26APR19-4500-C,58.12,0.034,1.0,0,1551366505980,16105654,61
2019-03-01 15:30:36.897,1.0,sell,3814.94,BTC-26APR19-4500-C,54.64,0.0285,1.0,2,1551454236897,16151462,62
2019-03-01 21:09:09.366,0.4,sell,3829.03,BTC-26APR19-4500-C,55.12,0.03,0.4,0,1551474549366,16156237,63
2019-03-01 22:14:14.680,0.6,sell,3811.58,BTC-26APR19-4500-C,56.01,0.03,0.6,1,1551478454680,16157772,64
2019-03-02 14:05:49.577,4.4,sell,3811.21,BTC-26APR19-4500-C,54.02,0.027000000000000003,4.4,2,1551535549577,16176618,65
2019-03-03 06:55:12.991,1.0,sell,3810.44,BTC-26APR19-4500-C,54.77,0.0275,1.0,0,1551596112991,16185350,66
2019-03-03 11:15:05.691,0.2,sell,3813.55,BTC-26APR19-4500-C,54.41,0.027000000000000003,0.2,2,1551611705691,16188202,67
2019-03-03 18:32:51.440,16.0,buy,3791.06,BTC-26APR19-4500-C,55.63,0.027000000000000003,16.0,3,1551637971440,16197005,68
2019-03-03 19:39:29.928,15.8,buy,3791.03,BTC-26APR19-4500-C,56.2,0.0275,15.8,0,1551641969928,16197367,69
2019-03-03 19:40:24.467,15.0,buy,3791.89,BTC-26APR19-4500-C,56.12,0.0275,15.0,1,1551642024467,16197382,70
2019-03-03 19:47:15.178,15.8,buy,3792.28,BTC-26APR19-4500-C,56.11,0.0275,15.8,1,1551642435178,16197422,71
2019-03-03 22:59:38.496,0.4,buy,3785.37,BTC-26APR19-4500-C,55.94,0.027000000000000003,0.4,2,1551653978496,16198998,72
2019-03-03 23:30:26.326,0.1,buy,3778.77,BTC-26APR19-4500-C,55.76,0.0265,0.1,2,1551655826326,16200382,73
2019-03-03 23:32:51.917,0.1,buy,3778.05,BTC-26APR19-4500-C,55.86,0.0265,0.1,3,1551655971917,16200791,74
2019-03-03 23:33:53.421,0.1,buy,3781.94,BTC-26APR19-4500-C,55.66,0.0265,0.1,3,1551656033421,16200879,75
2019-03-03 23:34:30.230,0.1,buy,3784.1,BTC-26APR19-4500-C,55.14,0.026000000000000002,0.1,2,1551656070230,16200901,76
2019-03-04 05:16:34.352,0.2,buy,3722.05,BTC-26APR19-4500-C,56.35,0.024,0.2,2,1551676594352,16215398,77
2019-03-04 05:17:58.409,0.2,buy,3714.45,BTC-26APR19-4500-C,56.74,0.024,0.2,3,1551676678409,16215729,78
2019-03-04 05:19:41.299,0.5,buy,3694.73,BTC-26APR19-4500-C,56.85,0.023,0.5,2,1551676781299,16216596,79
2019-03-04 05:20:05.104,0.6,buy,3698.69,BTC-26APR19-4500-C,56.97,0.0235,0.6,0,1551676805104,16216859,80
2019-03-04 06:43:42.084,1.0,buy,3727.89,BTC-26APR19-4500-C,56.53,0.0245,1.0,0,1551681822084,16220813,81
2019-03-04 16:24:05.330,10.0,buy,3713.16,BTC-26APR19-4500-C,54.2,0.021,10.0,2,1551716645330,16239558,82
2019-03-04 17:45:43.767,4.0,sell,3716.13,BTC-26APR19-4500-C,53.33,0.02,4.0,2,1551721543767,16240472,83
2019-03-04 17:45:43.767,6.0,sell,3716.13,BTC-26APR19-4500-C,53.33,0.02,6.0,3,1551721543767,16240473,84
2019-03-04 18:36:54.886,1.0,sell,3708.69,BTC-26APR19-4500-C,53.17,0.0195,1.0,2,1551724614886,16242122,85
2019-03-05 01:48:00.811,0.9,buy,3700.77,BTC-26APR19-4500-C,55.47,0.0215,0.9,0,1551750480811,16247270,86
2019-03-05 06:40:00.762,9.1,buy,3710.28,BTC-26APR19-4500-C,54.87,0.0215,9.1,1,1551768000762,16250270,87
2019-03-05 07:29:50.214,10.0,sell,3712.56,BTC-26APR19-4500-C,54.84,0.0215,10.0,1,1551770990214,16250813,88
2019-03-05 08:34:18.666,10.0,buy,3723.33,BTC-26APR19-4500-C,54.9,0.022,10.0,0,1551774858666,16251962,89
2019-03-05 08:38:40.227,10.0,buy,3725.04,BTC-26APR19-4500-C,54.8,0.022,10.0,1,1551775120227,16252093,90
2019-03-05 08:38:52.883,10.0,buy,3724.61,BTC-26APR19-4500-C,54.81,0.022000000000000002,10.0,1,1551775132883,16252103,91
2019-03-05 13:12:06.306,0.1,buy,3749.23,BTC-26APR19-4500-C,54.62,0.023,0.1,0,1551791526306,16258112,92
2019-03-05 13:44:49.494,0.1,buy,3805.06,BTC-26APR19-4500-C,54.74,0.026,0.1,0,1551793489494,16265776,93
2019-03-06 19:41:36.675,50.0,buy,3844.45,BTC-26APR19-4500-C,54.95,0.028,50.0,0,1551901296675,16327034,94
2019-03-06 21:14:39.823,1.0,sell,3842.17,BTC-26APR19-4500-C,54.25,0.027000000000000003,1.0,2,1551906879823,16327681,95
2019-03-07 15:23:56.166,0.1,buy,3879.12,BTC-26APR19-4500-C,51.62,0.0255,0.1,2,1551972236166,16356549,96
2019-03-08 08:14:32.645,0.1,buy,3869.62,BTC-26APR19-4500-C,52.12,0.025,0.1,2,1552032872645,16378333,97
2019-03-08 08:28:50.763,0.1,sell,3869.87,BTC-26APR19-4500-C,48.91,0.0215,0.1,2,1552033730763,16378430,98
2019-03-08 08:33:22.501,1.0,sell,3872.29,BTC-26APR19-4500-C,48.75,0.0215,1.0,3,1552034002501,16378597,99
2019-03-08 09:19:29.462,16.6,buy,3859.69,BTC-26APR19-4500-C,51.28,0.0235,16.6,0,1552036769462,16379397,100
2019-03-08 09:20:17.745,303.4000000000001,sell,3859.29,BTC-26APR19-4500-C,51.27,0.0235,303.4000000000001,1,1552036817745,16379425,101
2019-03-08 22:03:03.529,13.0,sell,3812.84,BTC-26APR19-4500-C,52.66,0.0225,13.0,2,1552082583529,16398125,102
2019-03-08 22:03:04.040,13.0,sell,3812.84,BTC-26APR19-4500-C,52.73,0.0225,13.0,3,1552082584040,16398127,103
2019-03-08 22:03:05.419,5.0,sell,3812.42,BTC-26APR19-4500-C,52.75,0.0225,5.0,3,1552082585419,16398148,104
2019-03-08 22:03:13.427,3.5,sell,3806.52,BTC-26APR19-4500-C,53.08,0.0225,3.5,3,1552082593427,16398472,105
2019-03-08 22:03:14.740,9.2,sell,3809.67,BTC-26APR19-4500-C,52.96,0.0225,9.2,3,1552082594740,16398530,106
2019-03-08 22:03:15.938,9.6,sell,3807.66,BTC-26APR19-4500-C,53.1,0.0225,9.6,3,1552082595938,16398653,107
2019-03-08 22:03:21.394,5.0,sell,3794.13,BTC-26APR19-4500-C,54.01,0.0225,5.0,3,1552082601394,16398989,108
2019-03-08 22:03:21.552,3.3000000000000003,sell,3794.13,BTC-26APR19-4500-C,54.01,0.0225,3.3000000000000003,3,1552082601552,16399009,109
2019-03-08 22:03:33.036,13.0,sell,3789.61,BTC-26APR19-4500-C,54.46,0.0225,13.0,3,1552082613036,16399473,110
2019-03-08 22:03:35.519,13.0,sell,3787.74,BTC-26APR19-4500-C,54.38,0.0225,13.0,3,1552082615519,16399505,111
2019-03-08 22:03:36.394,12.4,sell,3781.43,BTC-26APR19-4500-C,54.68,0.0225,12.4,3,1552082616394,16399538,112
2019-03-09 01:32:31.083,0.1,buy,3857.31,BTC-26APR19-4500-C,52.25,0.024,0.1,0,1552095151083,16410186,113
2019-03-09 13:24:16.928,0.1,buy,3908.58,BTC-26APR19-4500-C,50.62,0.0245,0.1,0,1552137856928,16426794,114
2019-03-09 13:45:57.259,0.4,sell,3907.9,BTC-26APR19-4500-C,49.75,0.0235,0.4,2,1552139157259,16427652,115
2019-03-09 17:50:59.812,10.0,sell,3896.32,BTC-26APR19-4500-C,49.22,0.022000000000000002,10.0,2,1552153859812,16443585,116
2019-03-10 22:26:46.576,15.0,buy,3897.45,BTC-26APR19-4500-C,51.95,0.0245,15.0,0,1552256806576,16467396,117
2019-03-11 04:10:32.416,10.0,sell,3908.8,BTC-26APR19-4500-C,50.56,0.0235,10.0,2,1552277432416,16471643,118
2019-03-11 05:07:45.598,5.0,sell,3880.44,BTC-26APR19-4500-C,50.66,0.022000000000000002,5.0,2,1552280865598,16473582,119
2019-03-11 05:58:13.471,10.0,sell,3866.04,BTC-26APR19-4500-C,51.55,0.022000000000000002,10.0,3,1552283893471,16475288,120
2019-03-11 05:58:37.408,10.0,sell,3856.68,BTC-26APR19-4500-C,52.03,0.022,10.0,3,1552283917408,16475652,121
2019-03-11 08:05:48.663,0.1,buy,3862.33,BTC-26APR19-4500-C,52.1,0.0225,0.1,0,1552291548663,16480090,122
2019-03-11 12:05:40.562,0.2,sell,3827.59,BTC-26APR19-4500-C,52.37,0.021,0.2,2,1552305940562,16485188,123
2019-03-12 17:46:22.596,0.3,buy,3857.19,BTC-26APR19-4500-C,51.36,0.0205,0.3,2,1552412782596,16524296,124
2019-03-13 23:22:54.349,0.1,buy,3852.32,BTC-26APR19-4500-C,51.13,0.019,0.1,2,1552519374349,16546510,125
2019-03-14 06:37:41.909,0.2,sell,3843.08,BTC-26APR19-4500-C,49.5,0.017,0.2,2,1552545461909,16550102,126
2019-03-14 10:10:19.455,5.0,buy,3844.26,BTC-26APR19-4500-C,50.57,0.018,5.0,0,1552558219455,16552108,127
