date_utc,amount,direction,indexPrice,instrument,iv,price,quantity,tickDirection,timeStamp,tradeId,tradeSeq
2019-05-31 10:54:59.296,1.0,sell,8271.7,BTC-14JUN19-8500-C,86.86,0.0555,1.0,1,1559300099296,22790317,1
2019-05-31 13:02:12.894,0.2,buy,8338.22,BTC-14JUN19-8500-C,87.29,0.059,0.2,0,1559307732894,22798548,2
2019-05-31 13:02:24.779,0.3,buy,8351.16,BTC-14JUN19-8500-C,86.43,0.059,0.3,1,1559307744779,22798696,3
2019-05-31 14:03:00.685,1.0,buy,8452.2,BTC-14JUN19-8500-C,87.41,0.065,1.0,0,1559311380685,22807277,4
2019-05-31 14:37:39.533,1.0,sell,8409.4,BTC-14JUN19-8500-C,83.99,0.06,1.0,2,1559313459533,22810913,5
2019-05-31 17:34:33.245,1.0,buy,8433.87,BTC-14JUN19-8500-C,90.46,0.066,1.0,0,1559324073245,22825973,6
2019-06-01 13:32:35.475,0.1,sell,8542.42,BTC-14JUN19-8500-C,88.08,0.068,0.1,0,1559395955475,22883076,7
2019-06-02 07:35:52.306,0.1,buy,8641.96,BTC-14JUN19-8500-C,83.56,0.0685,0.1,0,1559460952306,22916832,8
2019-06-02 12:32:54.139,1.0,sell,8804.94,BTC-14JUN19-8500-C,83.13,0.0775,1.0,0,1559478774139,22935991,9
2019-06-02 23:23:03.372,1.0,sell,8748.01,BTC-14JUN19-8500-C,91.37,0.0785,1.0,0,1559517783372,22965600,10
2019-06-03 03:45:03.365,0.2,sell,8689.29,BTC-14JUN19-8500-C,84.75,0.07,0.2,2,1559533503365,22975920,11
2019-06-03 05:43:15.263,0.2,sell,8623.8,BTC-14JUN19-8500-C,87.77,0.068,0.2,2,1559540595263,22980682,12
2019-06-03 10:24:49.220,1.7,buy,8510.02,BTC-14JUN19-8500-C,90.68,0.063,1.7,2,1559557489220,23017550,13
2019-06-03 11:21:29.235,0.1,buy,8522.32,BTC-14JUN19-8500-C,90.57,0.0635,0.1,0,1559560889235,23019830,14
2019-06-03 18:42:36.793,6.0,sell,8536.82,BTC-14JUN19-8500-C,81.05,0.057,6.0,2,1559587356793,23062378,15
2019-06-04 04:09:27.017,0.1,sell,7874.34,BTC-14JUN19-8500-C,86.89,0.0285,0.1,2,1559621367017,23161503,16
2019-06-04 04:40:54.277,0.4,sell,7911.61,BTC-14JUN19-8500-C,88.75,0.031,0.4,0,1559623254277,23166268,17
2019-06-04 04:40:54.279,2.6,buy,7911.61,BTC-14JUN19-8500-C,88.75,0.031,2.6,1,1559623254279,23166269,18
2019-06-04 04:41:03.479,2.0,buy,7911.47,BTC-14JUN19-8500-C,88.76,0.031,2.0,1,1559623263479,23166271,19
2019-06-04 06:55:12.299,0.5,sell,7863.51,BTC-14JUN19-8500-C,86.39,0.0275,0.5,2,1559631312299,23178017,20
2019-06-04 07:26:12.822,1.0,sell,7811.33,BTC-14JUN19-8500-C,88.87,0.027000000000000003,1.0,2,1559633172822,23185752,21
2019-06-04 07:58:10.665,0.4,buy,7863.55,BTC-14JUN19-8500-C,91.61,0.0305,0.4,0,1559635090665,23188379,22
2019-06-04 07:58:26.332,0.4,buy,7864.7,BTC-14JUN19-8500-C,91.53,0.0305,0.4,1,1559635106332,23188429,23
2019-06-04 07:58:50.193,0.4,buy,7869.67,BTC-14JUN19-8500-C,92.05,0.031,0.4,0,1559635130193,23188457,24
2019-06-04 07:59:20.612,0.5,buy,7867.19,BTC-14JUN19-8500-C,93.04,0.0315,0.5,0,1559635160612,23188466,25
2019-06-04 07:59:20.612,0.3,buy,7867.19,BTC-14JUN19-8500-C,93.04,0.0315,0.3,1,1559635160612,23188467,26
2019-06-04 08:56:00.143,0.3,buy,7927.45,BTC-14JUN19-8500-C,90.16,0.032,0.3,0,1559638560143,23192073,27
2019-06-04 12:34:57.561,0.1,buy,7887.86,BTC-14JUN19-8500-C,90.94,0.0305,0.1,2,1559651697561,23206176,28
2019-06-04 13:08:58.871,1.0,buy,7961.83,BTC-14JUN19-8500-C,87.87,0.0315,1.0,0,1559653738871,23208238,29
2019-06-04 13:10:46.107,0.1,buy,7975.3,BTC-14JUN19-8500-C,87.81,0.032,0.1,0,1559653846107,23208814,30
2019-06-04 13:44:34.255,0.4,buy,7983.19,BTC-14JUN19-8500-C,89.84,0.0335,0.4,0,1559655874255,23212463,31
2019-06-04 13:46:43.201,0.4,sell,7975.78,BTC-14JUN19-8500-C,87.89,0.032,0.4,2,1559656003201,23212610,32
2019-06-04 14:55:21.195,0.2,sell,7962.06,BTC-14JUN19-8500-C,87.36,0.031,0.2,2,1559660121195,23216261,33
2019-06-04 16:46:27.449,24.0,sell,7924.41,BTC-14JUN19-8500-C,83.44,0.027000000000000003,24.0,2,1559666787449,23224775,34
2019-06-04 16:46:27.449,6.0,sell,7924.41,BTC-14JUN19-8500-C,83.44,0.027000000000000003,6.0,3,1559666787449,23224776,35
2019-06-04 17:42:50.568,1.0,sell,7630.16,BTC-14JUN19-8500-C,88.98,0.02,1.0,2,1559670170568,23248562,36
2019-06-04 17:56:24.717,0.2,sell,7615.53,BTC-14JUN19-8500-C,89.87,0.02,0.2,3,1559670984717,23260586,37
2019-06-04 18:25:25.204,0.1,buy,7709.3,BTC-14JUN19-8500-C,92.85,0.0245,0.1,0,1559672725204,23266941,38
2019-06-04 18:54:29.807,0.1,sell,7650.84,BTC-14JUN19-8500-C,87.99,0.02,0.1,2,1559674469807,23269913,39
2019-06-04 21:09:43.893,5.0,buy,7676.29,BTC-14JUN19-8500-C,84.0,0.0185,5.0,2,1559682583893,23295509,40
2019-06-04 21:12:09.616,10.0,buy,7691.37,BTC-14JUN19-8500-C,83.12,0.0185,10.0,3,1559682729616,23295719,41
2019-06-04 21:12:42.550,5.0,buy,7702.89,BTC-14JUN19-8500-C,82.45,0.0185,5.0,3,1559682762550,23295839,42
2019-06-04 21:12:46.116,0.3,buy,7703.11,BTC-14JUN19-8500-C,82.44,0.0185,0.3,3,1559682766116,23295843,43
2019-06-04 22:23:44.984,4.7,buy,7642.76,BTC-14JUN19-8500-C,86.19,0.0185,4.7,3,1559687024984,23314069,44
2019-06-05 00:18:23.322,2.0,sell,7774.85,BTC-14JUN19-8500-C,84.44,0.0215,2.0,0,1559693903322,23324940,45
2019-06-05 02:27:19.381,0.1,buy,7834.52,BTC-14JUN19-8500-C,83.91,0.023,0.1,0,1559701639381,23330829,46
2019-06-05 07:38:10.081,1.5,buy,7793.95,BTC-14JUN19-8500-C,91.19,0.025,1.5,0,1559720290081,23340490,47
2019-06-05 10:07:56.816,0.5,sell,7804.74,BTC-14JUN19-8500-C,83.52,0.021,0.5,2,1559729276816,23346450,48
2019-06-05 14:49:22.022,0.1,buy,7668.66,BTC-14JUN19-8500-C,83.76,0.0165,0.1,2,1559746162022,23368699,49
2019-06-05 14:50:12.478,0.1,buy,7688.91,BTC-14JUN19-8500-C,83.6,0.017,0.1,0,1559746212478,23368850,50
2019-06-05 14:52:30.944,0.1,sell,7669.04,BTC-14JUN19-8500-C,82.68,0.016,0.1,2,1559746350944,23369080,51
2019-06-05 14:59:02.963,0.1,sell,7677.06,BTC-14JUN19-8500-C,83.29,0.0165,0.1,0,1559746742963,23370286,52
2019-06-05 15:23:44.207,0.2,sell,7634.3,BTC-14JUN19-8500-C,84.85,0.016,0.2,2,1559748224207,23372904,53
2019-06-05 15:23:47.528,1.8,buy,7635.18,BTC-14JUN19-8500-C,84.8,0.016,1.8,3,1559748227528,23372985,54
2019-06-05 15:35:52.796,0.2,sell,7601.41,BTC-14JUN19-8500-C,84.63,0.015,0.2,2,1559748952796,23375836,55
2019-06-05 16:05:22.263,0.1,sell,7665.46,BTC-14JUN19-8500-C,89.43,0.019,0.1,0,1559750722263,23378502,56
2019-06-05 16:55:00.284,1.0,sell,7755.43,BTC-14JUN19-8500-C,84.05,0.019,1.0,1,1559753700284,23382751,57
2019-06-05 16:56:19.077,4.0,buy,7770.28,BTC-14JUN19-8500-C,83.12,0.019,4.0,1,1559753779077,23382821,58
2019-06-05 17:45:15.945,2.5,buy,7834.97,BTC-14JUN19-8500-C,82.15,0.0205,2.5,0,1559756715945,23386831,59
2019-06-05 18:41:30.658,0.3,sell,7749.21,BTC-14JUN19-8500-C,86.8,0.02,0.3,2,1559760090658,23390894,60
2019-06-05 19:15:48.816,0.1,buy,7830.98,BTC-14JUN19-8500-C,83.68,0.021,0.1,0,1559762148816,23394124,61
2019-06-05 19:16:32.575,0.1,buy,7827.41,BTC-14JUN19-8500-C,83.91,0.021,0.1,1,1559762192575,23394166,62
2019-06-05 19:30:09.723,24.0,sell,7829.49,BTC-14JUN19-8500-C,81.87,0.02,24.0,2,1559763009723,23394734,63
2019-06-05 20:21:17.357,0.8,buy,7891.33,BTC-14JUN19-8500-C,79.97,0.021,0.8,0,1559766077357,23398318,64
2019-06-05 23:49:44.341,1.0,sell,7791.64,BTC-14JUN19-8500-C,86.19,0.0205,1.0,2,1559778584341,23430160,65
2019-06-06 00:45:56.974,3.6,sell,7774.6,BTC-14JUN19-8500-C,82.42,0.018000000000000002,3.6,2,1559781956974,23433398,66
2019-06-06 03:51:01.907,0.1,buy,7867.65,BTC-14JUN19-8500-C,81.09,0.02,0.1,0,1559793061907,23439512,67
2019-06-06 03:52:59.636,0.2,buy,7863.09,BTC-14JUN19-8500-C,81.4,0.02,0.2,1,1559793179636,23439626,68
2019-06-06 03:57:44.114,0.3,buy,7868.31,BTC-14JUN19-8500-C,81.07,0.02,0.3,1,1559793464114,23439761,69
2019-06-06 06:38:59.236,20.0,buy,7806.11,BTC-14JUN19-8500-C,77.44,0.016,20.0,2,1559803139236,23443162,70
2019-06-06 06:44:15.616,1.0,sell,7817.17,BTC-14JUN19-8500-C,75.69,0.0155,1.0,2,1559803455616,23443305,71
2019-06-06 07:13:13.643,0.3,buy,7801.36,BTC-14JUN19-8500-C,78.92,0.0165,0.3,0,1559805193643,23443926,72
2019-06-06 07:55:07.877,5.5,sell,7768.35,BTC-14JUN19-8500-C,76.79,0.0145,5.5,2,1559807707877,23445386,73
2019-06-06 09:16:24.349,20.0,sell,7813.62,BTC-14JUN19-8500-C,75.33,0.015,20.0,0,1559812584349,23448077,74
2019-06-06 09:59:16.045,10.0,sell,7774.75,BTC-14JUN19-8500-C,74.57,0.0135,10.0,2,1559815156045,23449087,75
2019-06-06 10:26:06.306,10.0,buy,7807.0,BTC-14JUN19-8500-C,74.89,0.0145,10.0,0,1559816766306,23449862,76
2019-06-06 12:39:33.346,0.2,sell,7764.13,BTC-14JUN19-8500-C,74.61,0.013000000000000001,0.2,2,1559824773346,23460797,77
2019-06-06 13:20:16.557,0.2,sell,7676.31,BTC-14JUN19-8500-C,80.11,0.013000000000000001,0.2,3,1559827216557,23467780,78
2019-06-06 14:11:44.645,0.1,sell,7680.19,BTC-14JUN19-8500-C,78.85,0.0125,0.1,2,1559830304645,23474053,79
2019-06-06 14:11:44.645,0.5,sell,7680.19,BTC-14JUN19-8500-C,78.85,0.0125,0.5,3,1559830304645,23474054,80
2019-06-06 14:45:49.977,0.1,sell,7643.09,BTC-14JUN19-8500-C,78.73,0.0115,0.1,2,1559832349977,23478328,81
2019-06-06 14:47:29.332,0.3,sell,7636.35,BTC-14JUN19-8500-C,79.13,0.0115,0.3,3,1559832449332,23478922,82
2019-06-06 18:07:59.072,3.1,sell,7626.99,BTC-14JUN19-8500-C,76.5,0.01,3.1,2,1559844479072,23497902,83
2019-06-06 18:07:59.081,2.0,sell,7626.99,BTC-14JUN19-8500-C,76.5,0.01,2.0,3,1559844479081,23497903,84
2019-06-06 19:02:02.974,5.0,buy,7571.6,BTC-14JUN19-8500-C,78.55,0.0095,5.0,2,1559847722974,23517706,85
2019-06-06 20:14:25.992,6.2,buy,7651.73,BTC-14JUN19-8500-C,75.49,0.01,6.2,0,1559852065992,23525124,86
2019-06-06 20:14:25.992,10.6,buy,7651.73,BTC-14JUN19-8500-C,75.49,0.01,10.6,1,1559852065992,23525126,88
2019-06-06 20:14:25.992,3.4,buy,7651.73,BTC-14JUN19-8500-C,75.49,0.01,3.4,1,1559852065992,23525127,89
2019-06-06 20:14:25.992,0.6,buy,7651.73,BTC-14JUN19-8500-C,75.49,0.01,0.6,1,1559852065992,23525128,90
2019-06-06 20:14:25.992,4.2,buy,7651.73,BTC-14JUN19-8500-C,75.49,0.01,4.2,1,1559852065992,23525125,87
2019-06-06 20:20:37.049,3.3000000000000003,buy,7684.54,BTC-14JUN19-8500-C,73.57,0.01,3.3000000000000003,1,1559852437049,23526392,97
2019-06-06 20:20:37.049,3.0,buy,7684.54,BTC-14JUN19-8500-C,73.57,0.01,3.0,1,1559852437049,23526388,93
2019-06-06 20:20:37.049,2.5,buy,7684.54,BTC-14JUN19-8500-C,73.57,0.01,2.5,1,1559852437049,23526387,92
2019-06-06 20:20:37.049,2.2,buy,7684.54,BTC-14JUN19-8500-C,73.57,0.01,2.2,1,1559852437049,23526389,94
2019-06-06 20:20:37.049,10.1,buy,7684.54,BTC-14JUN19-8500-C,73.57,0.01,10.1,1,1559852437049,23526391,96
2019-06-06 20:20:37.049,0.1,buy,7684.54,BTC-14JUN19-8500-C,73.57,0.01,0.1,1,1559852437049,23526386,91
2019-06-06 20:20:37.049,3.8,buy,7684.54,BTC-14JUN19-8500-C,73.57,0.01,3.8,1,1559852437049,23526390,95
2019-06-06 20:23:40.063,0.2,buy,7693.65,BTC-14JUN19-8500-C,73.04,0.01,0.2,1,1559852620063,23526885,100
2019-06-06 20:23:40.063,2.3000000000000003,buy,7693.65,BTC-14JUN19-8500-C,73.04,0.01,2.3000000000000003,1,1559852620063,23526884,99
2019-06-06 20:23:40.063,2.5,buy,7693.65,BTC-14JUN19-8500-C,73.04,0.01,2.5,1,1559852620063,23526883,98
2019-06-06 20:23:40.856,1.6,buy,7693.23,BTC-14JUN19-8500-C,73.07,0.01,1.6,1,1559852620856,23526896,102
2019-06-06 20:23:40.856,8.4,buy,7693.23,BTC-14JUN19-8500-C,73.07,0.01,8.4,1,1559852620856,23526895,101
2019-06-06 20:23:40.863,5.1000000000000005,buy,7693.23,BTC-14JUN19-8500-C,73.07,0.01,5.1000000000000005,1,1559852620863,23526898,104
2019-06-06 20:23:40.863,1.1,buy,7693.23,BTC-14JUN19-8500-C,73.07,0.01,1.1,1,1559852620863,23526897,103
2019-06-06 20:23:40.863,3.8,buy,7693.23,BTC-14JUN19-8500-C,73.07,0.01,3.8,1,1559852620863,23526899,105
2019-06-06 20:23:40.877,1.9,buy,7693.23,BTC-14JUN19-8500-C,73.07,0.01,1.9,1,1559852620877,23526901,107
2019-06-06 20:23:40.877,8.2,buy,7693.23,BTC-14JUN19-8500-C,73.07,0.01,8.2,1,1559852620877,23526900,106
2019-06-06 20:23:42.198,1.4,buy,7693.14,BTC-14JUN19-8500-C,73.07,0.01,1.4,1,1559852622198,23526906,108
2019-06-06 20:23:42.198,3.6,buy,7693.14,BTC-14JUN19-8500-C,73.07,0.01,3.6,1,1559852622198,23526907,109
2019-06-06 20:23:42.510,1.0,buy,7694.71,BTC-14JUN19-8500-C,72.98,0.01,1.0,1,1559852622510,23526908,110
2019-06-06 20:23:45.483,1.0,buy,7696.71,BTC-14JUN19-8500-C,72.86,0.01,1.0,1,1559852625483,23526911,111
2019-06-06 20:23:48.010,1.0,buy,7697.43,BTC-14JUN19-8500-C,72.82,0.01,1.0,1,1559852628010,23526913,112
2019-06-06 20:41:13.362,0.4,buy,7700.67,BTC-14JUN19-8500-C,77.77,0.012,0.4,0,1559853673362,23529199,113
2019-06-06 21:09:35.193,0.5,sell,7704.57,BTC-14JUN19-8500-C,73.85,0.0105,0.5,2,1559855375193,23530636,114
2019-06-06 21:09:41.311,0.5,sell,7704.6,BTC-14JUN19-8500-C,73.85,0.0105,0.5,3,1559855381311,23530659,115
2019-06-06 21:21:01.340,1.0,sell,7707.13,BTC-14JUN19-8500-C,73.73,0.0105,1.0,3,1559856061340,23531117,116
2019-06-06 21:41:23.964,0.1,buy,7736.3,BTC-14JUN19-8500-C,75.79,0.012,0.1,0,1559857283964,23532706,117
2019-06-06 22:59:57.063,1.0,sell,7730.54,BTC-14JUN19-8500-C,72.66,0.0105,1.0,2,1559861997063,23536134,118
2019-06-06 23:48:16.436,3.5,buy,7806.15,BTC-14JUN19-8500-C,71.88,0.012,3.5,1,1559864896436,23540894,120
2019-06-06 23:48:16.436,1.5,buy,7806.15,BTC-14JUN19-8500-C,71.88,0.012,1.5,0,1559864896436,23540893,119
2019-06-07 00:11:49.000,0.1,buy,7804.55,BTC-14JUN19-8500-C,73.26,0.0125,0.1,0,1559866309000,23543603,121
2019-06-07 01:10:09.646,0.9,sell,7780.16,BTC-14JUN19-8500-C,75.01,0.0125,0.9,1,1559869809646,23546275,122
2019-06-07 02:37:06.913,0.3,sell,7777.61,BTC-14JUN19-8500-C,71.78,0.011000000000000001,0.3,2,1559875026913,23549633,123
2019-06-07 03:40:21.344,0.1,sell,7791.99,BTC-14JUN19-8500-C,71.1,0.011,0.1,3,1559878821344,23552843,124
2019-06-07 04:09:03.167,0.1,sell,7818.09,BTC-14JUN19-8500-C,70.8,0.0115,0.1,0,1559880543167,23554548,125
2019-06-07 04:49:32.882,2.0,sell,7791.93,BTC-14JUN19-8500-C,71.35,0.011000000000000001,2.0,2,1559882972882,23555895,126
2019-06-07 05:12:58.505,0.4,sell,7787.48,BTC-14JUN19-8500-C,71.71,0.011000000000000001,0.4,3,1559884378505,23556835,127
2019-06-07 06:04:24.723,0.7000000000000001,buy,7882.73,BTC-14JUN19-8500-C,70.6,0.013000000000000001,0.7000000000000001,0,1559887464723,23558996,128
2019-06-07 06:04:25.033,0.7000000000000001,buy,7882.73,BTC-14JUN19-8500-C,70.6,0.013000000000000001,0.7000000000000001,1,1559887465033,23559007,129
2019-06-07 06:04:25.294,0.7000000000000001,buy,7882.73,BTC-14JUN19-8500-C,70.6,0.013000000000000001,0.7000000000000001,1,1559887465294,23559010,130
2019-06-07 06:17:11.476,5.0,buy,7961.77,BTC-14JUN19-8500-C,69.82,0.015,5.0,0,1559888231476,23562889,131
2019-06-07 06:17:13.622,1.1,sell,7960.92,BTC-14JUN19-8500-C,70.97,0.0155,1.1,0,1559888233622,23562891,132
2019-06-07 06:37:50.282,0.2,sell,7894.59,BTC-14JUN19-8500-C,72.23,0.013999999999999999,0.2,2,1559889470282,23565399,133
2019-06-07 07:01:04.388,5.5,buy,7938.44,BTC-14JUN19-8500-C,72.68,0.0155,5.5,0,1559890864388,23566835,134
2019-06-07 07:37:12.264,0.2,buy,7969.11,BTC-14JUN19-8500-C,71.76,0.016,0.2,0,1559893032264,23573056,135
2019-06-07 08:13:30.931,0.1,buy,8013.92,BTC-14JUN19-8500-C,67.65,0.0155,0.1,2,1559895210931,23578098,136
2019-06-07 08:20:51.658,1.0,buy,7997.24,BTC-14JUN19-8500-C,68.85,0.0155,1.0,3,1559895651658,23578936,137
2019-06-07 08:27:38.274,0.5,sell,7990.99,BTC-14JUN19-8500-C,68.23,0.015,0.5,2,1559896058274,23579393,138
2019-06-07 08:27:45.391,0.5,sell,7991.32,BTC-14JUN19-8500-C,68.21,0.015,0.5,3,1559896065391,23579397,139
2019-06-07 08:28:27.705,1.0,sell,7996.63,BTC-14JUN19-8500-C,66.74,0.0145,1.0,2,1559896107705,23579423,140
2019-06-07 08:29:13.730,5.0,buy,7997.56,BTC-14JUN19-8500-C,68.86,0.0155,5.0,0,1559896153730,23579443,141
2019-06-07 08:30:26.910,1.0,sell,7995.59,BTC-14JUN19-8500-C,65.72,0.013999999999999999,1.0,2,1559896226910,23579468,142
2019-06-07 08:30:26.910,1.0,sell,7995.59,BTC-14JUN19-8500-C,65.72,0.013999999999999999,1.0,3,1559896226910,23579469,143
2019-06-07 09:03:03.867,0.1,buy,7993.28,BTC-14JUN19-8500-C,71.43,0.0165,0.1,0,1559898183867,23580554,144
2019-06-07 09:41:57.119,2.0,buy,7960.31,BTC-14JUN19-8500-C,73.92,0.0165,2.0,1,1559900517119,23582394,145
2019-06-07 09:41:57.119,3.0,buy,7960.31,BTC-14JUN19-8500-C,73.92,0.0165,3.0,1,1559900517119,23582395,146
2019-06-07 11:55:58.616,0.1,buy,7916.16,BTC-14JUN19-8500-C,73.06,0.0145,0.1,2,1559908558616,23585878,147
2019-06-07 11:56:07.471,0.1,buy,7915.67,BTC-14JUN19-8500-C,73.09,0.0145,0.1,3,1559908567471,23585881,148
2019-06-07 11:56:11.906,0.1,buy,7914.57,BTC-14JUN19-8500-C,73.17,0.0145,0.1,3,1559908571906,23585883,149
2019-06-07 11:56:18.070,0.1,buy,7914.54,BTC-14JUN19-8500-C,73.17,0.0145,0.1,3,1559908578070,23585886,150
2019-06-07 12:41:36.072,0.1,buy,7945.83,BTC-14JUN19-8500-C,74.52,0.016,0.1,0,1559911296072,23586930,151
2019-06-07 13:42:50.436,0.5,buy,7978.17,BTC-14JUN19-8500-C,68.0,0.013999999999999999,0.5,3,1559914970436,23588922,153
2019-06-07 13:42:50.436,0.5,buy,7978.17,BTC-14JUN19-8500-C,68.0,0.013999999999999999,0.5,2,1559914970436,23588921,152
2019-06-07 13:47:27.320,0.5,buy,7974.32,BTC-14JUN19-8500-C,68.28,0.013999999999999999,0.5,3,1559915247320,23589240,154
2019-06-07 14:17:02.648,0.4,buy,7964.84,BTC-14JUN19-8500-C,70.18,0.0145,0.4,1,1559917022648,23590089,157
2019-06-07 14:17:02.648,0.5,buy,7964.84,BTC-14JUN19-8500-C,70.18,0.0145,0.5,0,1559917022648,23590087,155
2019-06-07 14:17:02.648,0.5,buy,7964.84,BTC-14JUN19-8500-C,70.18,0.0145,0.5,1,1559917022648,23590088,156
2019-06-07 14:26:19.603,0.1,sell,7978.46,BTC-14JUN19-8500-C,65.84,0.013000000000000001,0.1,2,1559917579603,23590213,158
2019-06-07 16:24:46.754,0.3,buy,8032.69,BTC-14JUN19-8500-C,69.08,0.016,0.3,0,1559924686754,23596826,159
2019-06-07 17:36:48.353,0.2,sell,8081.35,BTC-14JUN19-8500-C,66.79,0.0165,0.2,0,1559929008353,23604264,160
2019-06-07 17:53:10.499,0.5,buy,8083.67,BTC-14JUN19-8500-C,69.85,0.018000000000000002,0.5,0,1559929990499,23604771,161
2019-06-07 18:01:02.414,0.2,buy,8104.59,BTC-14JUN19-8500-C,69.31,0.0185,0.2,0,1559930462414,23605086,162
2019-06-07 18:22:29.623,1.0,buy,8094.77,BTC-14JUN19-8500-C,71.19,0.019,1.0,0,1559931749623,23605906,163
2019-06-07 18:22:45.553,2.5,buy,8095.32,BTC-14JUN19-8500-C,71.15,0.019,2.5,1,1559931765553,23605907,164
2019-06-07 18:22:45.616,1.5,sell,8095.32,BTC-14JUN19-8500-C,71.15,0.019,1.5,1,1559931765616,23605908,165
2019-06-07 18:32:39.044,0.5,buy,8104.13,BTC-14JUN19-8500-C,68.42,0.018000000000000002,0.5,2,1559932359044,23606266,166
2019-06-07 19:14:13.224,2.5,sell,8042.14,BTC-14JUN19-8500-C,70.09,0.0165,2.5,2,1559934853224,23608720,167
2019-06-07 19:14:15.908,0.7000000000000001,sell,8034.13,BTC-14JUN19-8500-C,70.69,0.0165,0.7000000000000001,3,1559934855908,23608820,168
2019-06-07 19:14:17.306,2.5,sell,8031.71,BTC-14JUN19-8500-C,70.87,0.0165,2.5,3,1559934857306,23608892,169
2019-06-07 19:14:19.966,0.7000000000000001,sell,8024.7,BTC-14JUN19-8500-C,71.39,0.0165,0.7000000000000001,3,1559934859966,23609019,170
2019-06-07 19:14:20.039,0.7000000000000001,sell,8024.7,BTC-14JUN19-8500-C,71.39,0.0165,0.7000000000000001,3,1559934860039,23609034,171
2019-06-07 19:14:20.324,0.7000000000000001,sell,8024.7,BTC-14JUN19-8500-C,71.39,0.0165,0.7000000000000001,3,1559934860324,23609045,172
2019-06-07 19:14:20.432,0.7000000000000001,sell,8017.15,BTC-14JUN19-8500-C,71.95,0.0165,0.7000000000000001,3,1559934860432,23609047,173
2019-06-07 19:14:22.396,1.3,sell,8015.91,BTC-14JUN19-8500-C,72.04,0.0165,1.3,3,1559934862396,23609098,174
2019-06-07 19:14:22.396,0.2,sell,8015.91,BTC-14JUN19-8500-C,72.04,0.0165,0.2,3,1559934862396,23609099,175
2019-06-07 19:14:22.396,0.2,sell,8015.91,BTC-14JUN19-8500-C,72.04,0.0165,0.2,3,1559934862396,23609100,176
2019-06-07 19:31:46.347,0.2,buy,8034.55,BTC-14JUN19-8500-C,70.72,0.0165,0.2,3,1559935906347,23611952,177
2019-06-07 19:40:13.367,0.7000000000000001,sell,8005.97,BTC-14JUN19-8500-C,71.77,0.016,0.7000000000000001,2,1559936413367,23612359,178
2019-06-07 19:40:14.293,0.1,sell,8005.97,BTC-14JUN19-8500-C,71.77,0.016,0.1,3,1559936414293,23612362,179
2019-06-07 19:41:22.673,0.2,sell,8019.31,BTC-14JUN19-8500-C,69.69,0.0155,0.2,2,1559936482673,23612633,180
2019-06-07 20:00:38.700,0.2,sell,7966.96,BTC-14JUN19-8500-C,71.31,0.0145,0.2,2,1559937638700,23615103,181
2019-06-07 20:00:38.700,0.2,sell,7966.96,BTC-14JUN19-8500-C,71.31,0.0145,0.2,3,1559937638700,23615104,182
2019-06-07 20:58:20.555,0.7000000000000001,sell,7945.83,BTC-14JUN19-8500-C,67.12,0.012,0.7000000000000001,2,1559941100555,23619430,183
2019-06-07 21:00:40.698,0.7000000000000001,sell,7882.37,BTC-14JUN19-8500-C,66.39,0.01,0.7000000000000001,3,1559941240698,23621439,185
2019-06-07 21:00:40.698,8.3,sell,7882.37,BTC-14JUN19-8500-C,66.39,0.01,8.3,3,1559941240698,23621440,186
2019-06-07 21:00:40.698,1.0,sell,7882.37,BTC-14JUN19-8500-C,66.39,0.01,1.0,2,1559941240698,23621438,184
2019-06-07 21:10:44.170,1.0,buy,7914.2,BTC-14JUN19-8500-C,69.34,0.012,1.0,0,1559941844170,23622502,187
2019-06-07 21:56:34.221,0.7000000000000001,buy,7955.04,BTC-14JUN19-8500-C,66.69,0.012,0.7000000000000001,1,1559944594221,23625790,188
2019-06-07 21:56:34.311,0.7000000000000001,buy,7955.04,BTC-14JUN19-8500-C,66.69,0.012,0.7000000000000001,1,1559944594311,23625792,189
2019-06-07 21:58:11.062,0.7000000000000001,buy,7955.86,BTC-14JUN19-8500-C,66.64,0.012,0.7000000000000001,1,1559944691062,23625828,190
2019-06-07 21:58:11.291,0.7000000000000001,buy,7955.86,BTC-14JUN19-8500-C,66.64,0.012,0.7000000000000001,1,1559944691291,23625830,191
2019-06-07 22:07:21.200,2.7,buy,7966.37,BTC-14JUN19-8500-C,65.94,0.012,2.7,1,1559945241200,23626364,197
2019-06-07 22:07:21.200,4.8,buy,7966.37,BTC-14JUN19-8500-C,65.94,0.012,4.8,1,1559945241200,23626362,195
2019-06-07 22:07:21.200,9.6,buy,7966.37,BTC-14JUN19-8500-C,65.94,0.012,9.6,1,1559945241200,23626363,196
2019-06-07 22:07:21.200,3.6,buy,7966.37,BTC-14JUN19-8500-C,65.94,0.012,3.6,1,1559945241200,23626360,193
2019-06-07 22:07:21.200,0.7000000000000001,buy,7966.37,BTC-14JUN19-8500-C,65.94,0.012,0.7000000000000001,1,1559945241200,23626361,194
2019-06-07 22:07:21.200,3.6,buy,7966.37,BTC-14JUN19-8500-C,65.94,0.012,3.6,1,1559945241200,23626359,192
2019-06-07 22:15:31.014,7.9,buy,7975.54,BTC-14JUN19-8500-C,65.32,0.012,7.9,1,1559945731014,23626632,201
2019-06-07 22:15:31.014,10.0,buy,7975.54,BTC-14JUN19-8500-C,65.32,0.012,10.0,1,1559945731014,23626631,200
2019-06-07 22:15:31.014,3.3000000000000003,buy,7975.54,BTC-14JUN19-8500-C,65.32,0.012,3.3000000000000003,1,1559945731014,23626630,199
2019-06-07 22:15:31.014,2.8000000000000003,buy,7975.54,BTC-14JUN19-8500-C,65.32,0.012,2.8000000000000003,1,1559945731014,23626629,198
2019-06-07 22:15:31.066,2.1,buy,7975.54,BTC-14JUN19-8500-C,65.32,0.012,2.1,1,1559945731066,23626638,207
2019-06-07 22:15:31.066,2.5,buy,7975.54,BTC-14JUN19-8500-C,65.32,0.012,2.5,1,1559945731066,23626636,205
2019-06-07 22:15:31.066,2.2,buy,7975.54,BTC-14JUN19-8500-C,65.32,0.012,2.2,1,1559945731066,23626635,204
2019-06-07 22:15:31.066,4.0,buy,7975.54,BTC-14JUN19-8500-C,65.32,0.012,4.0,1,1559945731066,23626639,208
2019-06-07 22:15:31.066,1.4,buy,7975.54,BTC-14JUN19-8500-C,65.32,0.012,1.4,1,1559945731066,23626641,210
2019-06-07 22:15:31.066,2.4,buy,7975.54,BTC-14JUN19-8500-C,65.32,0.012,2.4,1,1559945731066,23626640,209
2019-06-07 22:15:31.066,2.9,buy,7975.54,BTC-14JUN19-8500-C,65.32,0.012,2.9,1,1559945731066,23626634,203
2019-06-07 22:15:31.066,2.9,buy,7975.54,BTC-14JUN19-8500-C,65.32,0.012,2.9,1,1559945731066,23626637,206
2019-06-07 22:15:31.066,3.6,buy,7975.54,BTC-14JUN19-8500-C,65.32,0.012,3.6,1,1559945731066,23626633,202
2019-06-07 22:15:31.117,6.4,buy,7975.54,BTC-14JUN19-8500-C,65.32,0.012,6.4,1,1559945731117,23626642,211
2019-06-07 22:15:31.117,3.1,buy,7975.54,BTC-14JUN19-8500-C,65.32,0.012,3.1,1,1559945731117,23626643,212
2019-06-07 22:20:41.020,5.0,sell,7993.75,BTC-14JUN19-8500-C,64.07,0.012,5.0,1,1559946041020,23627013,213
2019-06-07 22:20:58.511,5.0,sell,7993.91,BTC-14JUN19-8500-C,61.64,0.011000000000000001,5.0,2,1559946058511,23627024,214
2019-06-08 00:33:25.033,1.0,buy,8037.9,BTC-14JUN19-8500-C,70.52,0.016,1.0,0,1559954005033,23632316,215
2019-06-08 00:37:57.276,10.0,sell,8024.92,BTC-14JUN19-8500-C,62.32,0.012,10.0,2,1559954277276,23632421,216
2019-06-08 00:37:57.276,8.0,sell,8024.92,BTC-14JUN19-8500-C,59.93,0.011000000000000001,8.0,2,1559954277276,23632423,218
2019-06-08 00:37:57.276,2.0,sell,8024.92,BTC-14JUN19-8500-C,61.13,0.0115,2.0,2,1559954277276,23632422,217
2019-06-08 04:16:41.265,0.5,sell,7962.27,BTC-14JUN19-8500-C,61.24,0.0095,0.5,2,1559967401265,23638331,219
2019-06-08 06:32:55.989,4.4,buy,7937.96,BTC-14JUN19-8500-C,69.85,0.012,4.4,0,1559975575989,23646135,220
2019-06-08 08:42:17.202,0.2,buy,7966.97,BTC-14JUN19-8500-C,70.76,0.013000000000000001,0.2,0,1559983337202,23649911,221
2019-06-08 10:17:45.331,0.2,buy,8028.17,BTC-14JUN19-8500-C,73.67,0.016,0.2,0,1559989065331,23652928,222
2019-06-08 10:17:49.290,0.2,buy,8027.4,BTC-14JUN19-8500-C,73.72,0.016,0.2,1,1559989069290,23652930,223
2019-06-08 10:17:49.332,0.2,buy,8027.4,BTC-14JUN19-8500-C,73.72,0.016,0.2,1,1559989069332,23652932,224
2019-06-08 10:17:49.360,0.2,buy,8027.4,BTC-14JUN19-8500-C,73.72,0.016,0.2,1,1559989069360,23652934,225
2019-06-08 14:42:45.302,0.4,buy,7924.01,BTC-14JUN19-8500-C,67.6,0.01,0.4,2,1560004965302,23660298,226
2019-06-09 03:15:57.385,0.5,sell,7883.11,BTC-14JUN19-8500-C,67.92,0.008,0.5,2,1560050157385,23690759,227
2019-06-09 11:32:09.515,0.2,sell,7912.26,BTC-14JUN19-8500-C,69.73,0.0085,0.2,0,1560079929515,23699377,228
2019-06-09 11:34:05.136,0.6,buy,7913.89,BTC-14JUN19-8500-C,69.61,0.0085,0.6,1,1560080045136,23699396,229
2019-06-09 11:46:51.947,1.2,sell,7905.38,BTC-14JUN19-8500-C,68.73,0.008,1.2,2,1560080811947,23699670,230
2019-06-09 12:02:49.349,1.0,sell,7846.34,BTC-14JUN19-8500-C,73.14,0.008,1.0,3,1560081769349,23701592,231
2019-06-09 12:03:40.044,4.0,sell,7817.72,BTC-14JUN19-8500-C,75.23,0.008,4.0,3,1560081820044,23702049,232
2019-06-09 12:03:42.638,16.0,sell,7815.2,BTC-14JUN19-8500-C,75.41,0.008,16.0,3,1560081822638,23702133,233
2019-06-09 12:04:06.300,0.5,sell,7824.55,BTC-14JUN19-8500-C,74.73,0.008,0.5,3,1560081846300,23702429,234
2019-06-09 12:08:55.990,2.0,sell,7819.52,BTC-14JUN19-8500-C,75.12,0.008,2.0,3,1560082135990,23703139,235
2019-06-09 12:13:21.190,1.0,sell,7821.57,BTC-14JUN19-8500-C,75.0,0.008,1.0,3,1560082401190,23703509,236
2019-06-09 12:13:39.858,1.0,sell,7819.6,BTC-14JUN19-8500-C,75.14,0.008,1.0,3,1560082419858,23703524,237
2019-06-09 12:14:02.630,1.0,sell,7825.8,BTC-14JUN19-8500-C,74.69,0.008,1.0,3,1560082442630,23703553,238
2019-06-09 12:18:57.052,2.0,sell,7833.64,BTC-14JUN19-8500-C,74.15,0.008,2.0,3,1560082737052,23703717,239
2019-06-09 12:24:21.827,1.0,sell,7823.22,BTC-14JUN19-8500-C,74.93,0.008,1.0,3,1560083061827,23704003,240
2019-06-09 12:24:28.195,1.0,sell,7823.0,BTC-14JUN19-8500-C,74.95,0.008,1.0,3,1560083068195,23704052,241
2019-06-09 12:24:33.614,1.0,sell,7822.63,BTC-14JUN19-8500-C,74.98,0.008,1.0,3,1560083073614,23704074,242
2019-06-09 12:25:09.959,4.0,sell,7796.31,BTC-14JUN19-8500-C,76.89,0.008,4.0,3,1560083109959,23704398,243
2019-06-09 12:25:10.050,0.6,sell,7796.31,BTC-14JUN19-8500-C,76.89,0.008,0.6,3,1560083110050,23704399,244
2019-06-09 12:25:11.581,2.5,sell,7793.62,BTC-14JUN19-8500-C,77.09,0.008,2.5,3,1560083111581,23704610,245
2019-06-09 12:25:12.220,4.0,sell,7793.62,BTC-14JUN19-8500-C,77.09,0.008,4.0,3,1560083112220,23704767,246
2019-06-09 12:25:16.478,5.7,sell,7779.8,BTC-14JUN19-8500-C,78.08,0.008,5.7,3,1560083116478,23704870,247
2019-06-09 14:07:06.517,0.4,sell,7713.97,BTC-14JUN19-8500-C,77.94,0.0065,0.4,2,1560089226517,23715780,248
2019-06-09 15:27:59.286,1.0,buy,7768.17,BTC-14JUN19-8500-C,68.73,0.005,1.0,2,1560094079286,23721194,249
2019-06-09 19:30:56.714,0.1,buy,7751.54,BTC-14JUN19-8500-C,75.23,0.006,0.1,0,1560108656714,23743109,250
2019-06-09 19:31:23.490,1.9,buy,7750.85,BTC-14JUN19-8500-C,77.22,0.0065,1.9,0,1560108683490,23743148,251
2019-06-09 20:08:29.580,10.0,buy,7738.91,BTC-14JUN19-8500-C,80.2,0.006999999999999999,10.0,0,1560110909580,23745071,252
2019-06-09 22:07:05.532,0.1,sell,7615.06,BTC-14JUN19-8500-C,79.06,0.0045,0.1,2,1560118025532,23756417,253
2019-06-09 22:07:05.532,0.1,sell,7615.06,BTC-14JUN19-8500-C,79.06,0.0045,0.1,3,1560118025532,23756418,254
2019-06-09 22:27:06.742,1.5,sell,7538.96,BTC-14JUN19-8500-C,81.73,0.004,1.5,2,1560119226742,23764017,255
2019-06-09 23:54:10.488,0.5,buy,7658.75,BTC-14JUN19-8500-C,74.33,0.004,0.5,3,1560124450488,23775542,256
2019-06-10 00:35:47.021,0.5,sell,7569.68,BTC-14JUN19-8500-C,74.94,0.003,0.5,2,1560126947021,23783812,257
2019-06-10 01:08:50.694,1.0,buy,7634.03,BTC-14JUN19-8500-C,76.44,0.004,1.0,0,1560128930694,23789205,258
2019-06-10 10:54:33.047,0.1,sell,7661.68,BTC-14JUN19-8500-C,75.68,0.0035,0.1,2,1560164073047,23816912,259
2019-06-10 11:06:32.521,2.5,buy,7649.53,BTC-14JUN19-8500-C,81.93,0.0045,2.5,0,1560164792521,23818247,260
2019-06-10 11:27:46.418,0.6,buy,7780.75,BTC-14JUN19-8500-C,72.55,0.0045,0.6,1,1560166066418,23821785,261
2019-06-10 11:27:47.187,9.4,buy,7780.75,BTC-14JUN19-8500-C,72.55,0.0045,9.4,1,1560166067187,23821842,262
2019-06-10 11:29:07.867,10.0,buy,7786.3,BTC-14JUN19-8500-C,76.66,0.0055,10.0,0,1560166147867,23823178,263
2019-06-10 11:35:20.467,5.0,sell,7940.38,BTC-14JUN19-8500-C,74.17,0.008,5.0,0,1560166520467,23829856,264
2019-06-10 11:37:15.179,0.5,sell,7930.09,BTC-14JUN19-8500-C,75.04,0.008,0.5,1,1560166635179,23831044,265
2019-06-10 11:37:29.175,4.5,sell,7934.22,BTC-14JUN19-8500-C,74.7,0.008,4.5,1,1560166649175,23831139,266
2019-06-10 12:38:48.894,0.1,sell,7995.34,BTC-14JUN19-8500-C,64.65,0.0065,0.1,2,1560170328894,23848340,267
2019-06-10 14:34:21.428,2.9,buy,7965.67,BTC-14JUN19-8500-C,71.46,0.0075,2.9,0,1560177261428,23857872,268
2019-06-10 15:20:51.906,10.0,buy,7929.61,BTC-14JUN19-8500-C,71.05,0.0065,10.0,2,1560180051906,23861200,269
2019-06-10 15:26:05.395,0.1,buy,7898.46,BTC-14JUN19-8500-C,69.58,0.0055,0.1,2,1560180365395,23862028,270
2019-06-10 15:28:42.288,4.5,buy,7920.88,BTC-14JUN19-8500-C,71.82,0.0065,4.5,0,1560180522288,23862261,271
2019-06-10 15:45:05.541,1.3,buy,7925.02,BTC-14JUN19-8500-C,79.01,0.0085,1.3,1,1560181505541,23862929,275
2019-06-10 15:45:05.541,1.0,buy,7925.02,BTC-14JUN19-8500-C,79.01,0.0085,1.0,0,1560181505541,23862928,274
2019-06-10 15:45:05.541,2.6,buy,7925.02,BTC-14JUN19-8500-C,71.59,0.0065,2.6,1,1560181505541,23862926,272
2019-06-10 15:45:05.541,0.1,buy,7925.02,BTC-14JUN19-8500-C,75.37,0.0075,0.1,0,1560181505541,23862927,273
2019-06-10 17:48:49.991,0.4,sell,7945.06,BTC-14JUN19-8500-C,76.4,0.008,0.4,2,1560188929991,23870128,276
2019-06-11 00:37:28.251,2.5,sell,7985.96,BTC-14JUN19-8500-C,75.9,0.008,2.5,3,1560213448251,23889368,277
2019-06-11 00:44:49.162,6.0,sell,7984.24,BTC-14JUN19-8500-C,77.96,0.0085,6.0,0,1560213889162,23889490,278
2019-06-11 00:44:54.974,1.5,sell,7984.28,BTC-14JUN19-8500-C,77.96,0.0085,1.5,1,1560213894974,23889491,279
2019-06-11 03:45:15.520,0.5,sell,7964.95,BTC-14JUN19-8500-C,67.09,0.005,0.5,2,1560224715520,23892589,280
2019-06-11 05:49:35.723,4.4,buy,7963.5,BTC-14JUN19-8500-C,65.84,0.0045,4.4,2,1560232175723,23894376,281
2019-06-11 06:44:42.496,0.1,sell,7928.28,BTC-14JUN19-8500-C,66.76,0.004,0.1,2,1560235482496,23895947,282
2019-06-11 06:50:05.550,0.1,sell,7939.23,BTC-14JUN19-8500-C,65.89,0.004,0.1,3,1560235805550,23896026,283
2019-06-11 15:25:32.795,5.9,sell,7767.81,BTC-14JUN19-8500-C,75.19,0.0025,5.9,2,1560266732795,23934651,284
2019-06-11 16:15:14.810,30.0,sell,7750.28,BTC-14JUN19-8500-C,77.08,0.0025,30.0,3,1560269714810,23937306,285
2019-06-11 16:15:18.594,5.0,sell,7743.15,BTC-14JUN19-8500-C,77.65,0.0025,5.0,3,1560269718594,23937442,286
2019-06-11 16:15:32.656,2.0,sell,7724.79,BTC-14JUN19-8500-C,79.13,0.0025,2.0,3,1560269732656,23937922,287
2019-06-11 16:16:10.616,0.1,sell,7733.29,BTC-14JUN19-8500-C,78.45,0.0025,0.1,3,1560269770616,23938731,288
2019-06-11 16:21:01.463,2.0,sell,7737.62,BTC-14JUN19-8500-C,78.15,0.0025,2.0,3,1560270061463,23939507,289
2019-06-11 16:25:12.762,0.4,buy,7748.8,BTC-14JUN19-8500-C,80.9,0.003,0.4,0,1560270312762,23940140,290
2019-06-11 17:56:33.542,2.0,buy,7880.18,BTC-14JUN19-8500-C,76.85,0.004,2.0,0,1560275793542,23949877,291
2019-06-11 23:07:07.013,0.4,buy,7924.6,BTC-14JUN19-8500-C,73.14,0.0035,0.4,2,1560294427013,23964361,292
2019-06-11 23:23:23.317,4.6000000000000005,buy,7929.69,BTC-14JUN19-8500-C,78.62,0.0045,4.6000000000000005,0,1560295403317,23964565,293
2019-06-12 00:55:26.743,5.0,sell,7845.65,BTC-14JUN19-8500-C,78.28,0.003,5.0,2,1560300926743,23968040,294
2019-06-12 02:47:55.756,1.0,buy,7985.79,BTC-14JUN19-8500-C,78.19,0.005,1.0,0,1560307675756,23972815,295
2019-06-12 09:05:20.364,0.1,sell,7914.81,BTC-14JUN19-8500-C,78.04,0.003,0.1,2,1560330320364,23990707,296
2019-06-12 10:42:58.165,8.6,buy,7997.82,BTC-14JUN19-8500-C,77.52,0.004,8.6,1,1560336178165,23997131,298
2019-06-12 10:42:58.165,0.1,buy,7997.82,BTC-14JUN19-8500-C,77.52,0.004,0.1,0,1560336178165,23997130,297
2019-06-12 10:43:34.067,6.0,buy,7998.8,BTC-14JUN19-8500-C,77.43,0.004,6.0,1,1560336214067,23997141,299
2019-06-12 10:43:53.739,6.3,buy,7998.78,BTC-14JUN19-8500-C,80.44,0.0045,6.3,0,1560336233739,23997143,300
2019-06-12 13:52:50.070,1.0,buy,8019.71,BTC-14JUN19-8500-C,77.94,0.004,1.0,2,1560347570070,24005620,301
2019-06-12 15:10:44.076,1.0,buy,8111.22,BTC-14JUN19-8500-C,74.32,0.005,1.0,0,1560352244076,24014115,302
2019-06-12 15:52:04.440,20.0,buy,8194.73,BTC-14JUN19-8500-C,74.37,0.006999999999999999,20.0,0,1560354724440,24027908,303
2019-06-12 15:57:03.353,10.0,buy,8193.83,BTC-14JUN19-8500-C,79.24,0.008,10.0,0,1560355023353,24028331,304
2019-06-12 16:23:31.359,5.0,buy,8207.01,BTC-14JUN19-8500-C,80.1,0.0085,5.0,0,1560356611359,24030003,305
2019-06-12 17:01:33.136,5.0,sell,8181.11,BTC-14JUN19-8500-C,77.34,0.006999999999999999,5.0,2,1560358893136,24031573,306
2019-06-12 17:08:07.276,1.7,sell,8181.08,BTC-14JUN19-8500-C,67.32,0.005,1.7,2,1560359287276,24031819,307
2019-06-12 23:52:37.839,5.0,buy,8151.33,BTC-14JUN19-8500-C,81.19,0.0055,5.0,0,1560383557839,24045065,308
2019-06-13 00:16:56.256,0.7000000000000001,buy,8180.04,BTC-14JUN19-8500-C,80.4,0.006,0.7000000000000001,0,1560385016256,24046234,309
2019-06-13 01:27:06.175,0.2,sell,8152.13,BTC-14JUN19-8500-C,66.85,0.003,0.2,2,1560389226175,24048155,310
2019-06-13 08:37:56.018,1.0,sell,8130.2,BTC-14JUN19-8500-C,75.3,0.0025,1.0,3,1560415076018,24057464,312
2019-06-13 08:37:56.018,5.0,sell,8130.2,BTC-14JUN19-8500-C,75.3,0.0025,5.0,2,1560415076018,24057463,311
2019-06-13 10:30:25.600,0.5,buy,8087.44,BTC-14JUN19-8500-C,84.85,0.0025,0.5,3,1560421825600,24061993,313
2019-06-13 10:32:57.090,0.1,buy,8084.44,BTC-14JUN19-8500-C,85.39,0.0025,0.1,3,1560421977090,24062098,314
2019-06-13 10:49:09.017,0.6,sell,8099.15,BTC-14JUN19-8500-C,78.56,0.002,0.6,2,1560422949017,24062432,315
2019-06-13 12:02:49.250,5.0,sell,8122.73,BTC-14JUN19-8500-C,64.85,0.001,5.0,2,1560427369250,24064036,316
2019-06-13 12:47:26.459,1.0,sell,8062.17,BTC-14JUN19-8500-C,81.72,0.0015,1.0,0,1560430046459,24067097,317
2019-06-13 13:04:59.203,4.0,buy,8159.32,BTC-14JUN19-8500-C,73.88,0.002,4.0,0,1560431099203,24070404,318
2019-06-13 13:22:05.940,6.0,buy,8165.86,BTC-14JUN19-8500-C,73.41,0.002,6.0,1,1560432125940,24071993,319
2019-06-13 16:05:48.166,4.0,buy,8177.52,BTC-14JUN19-8500-C,82.96,0.0025,4.0,0,1560441948166,24082244,320
2019-06-13 17:30:22.429,3.0,buy,8189.86,BTC-14JUN19-8500-C,78.92,0.002,3.0,2,1560447022429,24083968,321
2019-06-13 17:57:04.639,2.0,sell,8184.86,BTC-14JUN19-8500-C,67.25,0.001,2.0,2,1560448624639,24084366,322
2019-06-13 18:13:29.778,20.0,sell,8217.03,BTC-14JUN19-8500-C,62.55,0.001,20.0,3,1560449609778,24085248,323
2019-06-13 18:13:29.778,1.0,sell,8217.03,BTC-14JUN19-8500-C,62.55,0.001,1.0,3,1560449609778,24085249,324
2019-06-13 18:13:29.778,11.9,sell,8217.03,BTC-14JUN19-8500-C,62.55,0.001,11.9,3,1560449609778,24085250,325
2019-06-13 18:18:23.523,2.0,buy,8235.21,BTC-14JUN19-8500-C,66.65,0.0015,2.0,0,1560449903523,24085990,326
2019-06-13 18:18:23.523,1.6,buy,8235.21,BTC-14JUN19-8500-C,66.65,0.0015,1.6,1,1560449903523,24085991,327
2019-06-13 18:19:47.478,0.1,buy,8241.27,BTC-14JUN19-8500-C,65.63,0.0015,0.1,1,1560449987478,24086161,328
2019-06-13 18:19:47.478,0.1,buy,8241.27,BTC-14JUN19-8500-C,65.63,0.0015,0.1,1,1560449987478,24086162,329
2019-06-13 18:29:25.511,0.6,sell,8214.78,BTC-14JUN19-8500-C,70.8,0.0015,0.6,1,1560450565511,24086823,330
2019-06-13 20:03:56.759,20.0,buy,8251.78,BTC-14JUN19-8500-C,85.58,0.003,20.0,0,1560456236759,24093342,331
2019-06-13 20:50:21.614,3.4,buy,8268.49,BTC-14JUN19-8500-C,84.64,0.003,3.4,1,1560459021614,24094462,332
2019-06-13 21:30:56.863,0.6,buy,8296.39,BTC-14JUN19-8500-C,75.28,0.0025,0.6,2,1560461456863,24097624,333
2019-06-13 21:54:17.734,10.0,sell,8328.02,BTC-14JUN19-8500-C,79.18,0.0035,10.0,0,1560462857734,24098903,334
2019-06-13 21:58:20.646,0.2,buy,8329.9,BTC-14JUN19-8500-C,83.75,0.004,0.2,0,1560463100646,24099054,335
2019-06-13 22:15:29.380,0.1,sell,8318.73,BTC-14JUN19-8500-C,83.06,0.0035,0.1,2,1560464129380,24100575,336
2019-06-13 22:31:48.635,0.1,sell,8287.06,BTC-14JUN19-8500-C,81.52,0.0025,0.1,2,1560465108635,24101220,337
2019-06-13 22:44:37.960,0.1,sell,8285.62,BTC-14JUN19-8500-C,76.63,0.002,0.1,2,1560465877960,24101861,338
2019-06-14 01:52:27.527,5.0,sell,8192.76,BTC-14JUN19-8500-C,99.82,0.001,5.0,2,1560477147527,24110643,339
2019-06-14 02:45:43.170,0.1,sell,8216.4,BTC-14JUN19-8500-C,86.72,0.0005,0.1,2,1560480343170,24112629,340
2019-06-14 02:45:43.170,0.1,sell,8216.4,BTC-14JUN19-8500-C,86.72,0.0005,0.1,3,1560480343170,24112630,341
2019-06-14 02:45:43.170,0.1,sell,8216.4,BTC-14JUN19-8500-C,86.72,0.0005,0.1,3,1560480343170,24112631,342
2019-06-14 03:46:29.103,0.1,buy,8215.38,BTC-14JUN19-8500-C,113.37,0.001,0.1,0,1560483989103,24113273,343
