date_utc,amount,direction,indexPrice,instrument,iv,price,quantity,tickDirection,timeStamp,tradeId,tradeSeq
2019-03-21 14:38:43.812,30.0,sell,136.32,ETH-28JUN19-200-C,86.67,0.059,30.0,1,1553179123812,86232,2
2019-03-21 14:38:43.812,60.0,sell,136.32,ETH-28JUN19-200-C,86.67,0.059,60.0,1,1553179123812,86231,1
2019-03-21 14:55:25.838,30.0,sell,135.07,ETH-28JUN19-200-C,84.68,0.054000000000000006,30.0,2,1553180125838,88050,3
2019-03-21 15:07:56.833,28.0,sell,134.05,ETH-28JUN19-200-C,84.62,0.052000000000000005,28.0,2,1553180876833,91317,4
2019-03-21 16:47:10.405,50.0,sell,133.24,ETH-28JUN19-200-C,80.97,0.045,50.0,2,1553186830405,93403,5
2019-03-21 21:56:34.340,50.0,buy,135.34,ETH-28JUN19-200-C,79.33,0.045,50.0,3,1553205394340,95345,6
2019-03-22 10:16:56.942,10.0,sell,135.59,ETH-28JUN19-200-C,76.78,0.041,10.0,2,1553249816942,99312,7
2019-03-22 12:28:17.823,10.0,sell,135.4,ETH-28JUN19-200-C,73.89,0.036000000000000004,10.0,2,1553257697823,100266,8
2019-03-22 14:38:21.661,24.0,buy,136.65,ETH-28JUN19-200-C,74.23,0.038,24.0,0,1553265501661,102131,9
2019-03-22 21:52:23.624,1.0,sell,136.07,ETH-28JUN19-200-C,72.16,0.034,1.0,2,1553291543624,105189,10
2019-03-23 11:06:52.268,2.0,buy,136.75,ETH-28JUN19-200-C,75.7,0.04,2.0,0,1553339212268,112447,11
2019-03-23 22:20:39.070,10.0,buy,136.25,ETH-28JUN19-200-C,74.6,0.038,10.0,2,1553379639070,116285,12
2019-03-24 04:34:38.756,50.0,buy,135.78,ETH-28JUN19-200-C,74.24,0.037000000000000005,50.0,2,1553402078756,118372,13
2019-03-25 01:26:20.171,5.0,buy,135.16,ETH-28JUN19-200-C,73.55,0.035,5.0,2,1553477180171,128258,14
2019-03-25 04:09:44.873,24.0,buy,135.53,ETH-28JUN19-200-C,74.15,0.036000000000000004,24.0,0,1553486984873,130159,15
2019-03-25 04:12:06.353,66.0,buy,135.55,ETH-28JUN19-200-C,74.74,0.037000000000000005,66.0,0,1553487126353,130203,16
2019-03-25 13:35:03.021,92.0,buy,134.8,ETH-28JUN19-200-C,73.35,0.034,92.0,2,1553520903021,137218,17
2019-03-25 21:48:21.778,7.0,sell,132.02,ETH-28JUN19-200-C,74.81,0.033,7.0,3,1553550501778,147931,19
2019-03-25 21:48:21.778,1.0,sell,132.02,ETH-28JUN19-200-C,74.81,0.033,1.0,2,1553550501778,147930,18
2019-03-26 15:39:05.886,200.0,buy,132.55,ETH-28JUN19-200-C,72.52,0.03,200.0,2,1553614745886,157279,20
2019-03-26 15:41:29.894,200.0,buy,132.54,ETH-28JUN19-200-C,72.47,0.03,200.0,3,1553614889894,157293,21
2019-03-26 20:46:34.093,111.0,sell,133.42,ETH-28JUN19-200-C,68.82,0.026000000000000002,111.0,2,1553633194093,160644,22
2019-03-26 21:38:50.219,180.0,sell,132.98,ETH-28JUN19-200-C,65.59,0.022000000000000002,180.0,3,1553636330219,161446,24
2019-03-26 21:38:50.219,120.0,sell,132.98,ETH-28JUN19-200-C,65.59,0.022000000000000002,120.0,2,1553636330219,161445,23
2019-03-26 21:39:55.470,212.0,sell,132.97,ETH-28JUN19-200-C,65.75,0.022000000000000002,212.0,3,1553636395470,161475,25
2019-03-27 00:38:46.386,45.0,sell,133.24,ETH-28JUN19-200-C,68.07,0.025,45.0,0,1553647126386,162821,26
2019-03-27 13:57:41.669,1.0,buy,137.79,ETH-28JUN19-200-C,68.12,0.03,1.0,0,1553695061669,174838,27
2019-03-27 16:26:44.717,40.0,sell,137.4,ETH-28JUN19-200-C,67.86,0.028999999999999998,40.0,2,1553704004717,175857,28
2019-03-28 02:29:43.886,200.0,buy,138.18,ETH-28JUN19-200-C,68.03,0.03,200.0,0,1553740183886,182356,29
2019-03-28 14:24:36.045,1.0,sell,137.64,ETH-28JUN19-200-C,67.12,0.027999999999999997,1.0,2,1553783076045,185810,30
2019-03-28 16:14:32.645,100.0,sell,137.57,ETH-28JUN19-200-C,66.5,0.027000000000000003,100.0,3,1553789672645,186574,32
2019-03-28 16:14:32.645,5.0,sell,137.57,ETH-28JUN19-200-C,66.5,0.027000000000000003,5.0,2,1553789672645,186573,31
2019-03-31 00:18:34.812,1.0,buy,141.98,ETH-28JUN19-200-C,68.97,0.036000000000000004,1.0,0,1553991514812,222385,33
2019-04-01 01:35:13.351,73.0,sell,141.98,ETH-28JUN19-200-C,65.45,0.03,73.0,2,1554082513351,238090,34
2019-04-01 10:38:06.311,100.0,buy,141.62,ETH-28JUN19-200-C,65.88,0.03,100.0,3,1554115086311,243238,35
2019-04-01 15:42:31.866,30.0,buy,141.09,ETH-28JUN19-200-C,67.43,0.031,30.0,0,1554133351866,245718,36
2019-04-02 15:54:19.244,1.0,buy,155.62,ETH-28JUN19-200-C,72.41,0.061,1.0,0,1554220459244,306630,37
2019-04-02 22:42:16.263,30.0,buy,161.54,ETH-28JUN19-200-C,70.73,0.067,30.0,0,1554244936263,328912,38
2019-04-03 00:35:33.947,24.0,sell,168.86,ETH-28JUN19-200-C,69.48,0.076,24.0,0,1554251733947,339621,39
2019-04-03 00:42:10.606,16.0,sell,168.89,ETH-28JUN19-200-C,68.32,0.075,16.0,2,1554252130606,340717,40
2019-04-03 01:13:04.750,5.0,sell,166.86,ETH-28JUN19-200-C,73.15,0.081,5.0,0,1554253984750,342665,41
2019-04-03 02:52:19.695,398.0,buy,175.53,ETH-28JUN19-200-C,73.9,0.098,398.0,0,1554259939695,348243,42
2019-04-03 02:57:38.632,15.0,buy,176.74,ETH-28JUN19-200-C,72.89,0.099,15.0,0,1554260258632,349494,43
2019-04-03 11:26:17.510,299.0,buy,167.46,ETH-28JUN19-200-C,79.63,0.09699999999999999,299.0,2,1554290777510,370120,44
2019-04-03 18:13:59.447,15.0,sell,173.56,ETH-28JUN19-200-C,74.12,0.1,15.0,0,1554315239447,392662,45
2019-04-03 18:45:11.756,20.0,sell,174.92,ETH-28JUN19-200-C,73.94,0.102,20.0,0,1554317111756,393407,46
2019-04-03 20:14:38.772,50.0,sell,176.72,ETH-28JUN19-200-C,71.05,0.1,50.0,2,1554322478772,397986,47
2019-04-03 21:04:30.186,50.0,buy,178.66,ETH-28JUN19-200-C,76.73,0.114,50.0,0,1554325470186,403610,48
2019-04-03 21:09:10.586,10.0,sell,178.13,ETH-28JUN19-200-C,71.83,0.10300000000000001,10.0,2,1554325750586,404247,49
2019-04-03 22:27:23.474,242.0,sell,174.44,ETH-28JUN19-200-C,71.91,0.098,242.0,2,1554330443474,409887,50
2019-04-03 23:01:21.549,10.0,sell,163.7,ETH-28JUN19-200-C,77.79,0.086,10.0,2,1554332481549,416935,51
2019-04-03 23:29:11.346,12.0,buy,159.84,ETH-28JUN19-200-C,84.6,0.08800000000000001,12.0,0,1554334151346,422363,53
2019-04-03 23:29:11.346,30.0,buy,159.84,ETH-28JUN19-200-C,84.06,0.087,30.0,0,1554334151346,422362,52
2019-04-04 02:30:47.178,3.0,sell,162.41,ETH-28JUN19-200-C,80.32,0.086,3.0,2,1554345047178,429960,54
2019-04-04 05:56:30.674,2.0,sell,162.93,ETH-28JUN19-200-C,75.29,0.077,2.0,2,1554357390674,434792,55
2019-04-04 08:07:42.048,20.0,buy,162.5,ETH-28JUN19-200-C,81.3,0.08800000000000001,20.0,0,1554365262048,436218,56
2019-04-04 12:54:57.556,60.0,buy,162.12,ETH-28JUN19-200-C,83.45,0.091,60.0,0,1554382497556,442554,57
2019-04-04 12:55:01.595,181.0,buy,162.2,ETH-28JUN19-200-C,84.43,0.093,181.0,0,1554382501595,442559,58
2019-04-04 21:04:02.003,57.0,buy,156.06,ETH-28JUN19-200-C,82.71,0.081,57.0,2,1554411842003,458543,59
2019-04-05 09:26:28.361,24.0,buy,163.31,ETH-28JUN19-200-C,78.88,0.086,24.0,0,1554456388361,473454,60
2019-04-05 10:16:32.564,120.0,buy,163.93,ETH-28JUN19-200-C,79.05,0.087,120.0,0,1554459392564,474053,61
2019-04-05 23:20:28.332,1.0,sell,165.93,ETH-28JUN19-200-C,74.46,0.08,1.0,2,1554506428332,490644,62
2019-04-06 19:57:57.195,36.0,buy,169.9,ETH-28JUN19-200-C,80.55,0.1,36.0,0,1554580677195,514387,63
2019-04-06 19:58:19.342,36.0,buy,170.4,ETH-28JUN19-200-C,80.46,0.10099999999999999,36.0,0,1554580699342,514457,64
2019-04-06 19:59:36.764,36.0,buy,170.19,ETH-28JUN19-200-C,80.18,0.1,36.0,2,1554580776764,514669,65
2019-04-06 20:00:15.538,36.0,buy,170.11,ETH-28JUN19-200-C,80.21,0.1,36.0,3,1554580815538,514732,66
2019-04-06 20:05:01.304,36.0,buy,170.42,ETH-28JUN19-200-C,80.2,0.1,36.0,3,1554581101304,515355,67
2019-04-08 02:55:40.286,5.0,sell,181.98,ETH-28JUN19-200-C,77.72,0.129,5.0,0,1554692140286,602547,68
2019-04-08 02:59:42.847,36.0,sell,182.66,ETH-28JUN19-200-C,83.09,0.14,36.0,0,1554692382847,602890,69
2019-04-08 09:01:41.748,36.0,buy,180.66,ETH-28JUN19-200-C,74.47,0.116,36.0,2,1554714101748,621294,70
2019-04-08 15:09:30.336,5.0,buy,178.8,ETH-28JUN19-200-C,80.39,0.121,5.0,0,1554736170336,639036,71
2019-04-08 16:08:49.142,1.0,buy,182.86,ETH-28JUN19-200-C,80.24,0.129,1.0,0,1554739729142,642538,72
2019-04-08 16:30:20.430,1.0,sell,180.17,ETH-28JUN19-200-C,76.6,0.117,1.0,2,1554741020430,644215,73
2019-04-08 16:37:38.460,54.0,buy,178.93,ETH-28JUN19-200-C,81.75,0.124,54.0,0,1554741458460,644897,74
2019-04-08 16:41:41.276,23.0,buy,179.11,ETH-28JUN19-200-C,84.13,0.129,23.0,0,1554741701276,645103,75
2019-04-08 22:08:39.315,20.0,sell,182.12,ETH-28JUN19-200-C,80.6,0.128,20.0,2,1554761319315,664316,76
2019-04-08 23:30:32.420,5.0,sell,180.77,ETH-28JUN19-200-C,75.65,0.11599999999999999,5.0,2,1554766232420,668870,77
2019-04-09 14:55:05.693,54.0,buy,177.23,ETH-28JUN19-200-C,76.67,0.11,54.0,2,1554821705693,701518,78
2019-04-09 15:21:10.810,50.0,sell,177.63,ETH-28JUN19-200-C,74.74,0.10800000000000001,50.0,2,1554823270810,702325,79
2019-04-09 15:21:10.810,4.0,sell,177.63,ETH-28JUN19-200-C,74.74,0.10800000000000001,4.0,3,1554823270810,702326,80
2019-04-09 15:26:39.561,54.0,buy,177.84,ETH-28JUN19-200-C,74.87,0.109,54.0,0,1554823599561,702608,81
2019-04-09 15:31:41.997,54.0,buy,177.64,ETH-28JUN19-200-C,73.83,0.107,54.0,2,1554823901997,702847,82
2019-04-09 19:44:08.218,20.0,buy,176.84,ETH-28JUN19-200-C,71.2,0.1,20.0,2,1554839048218,707795,83
2019-04-09 19:44:58.806,10.0,buy,176.83,ETH-28JUN19-200-C,71.2,0.1,10.0,3,1554839098806,707798,84
2019-04-10 00:59:40.517,1.0,buy,177.61,ETH-28JUN19-200-C,70.94,0.102,1.0,0,1554857980517,716948,85
2019-04-10 12:01:03.563,1.0,sell,179.97,ETH-28JUN19-200-C,70.68,0.106,1.0,0,1554897663563,731794,86
2019-04-10 16:35:52.302,1.0,buy,179.8,ETH-28JUN19-200-C,73.47,0.11,1.0,0,1554914152302,748622,87
2019-04-11 08:15:23.684,5.0,sell,166.97,ETH-28JUN19-200-C,76.57,0.085,5.0,2,1554970523684,807099,88
2019-04-11 12:18:39.429,5.0,buy,163.49,ETH-28JUN19-200-C,78.14,0.08,5.0,2,1554985119429,825164,89
2019-04-11 12:20:12.964,5.0,buy,163.28,ETH-28JUN19-200-C,77.62,0.078,5.0,2,1554985212964,825317,90
2019-04-12 09:20:05.217,51.0,buy,162.67,ETH-28JUN19-200-C,68.99,0.06,51.0,2,1555060805217,871548,91
2019-04-12 09:30:23.085,60.0,buy,162.45,ETH-28JUN19-200-C,69.22,0.06,60.0,3,1555061423085,871871,92
2019-04-12 09:32:54.265,55.0,buy,162.82,ETH-28JUN19-200-C,69.97,0.062,55.0,0,1555061574265,871989,93
2019-04-12 09:32:56.101,100.0,buy,162.8,ETH-28JUN19-200-C,69.99,0.062,100.0,1,1555061576101,871999,94
2019-04-12 09:32:56.107,20.0,buy,162.8,ETH-28JUN19-200-C,69.99,0.062,20.0,1,1555061576107,872000,95
2019-04-12 09:32:57.881,108.0,sell,162.85,ETH-28JUN19-200-C,71.18,0.064,108.0,0,1555061577881,872013,96
2019-04-12 22:23:32.142,4.0,buy,164.2,ETH-28JUN19-200-C,72.63,0.067,4.0,0,1555107812142,897596,97
2019-04-12 22:23:50.586,2.0,buy,164.21,ETH-28JUN19-200-C,73.21,0.068,2.0,0,1555107830586,897608,98
2019-04-15 17:28:39.294,52.0,sell,163.4,ETH-28JUN19-200-C,72.52,0.062,52.0,2,1555349319294,954602,99
2019-04-15 17:28:40.210,2.0,sell,163.44,ETH-28JUN19-200-C,72.48,0.062,2.0,3,1555349320210,954605,100
2019-04-15 17:29:12.577,6.0,sell,162.86,ETH-28JUN19-200-C,72.88,0.062,6.0,3,1555349352577,954773,101
