date_utc,amount,direction,indexPrice,instrument,iv,price,quantity,tickDirection,timeStamp,tradeId,tradeSeq
2019-02-16 00:22:44.303,0.4,sell,3565.71,BTC-26APR19-3500-C,55.79,0.104,0.4,1,1550276564303,15403233,1
2019-02-16 16:19:34.799,2.8000000000000003,sell,3592.72,BTC-26APR19-3500-C,56.7,0.109,2.8000000000000003,0,1550333974799,15421148,2
2019-02-18 11:20:30.106,0.8,sell,3697.14,BTC-26APR19-3500-C,53.55,0.1175,0.8,1,1550488830106,15511392,5
2019-02-18 11:20:30.106,3.0,sell,3697.14,BTC-26APR19-3500-C,53.55,0.1175,3.0,1,1550488830106,15511391,4
2019-02-18 11:20:30.106,5.0,sell,3697.14,BTC-26APR19-3500-C,53.55,0.1175,5.0,0,1550488830106,15511390,3
2019-02-18 11:20:40.761,1.2,buy,3696.57,BTC-26APR19-3500-C,53.57,0.1175,1.2,1,1550488840761,15511400,6
2019-02-20 19:58:21.302,3.0,buy,3924.21,BTC-26APR19-3500-C,56.68,0.155,3.0,0,1550692701302,15709509,7
2019-02-21 12:11:51.858,3.0,buy,3893.23,BTC-26APR19-3500-C,60.82,0.157,3.0,0,1550751111858,15742171,8
2019-02-21 12:11:51.858,2.0,buy,3893.23,BTC-26APR19-3500-C,64.66,0.1625,2.0,0,1550751111858,15742173,10
2019-02-21 12:11:51.858,5.0,buy,3893.23,BTC-26APR19-3500-C,63.62,0.161,5.0,0,1550751111858,15742172,9
2019-02-21 12:34:54.924,3.0,sell,3896.02,BTC-26APR19-3500-C,58.13,0.1535,3.0,2,1550752494924,15742800,11
2019-02-21 12:35:22.646,3.0,sell,3896.11,BTC-26APR19-3500-C,57.81,0.153,3.0,2,1550752522646,15742815,12
2019-02-21 12:35:25.363,3.0,buy,3896.1,BTC-26APR19-3500-C,57.83,0.153,3.0,3,1550752525363,15742816,13
2019-02-21 13:16:16.099,1.0,buy,3900.05,BTC-26APR19-3500-C,57.48,0.153,1.0,3,1550754976099,15743693,14
2019-02-24 14:19:14.081,2.0,buy,3828.49,BTC-26APR19-3500-C,59.52,0.1325,2.0,2,1551017954081,15905726,15
2019-02-24 14:19:18.062,2.0,buy,3810.98,BTC-26APR19-3500-C,60.79,0.132,2.0,2,1551017958062,15905780,16
2019-02-24 14:20:53.696,3.0,sell,3828.16,BTC-26APR19-3500-C,59.87,0.1335,3.0,0,1551018053696,15907479,17
2019-02-24 14:20:54.214,3.0,sell,3828.16,BTC-26APR19-3500-C,59.87,0.1335,3.0,1,1551018054214,15907499,18
2019-02-25 17:27:34.740,2.0,sell,3824.75,BTC-26APR19-3500-C,59.58,0.13699999999999998,2.0,0,1551115654740,16000568,19
2019-02-25 20:26:19.130,0.1,sell,3828.58,BTC-26APR19-3500-C,62.54,0.142,0.1,0,1551126379130,16007308,20
2019-02-27 11:06:21.493,0.2,sell,3806.71,BTC-26APR19-3500-C,58.04,0.1315,0.2,2,1551265581493,16053699,21
2019-02-27 11:21:04.211,0.1,sell,3809.01,BTC-26APR19-3500-C,57.85,0.132,0.1,0,1551266464211,16053871,22
2019-02-27 22:23:31.282,4.4,sell,3746.71,BTC-26APR19-3500-C,57.8,0.123,4.4,2,1551306211282,16081834,23
2019-02-27 22:28:43.530,5.1000000000000005,sell,3744.86,BTC-26APR19-3500-C,56.9,0.1215,5.1000000000000005,2,1551306523530,16081952,24
2019-02-27 22:29:09.119,0.5,buy,3745.65,BTC-26APR19-3500-C,56.49,0.121,0.5,2,1551306549119,16081953,25
2019-03-07 23:48:58.763,4.0,sell,3852.0,BTC-26APR19-3500-C,52.71,0.129,4.0,0,1552002538763,16364122,26
2019-03-11 06:53:18.669,0.4,buy,3874.84,BTC-26APR19-3500-C,53.91,0.13,0.4,0,1552287198669,16478918,27
2019-03-13 10:48:11.235,4.0,buy,3834.22,BTC-26APR19-3500-C,52.77,0.12,4.0,2,1552474091235,16534459,28
2019-03-13 10:48:35.083,4.0,sell,3834.2,BTC-26APR19-3500-C,52.77,0.12,4.0,3,1552474115083,16534474,29
2019-03-13 10:48:38.820,6.4,buy,3834.22,BTC-26APR19-3500-C,53.19,0.1205,6.4,0,1552474118820,16534476,30
2019-03-13 10:48:38.820,4.0,buy,3834.22,BTC-26APR19-3500-C,53.19,0.1205,4.0,1,1552474118820,16534477,31
2019-03-13 10:48:40.269,1.6,sell,3834.22,BTC-26APR19-3500-C,53.19,0.1205,1.6,1,1552474120269,16534479,32
2019-03-13 15:25:36.277,4.0,sell,3845.55,BTC-26APR19-3500-C,49.73,0.117,4.0,2,1552490736277,16542407,33
