date_utc,amount,direction,indexPrice,instrument,iv,price,quantity,tickDirection,timeStamp,tradeId,tradeSeq
2019-06-07 08:09:08.801,0.2,buy,7995.59,BTC-21JUN19-8500-C,96.34,0.05,0.2,1,1559894948801,23575830,1
2019-06-07 13:39:30.928,1.0,buy,7961.5,BTC-21JUN19-8500-C,72.02,0.03,1.0,2,1559914770928,23588770,2
2019-06-07 16:20:57.970,1.0,buy,8061.01,BTC-21JUN19-8500-C,69.45,0.032,1.0,0,1559924457970,23596115,3
2019-06-07 16:38:54.023,0.5,buy,8075.17,BTC-21JUN19-8500-C,71.39,0.034,0.5,0,1559925534023,23599174,4
2019-06-07 16:39:21.188,0.5,buy,8088.4,BTC-21JUN19-8500-C,70.62,0.034,0.5,1,1559925561188,23599409,5
2019-06-07 16:45:11.784,0.2,buy,8097.2,BTC-21JUN19-8500-C,70.79,0.0345,0.2,0,1559925911784,23600483,6
2019-06-07 17:21:16.430,0.3,buy,8094.88,BTC-21JUN19-8500-C,71.67,0.035,0.3,0,1559928076430,23603292,7
2019-06-07 17:52:54.668,0.2,buy,8083.49,BTC-21JUN19-8500-C,73.07,0.0355,0.2,0,1559929974668,23604768,8
2019-06-07 19:29:16.736,0.1,sell,8029.34,BTC-21JUN19-8500-C,69.54,0.0305,0.1,2,1559935756736,23611769,9
2019-06-08 10:10:50.057,0.4,buy,8010.81,BTC-21JUN19-8500-C,69.38,0.0285,0.4,2,1559988650057,23652452,10
2019-06-08 10:10:50.115,0.1,buy,8010.81,BTC-21JUN19-8500-C,69.38,0.0285,0.1,3,1559988650115,23652454,11
2019-06-08 16:48:52.402,0.3,sell,7855.21,BTC-21JUN19-8500-C,65.88,0.02,0.3,2,1560012532402,23670014,12
2019-06-08 19:39:23.141,0.1,buy,7853.98,BTC-21JUN19-8500-C,73.34,0.0245,0.1,0,1560022763141,23677962,13
2019-06-09 12:48:22.210,2.0,sell,7768.65,BTC-21JUN19-8500-C,65.93,0.016,2.0,2,1560084502210,23710010,14
2019-06-09 12:54:27.464,2.0,sell,7779.88,BTC-21JUN19-8500-C,66.25,0.0165,2.0,0,1560084867464,23710501,15
2019-06-09 16:20:48.442,0.1,sell,7701.26,BTC-21JUN19-8500-C,68.0,0.015,0.1,2,1560097248442,23726849,16
2019-06-09 17:04:03.913,2.0,sell,7653.77,BTC-21JUN19-8500-C,67.63,0.0135,2.0,2,1560099843913,23732878,17
2019-06-09 20:39:50.568,0.1,sell,7723.21,BTC-21JUN19-8500-C,66.47,0.0145,0.1,0,1560112790568,23747368,18
2019-06-09 22:59:57.036,1.0,sell,7590.89,BTC-21JUN19-8500-C,70.51,0.013000000000000001,1.0,2,1560121197036,23770197,19
2019-06-10 00:22:32.761,0.2,sell,7549.58,BTC-21JUN19-8500-C,68.5,0.011000000000000001,0.2,2,1560126152761,23780412,20
2019-06-10 05:39:56.510,1.8,buy,7637.29,BTC-21JUN19-8500-C,73.01,0.015,1.8,1,1560145196510,23801124,25
2019-06-10 05:39:56.510,0.4,buy,7637.29,BTC-21JUN19-8500-C,73.01,0.015,0.4,1,1560145196510,23801127,28
2019-06-10 05:39:56.510,4.2,buy,7637.29,BTC-21JUN19-8500-C,73.01,0.015,4.2,1,1560145196510,23801122,23
2019-06-10 05:39:56.510,3.4,buy,7637.29,BTC-21JUN19-8500-C,73.01,0.015,3.4,1,1560145196510,23801123,24
2019-06-10 05:39:56.510,2.5,buy,7637.29,BTC-21JUN19-8500-C,73.01,0.015,2.5,0,1560145196510,23801120,21
2019-06-10 05:39:56.510,3.0,buy,7637.29,BTC-21JUN19-8500-C,73.01,0.015,3.0,1,1560145196510,23801121,22
2019-06-10 05:39:56.510,6.2,buy,7637.29,BTC-21JUN19-8500-C,73.01,0.015,6.2,1,1560145196510,23801125,26
2019-06-10 05:39:56.510,2.0,buy,7637.29,BTC-21JUN19-8500-C,73.01,0.015,2.0,1,1560145196510,23801128,29
2019-06-10 05:39:56.510,0.2,buy,7637.29,BTC-21JUN19-8500-C,73.01,0.015,0.2,1,1560145196510,23801129,30
2019-06-10 05:39:56.510,1.3,buy,7637.29,BTC-21JUN19-8500-C,73.01,0.015,1.3,1,1560145196510,23801126,27
2019-06-10 05:39:58.317,1.3,buy,7637.29,BTC-21JUN19-8500-C,73.01,0.015,1.3,1,1560145198317,23801133,34
2019-06-10 05:39:58.317,7.1000000000000005,buy,7637.29,BTC-21JUN19-8500-C,73.01,0.015,7.1000000000000005,1,1560145198317,23801135,36
2019-06-10 05:39:58.317,0.9,buy,7637.29,BTC-21JUN19-8500-C,73.01,0.015,0.9,1,1560145198317,23801137,38
2019-06-10 05:39:58.317,1.8,buy,7637.29,BTC-21JUN19-8500-C,73.01,0.015,1.8,1,1560145198317,23801132,33
2019-06-10 05:39:58.317,6.0,buy,7637.29,BTC-21JUN19-8500-C,73.01,0.015,6.0,1,1560145198317,23801131,32
2019-06-10 05:39:58.317,4.8,buy,7637.29,BTC-21JUN19-8500-C,73.01,0.015,4.8,1,1560145198317,23801134,35
2019-06-10 05:39:58.317,1.3,buy,7637.29,BTC-21JUN19-8500-C,73.01,0.015,1.3,1,1560145198317,23801130,31
2019-06-10 05:39:58.317,1.8,buy,7637.29,BTC-21JUN19-8500-C,73.01,0.015,1.8,1,1560145198317,23801136,37
2019-06-10 05:40:00.058,0.7000000000000001,buy,7637.29,BTC-21JUN19-8500-C,73.01,0.015,0.7000000000000001,1,1560145200058,23801138,39
2019-06-10 05:40:00.058,1.9,buy,7637.29,BTC-21JUN19-8500-C,73.01,0.015,1.9,1,1560145200058,23801139,40
2019-06-10 07:46:08.038,0.2,sell,7734.54,BTC-21JUN19-8500-C,67.25,0.0145,0.2,2,1560152768038,23807451,41
2019-06-10 09:26:47.931,0.5,buy,7722.35,BTC-21JUN19-8500-C,71.89,0.0165,0.5,0,1560158807931,23811414,42
2019-06-10 09:27:01.672,2.0,buy,7722.55,BTC-21JUN19-8500-C,72.81,0.017,2.0,0,1560158821672,23811417,43
2019-06-10 11:27:41.665,0.5,buy,7774.01,BTC-21JUN19-8500-C,68.45,0.016,0.5,2,1560166061665,23821412,44
2019-06-10 12:04:14.906,0.5,buy,8080.84,BTC-21JUN19-8500-C,66.64,0.0255,0.5,0,1560168254906,23838905,45
2019-06-10 12:21:36.082,2.0,sell,7981.98,BTC-21JUN19-8500-C,64.68,0.0205,2.0,2,1560169296082,23844879,46
2019-06-10 13:01:05.389,0.1,buy,7987.47,BTC-21JUN19-8500-C,70.16,0.024,0.1,0,1560171665389,23850598,47
2019-06-10 13:07:48.517,0.4,buy,7983.48,BTC-21JUN19-8500-C,70.42,0.024,0.4,1,1560172068517,23851039,48
2019-06-10 14:10:25.891,10.0,buy,7973.39,BTC-21JUN19-8500-C,67.9,0.022000000000000002,10.0,2,1560175825891,23856276,49
2019-06-10 14:57:34.123,8.2,sell,7953.98,BTC-21JUN19-8500-C,67.5,0.021,8.2,2,1560178654123,23859568,50
2019-06-10 16:36:42.774,0.4,sell,7933.26,BTC-21JUN19-8500-C,72.29,0.023,0.4,0,1560184602774,23866962,51
2019-06-10 16:49:59.605,5.0,sell,7937.53,BTC-21JUN19-8500-C,67.03,0.02,5.0,2,1560185399605,23867412,52
2019-06-11 00:39:25.643,3.0,buy,7993.57,BTC-21JUN19-8500-C,72.23,0.0245,3.0,0,1560213565643,23889417,53
2019-06-11 03:40:18.446,0.1,sell,7958.65,BTC-21JUN19-8500-C,66.36,0.0195,0.1,2,1560224418446,23892531,54
2019-06-11 06:24:17.768,0.1,sell,7937.87,BTC-21JUN19-8500-C,68.86,0.02,0.1,0,1560234257768,23895233,55
2019-06-11 11:39:27.516,0.1,buy,7763.25,BTC-21JUN19-8500-C,75.38,0.0175,0.1,2,1560253167516,23915088,56
2019-06-11 11:56:14.794,6.0,buy,7783.45,BTC-21JUN19-8500-C,74.26,0.0175,6.0,3,1560254174794,23921036,57
2019-06-11 11:56:14.794,2.2,buy,7783.45,BTC-21JUN19-8500-C,74.26,0.0175,2.2,3,1560254174794,23921037,58
2019-06-12 00:53:33.755,1.0,sell,7853.12,BTC-21JUN19-8500-C,73.17,0.018000000000000002,1.0,0,1560300813755,23967640,59
2019-06-12 02:48:30.825,2.0,buy,8021.15,BTC-21JUN19-8500-C,73.69,0.024,2.0,0,1560307710825,23973440,60
2019-06-12 02:55:36.712,4.9,sell,8018.12,BTC-21JUN19-8500-C,65.98,0.0195,4.9,2,1560308136712,23976026,62
2019-06-12 02:55:36.712,0.1,sell,8018.12,BTC-21JUN19-8500-C,68.65,0.021,0.1,2,1560308136712,23976025,61
2019-06-12 05:34:16.936,1.0,buy,7970.53,BTC-21JUN19-8500-C,73.95,0.022000000000000002,1.0,0,1560317656936,23984562,63
2019-06-12 10:10:18.459,0.1,buy,8036.63,BTC-21JUN19-8500-C,66.78,0.02,0.1,2,1560334218459,23994643,64
2019-06-12 11:00:21.423,0.1,buy,7989.18,BTC-21JUN19-8500-C,70.02,0.02,0.1,3,1560337221423,23997937,65
2019-06-12 12:13:26.046,3.0,sell,8022.52,BTC-21JUN19-8500-C,68.03,0.02,3.0,3,1560341606046,24001322,66
2019-06-12 14:13:45.149,0.1,sell,7995.86,BTC-21JUN19-8500-C,69.2,0.0195,0.1,2,1560348825149,24006192,67
2019-06-12 14:34:11.783,5.0,buy,8009.61,BTC-21JUN19-8500-C,71.1,0.021,5.0,0,1560350051783,24008499,68
2019-06-12 14:59:13.127,3.9,buy,8016.85,BTC-21JUN19-8500-C,70.69,0.021,3.9,1,1560351553127,24011113,69
2019-06-12 15:10:33.754,0.2,buy,8093.63,BTC-21JUN19-8500-C,67.3,0.022000000000000002,0.2,0,1560352233754,24013027,70
2019-06-12 15:43:18.243,6.0,buy,8178.54,BTC-21JUN19-8500-C,67.44,0.0255,6.0,0,1560354198243,24026910,71
2019-06-12 15:43:21.391,4.0,buy,8179.59,BTC-21JUN19-8500-C,67.36,0.0255,4.0,1,1560354201391,24026913,72
2019-06-12 15:52:02.413,10.0,buy,8190.17,BTC-21JUN19-8500-C,67.47,0.026000000000000002,10.0,0,1560354722413,24027882,73
2019-06-12 16:04:05.939,0.1,sell,8188.63,BTC-21JUN19-8500-C,66.76,0.0255,0.1,2,1560355445939,24029006,74
2019-06-12 18:22:00.355,1.0,buy,8166.96,BTC-21JUN19-8500-C,73.02,0.027999999999999997,1.0,0,1560363720355,24036253,75
2019-06-12 18:50:44.903,0.1,buy,8158.49,BTC-21JUN19-8500-C,72.87,0.0275,0.1,2,1560365444903,24036717,76
2019-06-12 18:50:51.489,0.1,buy,8158.73,BTC-21JUN19-8500-C,72.86,0.0275,0.1,3,1560365451489,24036719,77
2019-06-12 18:50:56.716,0.1,buy,8159.49,BTC-21JUN19-8500-C,72.8,0.0275,0.1,3,1560365456716,24036723,78
2019-06-12 18:51:02.306,0.1,sell,8160.52,BTC-21JUN19-8500-C,72.72,0.0275,0.1,3,1560365462306,24036724,79
2019-06-12 18:51:05.618,0.1,sell,8160.61,BTC-21JUN19-8500-C,72.72,0.0275,0.1,3,1560365465618,24036727,80
2019-06-12 18:51:09.499,0.1,sell,8160.57,BTC-21JUN19-8500-C,72.72,0.0275,0.1,3,1560365469499,24036728,81
2019-06-12 18:51:13.466,0.1,sell,8160.58,BTC-21JUN19-8500-C,72.72,0.0275,0.1,3,1560365473466,24036730,82
2019-06-12 22:06:38.205,5.0,buy,8149.74,BTC-21JUN19-8500-C,73.24,0.027000000000000003,5.0,2,1560377198205,24042970,83
2019-06-13 00:17:59.251,2.2,buy,8185.2,BTC-21JUN19-8500-C,72.72,0.027999999999999997,2.2,0,1560385079251,24046390,84
2019-06-13 00:54:31.272,0.1,buy,8176.18,BTC-21JUN19-8500-C,70.03,0.026000000000000002,0.1,2,1560387271272,24047724,85
2019-06-13 03:00:22.751,10.0,sell,8079.52,BTC-21JUN19-8500-C,73.93,0.024,10.0,2,1560394822751,24050919,86
2019-06-13 09:23:23.132,0.3,sell,8108.18,BTC-21JUN19-8500-C,68.46,0.0215,0.3,2,1560417803132,24058675,87
2019-06-13 13:32:40.635,0.1,buy,8181.86,BTC-21JUN19-8500-C,71.93,0.026000000000000002,0.1,0,1560432760635,24074000,88
2019-06-13 15:08:35.564,0.5,buy,8195.61,BTC-21JUN19-8500-C,69.35,0.025,0.5,2,1560438515564,24077444,89
2019-06-13 18:16:30.709,0.3,buy,8243.37,BTC-21JUN19-8500-C,70.65,0.0275,0.3,0,1560449790709,24085660,90
2019-06-13 18:18:04.158,1.0,sell,8229.82,BTC-21JUN19-8500-C,69.05,0.026000000000000002,1.0,2,1560449884158,24085946,91
2019-06-13 18:27:39.329,0.2,sell,8215.42,BTC-21JUN19-8500-C,69.33,0.0255,0.2,2,1560450459329,24086768,92
2019-06-13 18:27:48.724,0.2,sell,8216.01,BTC-21JUN19-8500-C,68.37,0.025,0.2,2,1560450468724,24086772,93
2019-06-13 18:52:17.665,3.9,buy,8254.96,BTC-21JUN19-8500-C,70.72,0.027999999999999997,3.9,0,1560451937665,24088646,94
2019-06-13 18:53:57.884,1.0,buy,8261.23,BTC-21JUN19-8500-C,70.21,0.027999999999999997,1.0,1,1560452037884,24089004,95
2019-06-13 18:56:51.473,1.9,buy,8273.27,BTC-21JUN19-8500-C,69.22,0.027999999999999997,1.9,1,1560452211473,24089311,96
2019-06-13 19:04:08.404,0.2,buy,8283.39,BTC-21JUN19-8500-C,70.18,0.028999999999999998,0.2,0,1560452648404,24090661,97
2019-06-13 19:17:33.403,0.8,buy,8261.81,BTC-21JUN19-8500-C,70.24,0.027999999999999997,0.8,2,1560453453403,24091510,98
2019-06-13 19:22:10.761,0.4,buy,8271.84,BTC-21JUN19-8500-C,69.42,0.027999999999999997,0.4,3,1560453730761,24091723,99
2019-06-13 19:22:27.154,0.2,buy,8274.43,BTC-21JUN19-8500-C,69.21,0.027999999999999997,0.2,3,1560453747154,24091729,100
2019-06-13 19:22:31.337,5.0,buy,8275.96,BTC-21JUN19-8500-C,69.08,0.027999999999999997,5.0,3,1560453751337,24091732,101
2019-06-13 19:22:45.918,1.0,buy,8275.52,BTC-21JUN19-8500-C,69.12,0.027999999999999997,1.0,3,1560453765918,24091735,102
2019-06-13 19:24:02.939,1.6,buy,8279.75,BTC-21JUN19-8500-C,68.77,0.027999999999999997,1.6,3,1560453842939,24091775,103
2019-06-13 19:38:21.019,0.1,buy,8249.69,BTC-21JUN19-8500-C,68.6,0.0265,0.1,2,1560454701019,24092292,104
2019-06-13 19:43:04.995,1.0,sell,8247.72,BTC-21JUN19-8500-C,67.87,0.026000000000000002,1.0,2,1560454984995,24092738,105
2019-06-13 19:43:10.993,1.0,sell,8247.72,BTC-21JUN19-8500-C,67.87,0.026000000000000002,1.0,3,1560454990993,24092741,106
2019-06-13 20:47:46.615,1.0,buy,8269.12,BTC-21JUN19-8500-C,72.62,0.0295,1.0,0,1560458866615,24094357,107
2019-06-13 21:58:05.202,0.1,buy,8330.2,BTC-21JUN19-8500-C,73.86,0.033,0.1,0,1560463085202,24099043,108
2019-06-13 21:58:36.146,0.1,buy,8330.05,BTC-21JUN19-8500-C,73.88,0.033,0.1,1,1560463116146,24099059,109
2019-06-13 22:15:49.935,5.0,buy,8315.8,BTC-21JUN19-8500-C,68.94,0.0295,5.0,2,1560464149935,24100611,110
2019-06-13 22:16:15.924,5.0,buy,8321.98,BTC-21JUN19-8500-C,69.3,0.03,5.0,0,1560464175924,24100646,111
2019-06-13 22:16:52.355,5.0,buy,8323.81,BTC-21JUN19-8500-C,70.04,0.0305,5.0,0,1560464212355,24100711,112
2019-06-13 22:17:04.402,1.0,sell,8323.21,BTC-21JUN19-8500-C,69.2,0.03,1.0,2,1560464224402,24100715,113
2019-06-13 22:17:18.936,5.0,sell,8325.13,BTC-21JUN19-8500-C,70.81,0.031,5.0,0,1560464238936,24100716,114
2019-06-13 22:45:04.033,0.1,sell,8285.46,BTC-21JUN19-8500-C,68.03,0.0275,0.1,2,1560465904033,24101871,115
2019-06-13 22:57:09.889,0.1,sell,8253.21,BTC-21JUN19-8500-C,67.13,0.0255,0.1,2,1560466629889,24103730,116
2019-06-13 23:48:20.643,0.1,buy,8213.64,BTC-21JUN19-8500-C,74.19,0.0275,0.1,0,1560469700643,24105546,117
2019-06-14 01:20:36.541,0.3,sell,8207.2,BTC-21JUN19-8500-C,68.56,0.024,0.3,2,1560475236541,24108721,118
2019-06-14 01:34:05.419,0.1,sell,8206.47,BTC-21JUN19-8500-C,68.66,0.024,0.1,3,1560476045419,24109236,119
2019-06-14 01:37:52.652,0.1,sell,8198.45,BTC-21JUN19-8500-C,68.38,0.0235,0.1,2,1560476272652,24109522,120
2019-06-14 01:53:11.063,0.2,sell,8190.92,BTC-21JUN19-8500-C,67.14,0.0225,0.2,3,1560477191063,24111017,122
2019-06-14 01:53:11.063,0.1,sell,8190.92,BTC-21JUN19-8500-C,67.14,0.0225,0.1,2,1560477191063,24111016,121
2019-06-14 01:54:51.295,0.5,sell,8199.38,BTC-21JUN19-8500-C,66.48,0.0225,0.5,3,1560477291295,24111429,123
2019-06-14 01:54:57.353,0.5,sell,8200.61,BTC-21JUN19-8500-C,66.38,0.0225,0.5,3,1560477297353,24111442,124
2019-06-14 01:55:09.095,0.5,sell,8201.79,BTC-21JUN19-8500-C,66.29,0.0225,0.5,3,1560477309095,24111446,125
2019-06-14 01:55:17.902,0.5,sell,8201.06,BTC-21JUN19-8500-C,67.29,0.023,0.5,0,1560477317902,24111451,126
2019-06-14 01:55:34.533,0.5,sell,8200.52,BTC-21JUN19-8500-C,67.33,0.023,0.5,1,1560477334533,24111453,127
2019-06-14 01:55:43.795,0.5,sell,8198.37,BTC-21JUN19-8500-C,67.5,0.023,0.5,1,1560477343795,24111462,128
2019-06-14 02:04:05.621,0.3,sell,8199.74,BTC-21JUN19-8500-C,66.48,0.0225,0.3,2,1560477845621,24111774,129
2019-06-14 02:04:13.671,0.3,sell,8201.51,BTC-21JUN19-8500-C,66.34,0.0225,0.3,3,1560477853671,24111787,130
2019-06-14 02:04:30.891,0.3,sell,8202.08,BTC-21JUN19-8500-C,67.23,0.023,0.3,0,1560477870891,24111790,131
2019-06-14 02:04:37.436,0.3,sell,8202.69,BTC-21JUN19-8500-C,67.19,0.023,0.3,1,1560477877436,24111811,132
2019-06-14 03:41:07.025,1.0,sell,8221.04,BTC-21JUN19-8500-C,68.83,0.0245,1.0,0,1560483667025,24113202,133
2019-06-14 03:46:42.784,0.2,buy,8215.24,BTC-21JUN19-8500-C,73.06,0.0265,0.2,0,1560484002784,24113274,134
2019-06-14 04:13:58.613,0.5,sell,8200.96,BTC-21JUN19-8500-C,68.69,0.0235,0.5,2,1560485638613,24113592,135
2019-06-14 05:06:30.273,0.1,sell,8243.29,BTC-21JUN19-8500-C,68.22,0.025,0.1,0,1560488790273,24114547,136
2019-06-14 06:18:52.963,0.1,sell,8223.38,BTC-21JUN19-8500-C,70.11,0.025,0.1,1,1560493132963,24115927,137
2019-06-14 06:22:06.015,0.1,buy,8220.47,BTC-21JUN19-8500-C,70.36,0.025,0.1,1,1560493326015,24115954,138
2019-06-14 06:24:42.898,0.5,buy,8212.97,BTC-21JUN19-8500-C,69.1,0.024,0.5,2,1560493482898,24116091,139
2019-06-14 06:25:32.327,0.1,sell,8210.76,BTC-21JUN19-8500-C,71.17,0.025,0.1,0,1560493532327,24116125,140
2019-06-14 06:29:59.044,0.1,buy,8207.88,BTC-21JUN19-8500-C,70.48,0.0245,0.1,2,1560493799044,24116223,141
2019-06-14 06:31:52.573,0.1,sell,8205.37,BTC-21JUN19-8500-C,70.69,0.0245,0.1,3,1560493912573,24116314,142
2019-06-14 06:35:03.455,0.1,buy,8207.4,BTC-21JUN19-8500-C,70.54,0.0245,0.1,3,1560494103455,24116364,143
2019-06-14 06:35:14.879,1.0,sell,8207.4,BTC-21JUN19-8500-C,68.64,0.0235,1.0,2,1560494114879,24116365,144
2019-06-14 07:42:13.416,0.1,sell,8236.51,BTC-21JUN19-8500-C,67.43,0.024,0.1,0,1560498133416,24117643,145
2019-06-14 08:12:39.965,2.0,buy,8256.72,BTC-21JUN19-8500-C,67.72,0.025,2.0,0,1560499959965,24119367,146
2019-06-14 08:16:20.678,2.0,buy,8258.88,BTC-21JUN19-8500-C,69.42,0.026000000000000002,2.0,0,1560500180678,24119490,147
2019-06-14 08:31:48.502,0.1,buy,8312.83,BTC-21JUN19-8500-C,72.21,0.03,0.1,0,1560501108502,24121239,148
2019-06-14 08:51:07.418,0.8,buy,8311.65,BTC-21JUN19-8500-C,68.69,0.027999999999999997,0.8,2,1560502267418,24122502,149
2019-06-14 08:52:06.545,0.2,buy,8308.34,BTC-21JUN19-8500-C,68.99,0.027999999999999997,0.2,3,1560502326545,24122565,150
2019-06-14 09:26:42.228,0.1,sell,8268.96,BTC-21JUN19-8500-C,66.93,0.025,0.1,2,1560504402228,24123647,151
2019-06-14 10:22:11.551,0.5,buy,8297.93,BTC-21JUN19-8500-C,66.49,0.026000000000000002,0.5,0,1560507731551,24126016,152
2019-06-14 10:33:19.310,0.6,sell,8290.33,BTC-21JUN19-8500-C,66.25,0.0255,0.6,2,1560508399310,24126200,153
2019-06-14 10:43:23.581,0.4,sell,8297.28,BTC-21JUN19-8500-C,65.68,0.0255,0.4,3,1560509003581,24126281,154
2019-06-14 10:47:08.314,0.6,buy,8305.81,BTC-21JUN19-8500-C,66.82,0.0265,0.6,0,1560509228314,24126392,155
2019-06-14 10:47:40.240,0.6,buy,8313.1,BTC-21JUN19-8500-C,67.11,0.027000000000000003,0.6,0,1560509260240,24126473,156
2019-06-14 10:57:34.007,0.3,sell,8294.16,BTC-21JUN19-8500-C,66.94,0.026000000000000002,0.3,2,1560509854007,24126926,157
2019-06-14 11:35:39.625,0.1,buy,8300.02,BTC-21JUN19-8500-C,66.56,0.026,0.1,3,1560512139625,24128150,158
2019-06-14 11:35:39.625,18.0,buy,8300.02,BTC-21JUN19-8500-C,66.56,0.026,18.0,3,1560512139625,24128151,159
2019-06-14 11:36:02.845,18.0,sell,8308.82,BTC-21JUN19-8500-C,66.72,0.0265,18.0,0,1560512162845,24128211,160
2019-06-14 11:37:10.451,0.1,buy,8310.41,BTC-21JUN19-8500-C,68.45,0.0275,0.1,0,1560512230451,24128220,161
2019-06-14 11:37:10.451,0.9,buy,8310.41,BTC-21JUN19-8500-C,68.45,0.0275,0.9,1,1560512230451,24128221,162
2019-06-14 11:37:16.100,18.0,buy,8309.69,BTC-21JUN19-8500-C,68.51,0.0275,18.0,1,1560512236100,24128227,164
2019-06-14 11:37:16.100,6.6000000000000005,buy,8309.69,BTC-21JUN19-8500-C,68.51,0.0275,6.6000000000000005,1,1560512236100,24128226,163
2019-06-14 11:37:16.176,0.4,sell,8309.69,BTC-21JUN19-8500-C,68.51,0.0275,0.4,1,1560512236176,24128228,165
2019-06-14 11:38:43.591,0.2,sell,8302.28,BTC-21JUN19-8500-C,67.3,0.0265,0.2,2,1560512323591,24128326,166
2019-06-14 11:45:10.013,1.8,sell,8284.08,BTC-21JUN19-8500-C,68.92,0.0265,1.8,3,1560512710013,24128588,167
2019-06-14 11:49:11.609,1.9,sell,8291.99,BTC-21JUN19-8500-C,67.3,0.026000000000000002,1.9,2,1560512951609,24128722,168
2019-06-14 12:12:10.466,0.6,buy,8304.15,BTC-21JUN19-8500-C,67.25,0.0265,0.6,0,1560514330466,24129495,169
2019-06-14 12:14:30.826,4.4,sell,8304.32,BTC-21JUN19-8500-C,67.24,0.0265,4.4,1,1560514470826,24129586,170
2019-06-14 12:19:44.882,0.5,buy,8280.27,BTC-21JUN19-8500-C,66.55,0.025,0.5,2,1560514784882,24129944,171
2019-06-14 12:20:56.688,0.7000000000000001,sell,8280.2,BTC-21JUN19-8500-C,66.55,0.025,0.7000000000000001,3,1560514856688,24129981,172
2019-06-14 12:21:08.786,3.8,sell,8280.04,BTC-21JUN19-8500-C,66.57,0.025,3.8,3,1560514868786,24129982,173
2019-06-14 12:32:12.754,0.5,buy,8310.69,BTC-21JUN19-8500-C,63.93,0.025,0.5,3,1560515532754,24130512,174
2019-06-14 12:32:19.402,0.5,buy,8318.59,BTC-21JUN19-8500-C,64.17,0.0255,0.5,0,1560515539402,24130715,175
2019-06-14 12:34:13.661,0.1,buy,8347.73,BTC-21JUN19-8500-C,67.14,0.0285,0.1,0,1560515653661,24132471,176
2019-06-14 12:43:39.544,0.2,sell,8345.38,BTC-21JUN19-8500-C,63.67,0.0265,0.2,2,1560516219544,24133555,177
2019-06-14 12:47:39.346,0.1,sell,8362.75,BTC-21JUN19-8500-C,63.95,0.0275,0.1,0,1560516459346,24133835,178
2019-06-14 12:48:04.255,0.1,sell,8366.09,BTC-21JUN19-8500-C,63.64,0.0275,0.1,1,1560516484255,24133877,179
2019-06-14 12:56:14.141,0.1,buy,8361.25,BTC-21JUN19-8500-C,66.9,0.028999999999999998,0.1,1,1560516974141,24134307,181
2019-06-14 12:56:14.141,0.2,buy,8361.25,BTC-21JUN19-8500-C,66.9,0.028999999999999998,0.2,0,1560516974141,24134306,180
2019-06-14 12:56:43.343,5.0,buy,8363.55,BTC-21JUN19-8500-C,67.62,0.0295,5.0,0,1560517003343,24134348,182
2019-06-14 13:00:40.900,5.0,buy,8381.83,BTC-21JUN19-8500-C,65.92,0.0295,5.0,1,1560517240900,24135100,183
2019-06-14 13:01:01.926,0.2,buy,8379.78,BTC-21JUN19-8500-C,66.11,0.0295,0.2,1,1560517261926,24135228,184
2019-06-14 13:01:01.926,0.1,buy,8379.78,BTC-21JUN19-8500-C,66.11,0.0295,0.1,1,1560517261926,24135229,185
2019-06-14 13:18:13.224,0.2,buy,8377.7,BTC-21JUN19-8500-C,67.29,0.03,0.2,0,1560518293224,24136324,186
2019-06-14 13:18:13.224,0.1,buy,8377.7,BTC-21JUN19-8500-C,67.29,0.03,0.1,1,1560518293224,24136325,187
2019-06-14 13:19:49.787,0.1,buy,8386.56,BTC-21JUN19-8500-C,68.31,0.031,0.1,0,1560518389787,24136850,188
2019-06-14 13:19:53.954,0.1,sell,8386.12,BTC-21JUN19-8500-C,68.35,0.031,0.1,1,1560518393954,24136880,189
2019-06-14 13:28:27.247,0.6,sell,8366.92,BTC-21JUN19-8500-C,62.77,0.027000000000000003,0.6,2,1560518907247,24137779,190
2019-06-14 13:28:27.247,0.4,sell,8366.92,BTC-21JUN19-8500-C,62.77,0.027000000000000003,0.4,3,1560518907247,24137780,191
2019-06-14 13:39:38.815,0.1,buy,8399.58,BTC-21JUN19-8500-C,67.14,0.031,0.1,0,1560519578815,24138694,192
2019-06-14 13:40:18.855,0.2,buy,8398.46,BTC-21JUN19-8500-C,67.25,0.031,0.2,1,1560519618855,24138784,193
2019-06-14 13:40:39.761,0.6,buy,8401.14,BTC-21JUN19-8500-C,67.92,0.0315,0.6,0,1560519639761,24138823,194
2019-06-14 13:41:16.965,0.6,sell,8409.94,BTC-21JUN19-8500-C,67.99,0.032,0.6,0,1560519676965,24138938,195
2019-06-14 13:41:17.192,0.5,sell,8409.94,BTC-21JUN19-8500-C,67.99,0.032,0.5,1,1560519677192,24138951,196
2019-06-14 13:43:38.584,0.2,sell,8412.47,BTC-21JUN19-8500-C,68.68,0.0325,0.2,0,1560519818584,24139539,197
2019-06-14 14:03:18.985,0.2,sell,8420.76,BTC-21JUN19-8500-C,68.87,0.033,0.2,0,1560520998985,24142528,198
2019-06-14 14:04:44.358,5.0,sell,8416.44,BTC-21JUN19-8500-C,68.37,0.0325,5.0,2,1560521084358,24142624,199
2019-06-14 14:05:55.848,0.6,sell,8418.07,BTC-21JUN19-8500-C,68.22,0.0325,0.6,3,1560521155848,24142678,200
2019-06-14 14:12:28.516,0.5,buy,8422.27,BTC-21JUN19-8500-C,68.75,0.033,0.5,0,1560521548516,24143030,201
2019-06-14 14:16:03.104,0.1,sell,8398.39,BTC-21JUN19-8500-C,66.45,0.0305,0.1,2,1560521763104,24143449,202
2019-06-14 14:45:22.210,1.0,buy,8417.53,BTC-21JUN19-8500-C,67.48,0.032,1.0,0,1560523522210,24145346,203
2019-06-14 14:49:07.457,0.2,sell,8405.55,BTC-21JUN19-8500-C,67.73,0.0315,0.2,2,1560523747457,24145496,204
2019-06-14 15:02:18.538,2.0,buy,8406.17,BTC-21JUN19-8500-C,70.5,0.033,2.0,0,1560524538538,24145844,205
2019-06-14 15:03:51.549,0.1,buy,8407.15,BTC-21JUN19-8500-C,70.41,0.033,0.1,1,1560524631549,24145892,206
2019-06-14 15:05:19.087,0.1,sell,8402.91,BTC-21JUN19-8500-C,67.12,0.031,0.1,2,1560524719087,24145923,207
2019-06-14 15:26:18.214,0.1,buy,8432.24,BTC-21JUN19-8500-C,68.96,0.0335,0.1,0,1560525978214,24146619,208
2019-06-14 15:26:33.304,0.1,sell,8431.99,BTC-21JUN19-8500-C,68.99,0.0335,0.1,1,1560525993304,24146644,209
2019-06-14 15:31:14.002,0.1,buy,8444.04,BTC-21JUN19-8500-C,69.65,0.0345,0.1,0,1560526274002,24146932,210
2019-06-14 15:31:46.066,0.3,buy,8449.95,BTC-21JUN19-8500-C,69.99,0.035,0.3,0,1560526306066,24147058,211
2019-06-14 15:32:24.693,0.1,sell,8455.05,BTC-21JUN19-8500-C,69.47,0.035,0.1,1,1560526344693,24147533,212
2019-06-14 15:32:58.349,0.1,sell,8458.86,BTC-21JUN19-8500-C,69.09,0.035,0.1,1,1560526378349,24147623,213
2019-06-14 15:35:32.266,1.4,sell,8448.36,BTC-21JUN19-8500-C,70.16,0.035,1.4,1,1560526532266,24147806,214
2019-06-14 16:02:35.512,1.8,sell,8400.71,BTC-21JUN19-8500-C,72.18,0.0335,1.8,2,1560528155512,24149118,215
2019-06-14 16:25:59.248,5.0,sell,8412.17,BTC-21JUN19-8500-C,67.43,0.0315,5.0,2,1560529559248,24150073,216
2019-06-14 16:27:32.353,5.0,sell,8411.2,BTC-21JUN19-8500-C,66.6,0.031,5.0,2,1560529652353,24150130,217
2019-06-14 16:52:07.570,0.3,buy,8387.66,BTC-21JUN19-8500-C,72.7,0.033,0.3,0,1560531127570,24151483,218
2019-06-14 16:53:59.934,2.9,buy,8370.07,BTC-21JUN19-8500-C,72.52,0.032,2.9,2,1560531239934,24151695,219
2019-06-14 16:53:59.934,0.7000000000000001,buy,8370.07,BTC-21JUN19-8500-C,72.52,0.032,0.7000000000000001,3,1560531239934,24151696,220
2019-06-14 16:53:59.934,4.4,buy,8370.07,BTC-21JUN19-8500-C,72.52,0.032,4.4,3,1560531239934,24151697,221
2019-06-14 16:59:32.860,0.1,buy,8369.09,BTC-21JUN19-8500-C,69.82,0.0305,0.1,2,1560531572860,24151961,222
2019-06-14 17:28:46.511,0.1,buy,8393.64,BTC-21JUN19-8500-C,72.26,0.033,0.1,0,1560533326511,24153424,223
2019-06-14 17:53:18.147,1.0,sell,8394.4,BTC-21JUN19-8500-C,68.53,0.031,1.0,2,1560534798147,24153925,224
2019-06-14 18:04:21.751,0.3,buy,8414.15,BTC-21JUN19-8500-C,72.26,0.034,0.3,0,1560535461751,24154259,225
2019-06-14 18:05:43.676,1.0,buy,8424.09,BTC-21JUN19-8500-C,73.15,0.035,1.0,0,1560535543676,24154409,226
2019-06-14 18:05:43.676,1.0,buy,8424.09,BTC-21JUN19-8500-C,73.15,0.035,1.0,1,1560535543676,24154410,227
2019-06-14 18:27:48.555,0.5,sell,8406.27,BTC-21JUN19-8500-C,67.5,0.031,0.5,2,1560536868555,24154991,228
2019-06-14 20:38:01.284,0.3,sell,8442.53,BTC-21JUN19-8500-C,67.18,0.0325,0.3,1,1560544681284,24159644,230
2019-06-14 20:38:01.284,0.7000000000000001,sell,8442.53,BTC-21JUN19-8500-C,67.18,0.0325,0.7000000000000001,0,1560544681284,24159643,229
2019-06-14 20:39:12.741,1.0,sell,8443.26,BTC-21JUN19-8500-C,67.11,0.0325,1.0,1,1560544752741,24159657,231
2019-06-14 21:01:20.594,1.0,buy,8472.57,BTC-21JUN19-8500-C,70.76,0.036000000000000004,1.0,0,1560546080594,24160931,232
2019-06-14 21:01:24.314,4.0,buy,8479.31,BTC-21JUN19-8500-C,70.06,0.036000000000000004,4.0,1,1560546084314,24161110,233
2019-06-14 21:12:30.233,1.0,buy,8643.45,BTC-21JUN19-8500-C,68.66,0.045,1.0,0,1560546750233,24167233,234
2019-06-14 21:12:30.233,1.0,buy,8643.45,BTC-21JUN19-8500-C,68.66,0.045,1.0,1,1560546750233,24167234,235
2019-06-14 21:57:03.203,0.1,buy,8618.05,BTC-21JUN19-8500-C,71.89,0.045,0.1,1,1560549423203,24175709,236
2019-06-14 23:09:08.192,10.0,buy,8671.04,BTC-21JUN19-8500-C,81.32,0.053,10.0,0,1560553748192,24182630,237
2019-06-14 23:49:48.808,2.2,buy,8717.54,BTC-21JUN19-8500-C,75.66,0.053,2.2,1,1560556188808,24185873,238
2019-06-15 01:58:41.024,2.0,sell,8636.95,BTC-21JUN19-8500-C,76.43,0.048,2.0,2,1560563921024,24190971,239
2019-06-15 02:16:17.242,3.0,buy,8676.9,BTC-21JUN19-8500-C,75.5,0.05,3.0,0,1560564977242,24191593,240
2019-06-15 02:26:15.322,1.0,sell,8665.36,BTC-21JUN19-8500-C,74.02,0.0485,1.0,2,1560565575322,24191743,241
2019-06-15 02:30:53.104,1.0,buy,8688.65,BTC-21JUN19-8500-C,75.07,0.0505,1.0,0,1560565853104,24191894,242
2019-06-15 02:31:49.194,0.1,buy,8686.96,BTC-21JUN19-8500-C,75.29,0.0505,0.1,1,1560565909194,24191938,243
2019-06-15 03:26:42.407,0.3,sell,8644.73,BTC-21JUN19-8500-C,73.88,0.047,0.3,2,1560569202407,24193368,244
2019-06-15 06:30:53.664,0.1,sell,8699.3,BTC-21JUN19-8500-C,77.74,0.052000000000000005,0.1,0,1560580253664,24198295,245
2019-06-15 07:16:36.266,1.0,sell,8697.45,BTC-21JUN19-8500-C,72.09,0.049,1.0,2,1560582996266,24204073,246
2019-06-15 07:17:56.505,0.6,buy,8695.88,BTC-21JUN19-8500-C,73.32,0.0495,0.6,0,1560583076505,24204109,247
2019-06-15 07:17:56.532,0.6,buy,8695.88,BTC-21JUN19-8500-C,73.32,0.0495,0.6,1,1560583076532,24204111,248
2019-06-15 07:17:56.653,0.6,buy,8695.88,BTC-21JUN19-8500-C,73.32,0.0495,0.6,1,1560583076653,24204112,249
2019-06-15 07:21:22.890,16.0,buy,8687.01,BTC-21JUN19-8500-C,72.47,0.0485,16.0,2,1560583282890,24204236,250
2019-06-15 07:25:11.172,0.2,sell,8685.68,BTC-21JUN19-8500-C,71.65,0.048,0.2,2,1560583511172,24204309,251
2019-06-15 15:44:12.931,2.0,sell,8816.38,BTC-21JUN19-8500-C,70.92,0.0555,2.0,0,1560613452931,24221573,252
2019-06-15 15:47:56.265,0.2,sell,8813.84,BTC-21JUN19-8500-C,70.22,0.055,0.2,3,1560613676265,24221863,254
2019-06-15 15:47:56.265,0.4,sell,8813.84,BTC-21JUN19-8500-C,70.22,0.055,0.4,2,1560613676265,24221862,253
2019-06-15 16:15:00.135,0.2,sell,8797.98,BTC-21JUN19-8500-C,72.8,0.055,0.2,3,1560615300135,24225571,255
2019-06-15 16:17:20.313,1.0,sell,8819.66,BTC-21JUN19-8500-C,70.55,0.0555,1.0,0,1560615440313,24225791,256
2019-06-15 16:35:57.398,0.6,sell,8868.4,BTC-21JUN19-8500-C,75.26,0.061,0.6,0,1560616557398,24228615,257
2019-06-15 16:42:48.648,1.0,sell,8839.71,BTC-21JUN19-8500-C,69.69,0.0565,1.0,2,1560616968648,24230147,258
2019-06-15 16:43:37.509,0.3,sell,8834.06,BTC-21JUN19-8500-C,70.62,0.0565,0.3,3,1560617017509,24230204,259
2019-06-15 16:45:09.633,0.5,sell,8856.26,BTC-21JUN19-8500-C,70.42,0.057999999999999996,0.5,0,1560617109633,24230396,260
2019-06-15 16:47:38.496,0.4,sell,8846.74,BTC-21JUN19-8500-C,71.99,0.057999999999999996,0.4,1,1560617258496,24230774,261
2019-06-15 16:47:53.502,0.1,sell,8851.83,BTC-21JUN19-8500-C,71.16,0.057999999999999996,0.1,1,1560617273502,24230789,262
2019-06-15 16:56:12.656,0.4,sell,8869.01,BTC-21JUN19-8500-C,71.8,0.0595,0.4,0,1560617772656,24232991,263
2019-06-15 16:56:12.656,0.6,sell,8869.01,BTC-21JUN19-8500-C,71.8,0.0595,0.6,1,1560617772656,24232992,264
2019-06-15 17:43:04.800,0.1,buy,8809.25,BTC-21JUN19-8500-C,77.01,0.0575,0.1,2,1560620584800,24236831,265
2019-06-15 19:32:53.841,0.4,buy,8872.7,BTC-21JUN19-8500-C,81.14,0.0635,0.4,0,1560627173841,24242619,266
2019-06-15 19:32:53.841,0.6,buy,8872.7,BTC-21JUN19-8500-C,82.29,0.064,0.6,0,1560627173841,24242620,267
2019-06-16 00:08:40.981,2.0,sell,8838.06,BTC-21JUN19-8500-C,73.14,0.057,2.0,2,1560643720981,24255856,268
2019-06-16 01:25:39.493,1.0,buy,8957.2,BTC-21JUN19-8500-C,75.49,0.0665,1.0,0,1560648339493,24262061,269
2019-06-16 01:26:27.242,6.0,buy,8946.89,BTC-21JUN19-8500-C,86.0,0.07,6.0,0,1560648387242,24262630,270
2019-06-16 01:26:27.242,3.0,buy,8946.89,BTC-21JUN19-8500-C,87.21,0.0705,3.0,0,1560648387242,24262631,271
2019-06-16 01:26:27.446,1.0,sell,8947.07,BTC-21JUN19-8500-C,90.78,0.07200000000000001,1.0,0,1560648387446,24262638,272
2019-06-16 01:35:27.362,3.0,buy,8982.52,BTC-21JUN19-8500-C,88.38,0.0735,3.0,0,1560648927362,24265953,273
2019-06-16 01:43:05.729,1.0,buy,8970.31,BTC-21JUN19-8500-C,85.66,0.0715,1.0,2,1560649385729,24267029,274
2019-06-16 01:45:32.211,3.0,sell,9001.8,BTC-21JUN19-8500-C,77.29,0.0705,3.0,2,1560649532211,24268272,275
2019-06-16 02:04:08.869,2.0,sell,8993.59,BTC-21JUN19-8500-C,76.39,0.0695,2.0,2,1560650648869,24271479,276
2019-06-16 02:29:17.124,0.6,sell,8984.58,BTC-21JUN19-8500-C,79.54,0.07,0.6,0,1560652157124,24272992,277
2019-06-16 03:36:44.239,0.3,buy,8995.75,BTC-21JUN19-8500-C,87.97,0.07400000000000001,0.3,0,1560656204239,24275337,278
2019-06-16 03:37:45.790,0.3,buy,8996.18,BTC-21JUN19-8500-C,87.9,0.07400000000000001,0.3,1,1560656265790,24275383,279
2019-06-16 04:49:18.794,0.1,sell,9043.26,BTC-21JUN19-8500-C,79.24,0.07400000000000001,0.1,1,1560660558794,24279852,280
2019-06-16 05:03:11.692,0.6,buy,9172.3,BTC-21JUN19-8500-C,88.27,0.087,0.6,0,1560661391692,24284928,281
2019-06-16 05:03:12.798,0.6,buy,9173.58,BTC-21JUN19-8500-C,87.99,0.087,0.6,1,1560661392798,24284959,282
2019-06-16 05:03:19.204,0.6,buy,9180.1,BTC-21JUN19-8500-C,86.55,0.087,0.6,1,1560661399204,24285153,283
2019-06-16 05:03:19.258,6.0,buy,9180.1,BTC-21JUN19-8500-C,86.55,0.087,6.0,1,1560661399258,24285159,284
2019-06-16 05:03:19.414,0.6,buy,9180.1,BTC-21JUN19-8500-C,86.55,0.087,0.6,1,1560661399414,24285160,285
2019-06-16 05:10:17.988,0.4,buy,9196.38,BTC-21JUN19-8500-C,82.85,0.087,0.4,1,1560661817988,24287451,286
2019-06-16 05:10:22.229,0.4,buy,9196.77,BTC-21JUN19-8500-C,82.76,0.087,0.4,1,1560661822229,24287458,287
2019-06-16 05:10:22.268,0.4,buy,9196.77,BTC-21JUN19-8500-C,82.76,0.087,0.4,1,1560661822268,24287460,288
2019-06-16 05:10:32.941,0.4,buy,9198.57,BTC-21JUN19-8500-C,82.33,0.087,0.4,1,1560661832941,24287498,289
2019-06-16 05:12:56.152,0.3,sell,9202.16,BTC-21JUN19-8500-C,90.46,0.09,0.3,0,1560661976152,24289224,290
2019-06-16 05:20:12.317,2.0,buy,9208.52,BTC-21JUN19-8500-C,92.0,0.091,2.0,0,1560662412317,24291293,291
2019-06-16 05:20:12.436,0.6,buy,9208.87,BTC-21JUN19-8500-C,91.93,0.091,0.6,1,1560662412436,24291294,292
2019-06-16 05:20:16.741,0.6,buy,9210.36,BTC-21JUN19-8500-C,91.6,0.091,0.6,1,1560662416741,24291306,293
2019-06-16 05:20:31.248,0.6,buy,9217.36,BTC-21JUN19-8500-C,90.05,0.091,0.6,1,1560662431248,24291413,294
2019-06-16 05:22:27.211,0.2,sell,9184.0,BTC-21JUN19-8500-C,87.25,0.0875,0.2,2,1560662547211,24291960,295
2019-06-16 05:24:11.985,0.6,buy,9167.09,BTC-21JUN19-8500-C,101.92,0.0915,0.6,0,1560662651985,24292136,296
2019-06-16 05:31:36.187,0.6,buy,9185.2,BTC-21JUN19-8500-C,97.0,0.091,0.6,2,1560663096187,24293330,297
2019-06-16 05:36:41.353,0.6,buy,9198.09,BTC-21JUN19-8500-C,98.57,0.0925,0.6,0,1560663401353,24293789,298
2019-06-16 05:39:07.534,2.0,buy,9183.36,BTC-21JUN19-8500-C,109.57,0.0955,2.0,0,1560663547534,24294073,299
2019-06-16 05:42:56.860,2.0,buy,9196.78,BTC-21JUN19-8500-C,109.73,0.0965,2.0,0,1560663776860,24294377,300
2019-06-16 05:45:52.232,2.0,buy,9203.17,BTC-21JUN19-8500-C,108.54,0.0965,2.0,1,1560663952232,24294512,301
2019-06-16 05:54:54.116,0.6,buy,9311.5,BTC-21JUN19-8500-C,92.74,0.099,0.6,0,1560664494116,24298206,302
2019-06-16 05:54:55.877,0.6,buy,9311.45,BTC-21JUN19-8500-C,92.75,0.099,0.6,1,1560664495877,24298209,303
2019-06-16 05:54:55.899,0.6,buy,9311.45,BTC-21JUN19-8500-C,92.75,0.099,0.6,1,1560664495899,24298211,304
2019-06-16 05:55:05.430,1.0,buy,9313.19,BTC-21JUN19-8500-C,92.33,0.099,1.0,1,1560664505430,24298274,305
2019-06-16 05:56:20.115,0.6,buy,9322.19,BTC-21JUN19-8500-C,90.11,0.099,0.6,1,1560664580115,24298526,306
2019-06-16 05:56:31.865,0.6,buy,9332.97,BTC-21JUN19-8500-C,87.33,0.099,0.6,1,1560664591865,24298595,307
2019-06-16 05:56:32.005,0.6,buy,9332.97,BTC-21JUN19-8500-C,87.33,0.099,0.6,1,1560664592005,24298597,308
2019-06-16 05:56:32.203,0.6,buy,9332.97,BTC-21JUN19-8500-C,87.33,0.099,0.6,1,1560664592203,24298601,309
2019-06-16 05:56:35.859,0.6,buy,9332.89,BTC-21JUN19-8500-C,87.36,0.099,0.6,1,1560664595859,24298626,310
2019-06-16 05:56:36.004,0.6,buy,9332.89,BTC-21JUN19-8500-C,87.36,0.099,0.6,1,1560664596004,24298631,311
2019-06-16 05:56:36.076,0.6,buy,9332.89,BTC-21JUN19-8500-C,87.36,0.099,0.6,1,1560664596076,24298635,312
2019-06-16 05:56:38.365,0.6,buy,9334.52,BTC-21JUN19-8500-C,86.93,0.099,0.6,1,1560664598365,24298645,313
2019-06-16 05:56:38.571,0.4,buy,9335.69,BTC-21JUN19-8500-C,86.62,0.099,0.4,1,1560664598571,24298648,314
2019-06-16 06:01:18.929,0.6,sell,9364.36,BTC-21JUN19-8500-C,103.65,0.1065,0.6,0,1560664878929,24300666,315
2019-06-16 06:01:22.770,0.4,sell,9364.35,BTC-21JUN19-8500-C,103.65,0.1065,0.4,1,1560664882770,24300674,316
2019-06-16 06:04:22.515,1.0,sell,9359.15,BTC-21JUN19-8500-C,101.8,0.1055,1.0,2,1560665062515,24301915,317
2019-06-16 06:54:04.673,0.4,buy,9306.8,BTC-21JUN19-8500-C,140.38,0.1155,0.4,0,1560668044673,24310338,319
2019-06-16 06:54:04.673,0.6,buy,9306.8,BTC-21JUN19-8500-C,103.34,0.102,0.6,2,1560668044673,24310337,318
2019-06-16 08:05:48.592,0.1,sell,9360.14,BTC-21JUN19-8500-C,62.8,0.095,0.1,2,1560672348592,24315907,320
2019-06-16 08:30:29.195,0.1,sell,9363.88,BTC-21JUN19-8500-C,75.32,0.098,0.1,0,1560673829195,24319709,321
2019-06-16 08:46:44.503,0.3,buy,8985.82,BTC-21JUN19-8500-C,107.81,0.0805,0.3,2,1560674804503,24327380,322
2019-06-16 08:47:15.501,6.0,buy,8965.13,BTC-21JUN19-8500-C,107.59,0.079,6.0,2,1560674835501,24329017,323
2019-06-16 10:27:33.185,0.7000000000000001,sell,9133.31,BTC-21JUN19-8500-C,87.24,0.083,0.7000000000000001,0,1560680853185,24349642,324
2019-06-16 10:28:56.824,0.3,sell,9139.26,BTC-21JUN19-8500-C,85.93,0.083,0.3,1,1560680936824,24349688,325
2019-06-16 11:53:50.317,0.6,buy,9110.99,BTC-21JUN19-8500-C,95.33,0.084,0.6,1,1560686030317,24356443,327
2019-06-16 11:53:50.317,0.8,buy,9110.99,BTC-21JUN19-8500-C,95.33,0.084,0.8,0,1560686030317,24356442,326
2019-06-16 11:54:22.905,0.8,buy,9112.08,BTC-21JUN19-8500-C,95.11,0.084,0.8,1,1560686062905,24356476,328
2019-06-16 12:28:01.843,2.0,buy,9088.69,BTC-21JUN19-8500-C,113.12,0.08900000000000001,2.0,0,1560688081843,24360527,329
2019-06-16 13:42:10.793,2.0,sell,9170.59,BTC-21JUN19-8500-C,106.24,0.092,2.0,0,1560692530793,24365784,330
2019-06-16 13:48:46.129,0.2,buy,9218.87,BTC-21JUN19-8500-C,111.96,0.0975,0.2,0,1560692926129,24367371,331
2019-06-16 14:00:59.494,0.8,sell,9242.34,BTC-21JUN19-8500-C,101.33,0.0955,0.8,2,1560693659494,24369024,332
2019-06-16 14:00:59.698,0.8,sell,9242.34,BTC-21JUN19-8500-C,101.33,0.0955,0.8,3,1560693659698,24369032,333
2019-06-16 14:11:03.873,0.5,sell,9280.1,BTC-21JUN19-8500-C,98.88,0.0975,0.5,0,1560694263873,24370322,334
2019-06-16 14:15:32.691,0.1,buy,9309.68,BTC-21JUN19-8500-C,137.55,0.113,0.1,0,1560694532691,24371330,335
2019-06-16 14:16:09.492,0.1,buy,9297.95,BTC-21JUN19-8500-C,138.36,0.1125,0.1,2,1560694569492,24371492,336
2019-06-16 15:17:04.488,0.2,buy,9175.92,BTC-21JUN19-8500-C,104.49,0.0915,0.2,2,1560698224488,24377713,337
2019-06-16 17:23:19.601,0.8,buy,9075.5,BTC-21JUN19-8500-C,100.68,0.0825,0.8,2,1560705799601,24388205,338
2019-06-16 19:07:06.869,0.6,buy,9033.9,BTC-21JUN19-8500-C,93.28,0.0765,0.6,2,1560712026869,24402676,339
2019-06-16 19:07:09.596,0.6,buy,9033.85,BTC-21JUN19-8500-C,93.29,0.0765,0.6,3,1560712029596,24402683,340
2019-06-16 19:35:32.563,0.6,sell,8958.17,BTC-21JUN19-8500-C,101.26,0.07400000000000001,0.6,2,1560713732563,24406697,341
2019-06-16 19:35:34.160,4.8,sell,8958.14,BTC-21JUN19-8500-C,101.26,0.07400000000000001,4.8,3,1560713734160,24406799,342
2019-06-16 19:35:42.614,4.6000000000000005,sell,8953.35,BTC-21JUN19-8500-C,102.12,0.07400000000000001,4.6000000000000005,3,1560713742614,24406960,343
2019-06-16 19:45:12.895,0.6,buy,8942.42,BTC-21JUN19-8500-C,99.01,0.07200000000000001,0.6,2,1560714312895,24412317,344
2019-06-16 19:45:12.942,0.6,buy,8942.42,BTC-21JUN19-8500-C,99.01,0.07200000000000001,0.6,3,1560714312942,24412322,345
2019-06-16 19:45:13.418,0.6,buy,8942.42,BTC-21JUN19-8500-C,99.01,0.07200000000000001,0.6,3,1560714313418,24412342,346
2019-06-16 20:32:21.503,0.6,buy,8895.47,BTC-21JUN19-8500-C,105.03,0.071,0.6,2,1560717141503,24424061,347
2019-06-16 20:44:38.196,0.2,buy,8936.74,BTC-21JUN19-8500-C,109.43,0.0755,0.2,0,1560717878196,24425711,348
2019-06-17 04:17:55.466,1.0,sell,9246.6,BTC-21JUN19-8500-C,77.01,0.087,1.0,0,1560745075466,24459325,349
2019-06-17 08:00:21.025,1.0,buy,9163.17,BTC-21JUN19-8500-C,102.11,0.087,1.0,1,1560758421025,24471611,350
2019-06-17 08:09:12.058,1.0,sell,9179.31,BTC-21JUN19-8500-C,103.11,0.0885,1.0,0,1560758952058,24471875,351
2019-06-17 08:10:25.004,2.0,buy,9183.94,BTC-21JUN19-8500-C,105.21,0.0895,2.0,0,1560759025004,24471913,352
2019-06-17 08:11:26.961,1.0,buy,9183.33,BTC-21JUN19-8500-C,105.36,0.0895,1.0,1,1560759086961,24471920,353
2019-06-17 08:22:14.548,2.0,sell,9200.31,BTC-21JUN19-8500-C,99.65,0.08900000000000001,2.0,2,1560759734548,24472597,354
2019-06-17 08:37:24.745,6.0,buy,9211.52,BTC-21JUN19-8500-C,105.24,0.0915,6.0,0,1560760644745,24473546,355
2019-06-17 09:06:41.884,0.1,sell,9190.17,BTC-21JUN19-8500-C,102.59,0.08900000000000001,0.1,2,1560762401884,24474595,356
2019-06-17 15:03:29.322,1.0,sell,9326.78,BTC-21JUN19-8500-C,100.28,0.098,1.0,0,1560783809322,24511700,357
2019-06-17 15:44:52.172,0.3,buy,9255.07,BTC-21JUN19-8500-C,110.15,0.095,0.3,2,1560786292172,24519529,358
2019-06-17 16:17:22.365,2.0,sell,9197.14,BTC-21JUN19-8500-C,97.83,0.087,2.0,2,1560788242365,24533955,359
2019-06-17 19:17:53.299,0.1,buy,9344.63,BTC-21JUN19-8500-C,105.19,0.1,0.1,0,1560799073299,24545894,360
2019-06-17 19:26:59.005,0.1,buy,9342.07,BTC-21JUN19-8500-C,106.09,0.1,0.1,1,1560799619005,24546368,361
2019-06-17 19:31:39.451,0.3,sell,9354.52,BTC-21JUN19-8500-C,102.09,0.1,0.3,1,1560799899451,24547032,362
2019-06-17 19:36:18.969,0.2,sell,9324.57,BTC-21JUN19-8500-C,99.53,0.09699999999999999,0.2,2,1560800178969,24547997,363
2019-06-17 20:27:37.596,0.6,sell,9306.31,BTC-21JUN19-8500-C,113.61,0.099,0.6,0,1560803257596,24559413,364
2019-06-17 20:27:37.834,1.4,sell,9306.31,BTC-21JUN19-8500-C,113.61,0.099,1.4,1,1560803257834,24559416,365
2019-06-17 20:37:32.762,2.0,sell,9287.52,BTC-21JUN19-8500-C,115.31,0.098,2.0,2,1560803852762,24560202,366
2019-06-17 20:52:57.184,1.0,buy,9295.7,BTC-21JUN19-8500-C,101.51,0.095,1.0,2,1560804777184,24564832,367
2019-06-17 23:00:42.244,0.3,buy,9380.92,BTC-21JUN19-8500-C,108.2,0.10300000000000001,0.3,0,1560812442244,24578823,368
2019-06-18 05:25:30.187,0.8,sell,9197.06,BTC-21JUN19-8500-C,111.88,0.0885,0.8,2,1560835530187,24618821,369
2019-06-18 05:25:31.787,0.8,sell,9193.09,BTC-21JUN19-8500-C,113.03,0.0885,0.8,3,1560835531787,24618884,370
2019-06-18 05:25:32.539,4.4,sell,9190.35,BTC-21JUN19-8500-C,113.82,0.0885,4.4,3,1560835532539,24618934,371
2019-06-18 06:24:26.750,0.1,buy,9205.5,BTC-21JUN19-8500-C,110.13,0.0885,0.1,3,1560839066750,24625265,372
2019-06-18 07:56:42.921,0.1,buy,9106.17,BTC-21JUN19-8500-C,109.82,0.0805,0.1,2,1560844602921,24633639,373
2019-06-18 09:07:22.402,0.1,buy,9196.48,BTC-21JUN19-8500-C,107.01,0.0865,0.1,0,1560848842402,24637575,374
2019-06-18 09:38:32.135,0.3,sell,9242.73,BTC-21JUN19-8500-C,104.66,0.0895,0.3,0,1560850712135,24639651,375
2019-06-18 09:41:19.718,0.3,buy,9238.07,BTC-21JUN19-8500-C,108.41,0.09,0.3,0,1560850879718,24639800,376
2019-06-18 12:17:41.455,0.3,sell,9144.5,BTC-21JUN19-8500-C,105.7,0.0815,0.3,2,1560860261455,24645610,377
2019-06-18 13:23:00.127,0.1,sell,9169.81,BTC-21JUN19-8500-C,106.61,0.0835,0.1,0,1560864180127,24649097,378
2019-06-18 15:32:33.291,1.0,sell,8945.44,BTC-21JUN19-8500-C,89.03,0.061,1.0,2,1560871953291,24662093,379
2019-06-18 19:16:09.044,0.8,sell,9095.81,BTC-21JUN19-8500-C,86.56,0.07200000000000001,0.8,0,1560885369044,24685052,380
2019-06-18 20:26:10.932,0.1,buy,9135.77,BTC-21JUN19-8500-C,102.51,0.0785,0.1,0,1560889570932,24689397,381
2019-06-18 21:58:37.496,0.1,buy,9009.04,BTC-21JUN19-8500-C,101.98,0.068,0.1,2,1560895117496,24695569,382
2019-06-19 03:17:11.940,6.0,sell,9158.92,BTC-21JUN19-8500-C,84.81,0.076,6.0,0,1560914231940,24716275,383
2019-06-19 04:33:23.580,5.0,sell,9185.9,BTC-21JUN19-8500-C,83.27,0.078,5.0,0,1560918803580,24718203,384
2019-06-19 04:33:49.269,4.5,sell,9185.82,BTC-21JUN19-8500-C,0.0,0.07200000000000001,4.5,2,1560918829269,24718209,386
2019-06-19 04:33:49.269,0.5,sell,9185.82,BTC-21JUN19-8500-C,0.0,0.0725,0.5,2,1560918829269,24718208,385
2019-06-19 11:18:16.138,0.3,buy,9122.44,BTC-21JUN19-8500-C,102.39,0.0745,0.3,0,1560943096138,24730518,387
2019-06-19 11:20:11.449,0.1,buy,9117.9,BTC-21JUN19-8500-C,104.61,0.0745,0.1,1,1560943211449,24730594,388
2019-06-19 21:52:27.453,0.1,sell,9180.09,BTC-21JUN19-8500-C,93.11,0.0765,0.1,0,1560981147453,24761141,389
2019-06-19 21:52:27.542,0.3,buy,9180.09,BTC-21JUN19-8500-C,93.11,0.0765,0.3,1,1560981147542,24761142,390
2019-06-19 21:54:24.774,0.1,sell,9185.07,BTC-21JUN19-8500-C,93.63,0.077,0.1,0,1560981264774,24761417,391
2019-06-19 21:55:52.214,0.1,sell,9193.37,BTC-21JUN19-8500-C,96.14,0.078,0.1,0,1560981352214,24761530,392
2019-06-19 21:55:52.342,0.6,buy,9193.37,BTC-21JUN19-8500-C,96.14,0.078,0.6,1,1560981352342,24761531,393
2019-06-19 22:05:49.481,0.1,sell,9274.5,BTC-21JUN19-8500-C,103.45,0.086,0.1,0,1560981949481,24764591,394
2019-06-19 22:08:15.721,0.1,buy,9275.87,BTC-21JUN19-8500-C,102.19,0.086,0.1,1,1560982095721,24764979,395
2019-06-19 22:08:15.737,0.1,buy,9275.87,BTC-21JUN19-8500-C,102.19,0.086,0.1,1,1560982095737,24764980,396
2019-06-19 22:08:15.752,0.1,buy,9275.87,BTC-21JUN19-8500-C,102.19,0.086,0.1,1,1560982095752,24764981,397
2019-06-19 22:08:15.768,0.1,buy,9275.87,BTC-21JUN19-8500-C,102.19,0.086,0.1,1,1560982095768,24764982,398
2019-06-19 22:08:15.785,0.1,buy,9275.87,BTC-21JUN19-8500-C,102.19,0.086,0.1,1,1560982095785,24764983,399
2019-06-19 22:08:15.799,0.1,buy,9275.87,BTC-21JUN19-8500-C,102.19,0.086,0.1,1,1560982095799,24764984,400
2019-06-19 22:08:15.814,0.1,buy,9275.87,BTC-21JUN19-8500-C,102.19,0.086,0.1,1,1560982095814,24764985,401
2019-06-19 22:08:15.829,0.1,buy,9275.87,BTC-21JUN19-8500-C,102.19,0.086,0.1,1,1560982095829,24764986,402
2019-06-19 22:08:15.843,0.1,buy,9275.87,BTC-21JUN19-8500-C,102.19,0.086,0.1,1,1560982095843,24764987,403
2019-06-19 22:35:07.766,0.1,sell,9271.11,BTC-21JUN19-8500-C,102.09,0.0855,0.1,2,1560983707766,24768783,404
2019-06-19 23:16:25.092,1.0,buy,9310.84,BTC-21JUN19-8500-C,160.44,0.096,1.0,0,1560986185092,24774690,405
2019-06-20 03:55:42.087,0.1,sell,9337.92,BTC-21JUN19-8500-C,123.62,0.0925,0.1,2,1561002942087,24786406,406
2019-06-20 04:24:54.295,0.2,sell,9313.45,BTC-21JUN19-8500-C,131.58,0.091,0.2,2,1561004694295,24787708,407
2019-06-20 09:14:31.866,0.1,sell,9253.64,BTC-21JUN19-8500-C,110.57,0.083,0.1,2,1561022071866,24800226,408
2019-06-20 14:34:59.445,0.1,buy,9352.29,BTC-21JUN19-8500-C,152.81,0.0935,0.1,0,1561041299445,24814369,409
2019-06-20 16:41:00.486,0.1,buy,9396.67,BTC-21JUN19-8500-C,180.56,0.0985,0.1,0,1561048860486,24831754,410
2019-06-20 16:41:00.486,0.1,buy,9396.67,BTC-21JUN19-8500-C,225.17,0.102,0.1,0,1561048860486,24831755,411
2019-06-20 17:02:54.904,0.1,sell,9359.8,BTC-21JUN19-8500-C,170.51,0.0945,0.1,2,1561050174904,24834537,412
