date_utc,amount,direction,indexPrice,instrument,iv,price,quantity,tickDirection,timeStamp,tradeId,tradeSeq
2019-05-11 17:10:09.619,0.5,sell,6908.39,BTC-31MAY19-10000-C,109.99,0.01,0.5,1,1557594609619,19613682,1
2019-05-11 17:43:54.530,0.4,sell,6964.29,BTC-31MAY19-10000-C,110.83,0.011000000000000001,0.4,0,1557596634530,19616871,2
2019-05-11 18:19:04.678,0.4,sell,6988.68,BTC-31MAY19-10000-C,110.13,0.011000000000000001,0.4,1,1557598744678,19623323,3
2019-05-11 18:50:25.411,30.0,sell,6977.22,BTC-31MAY19-10000-C,108.04,0.01,30.0,2,1557600625411,19627461,4
2019-05-11 19:17:16.574,0.4,sell,6927.96,BTC-31MAY19-10000-C,110.91,0.0105,0.4,0,1557602236574,19630415,5
2019-05-11 19:19:42.978,0.4,buy,6941.43,BTC-31MAY19-10000-C,110.49,0.0105,0.4,1,1557602382978,19630825,6
2019-05-11 20:33:24.455,0.4,sell,6931.58,BTC-31MAY19-10000-C,109.66,0.01,0.4,2,1557606804455,19636647,7
2019-05-11 21:59:37.291,0.4,buy,7076.16,BTC-31MAY19-10000-C,111.34,0.0125,0.4,0,1557611977291,19646689,9
2019-05-11 21:59:37.291,0.1,buy,7076.16,BTC-31MAY19-10000-C,110.19,0.012,0.1,0,1557611977291,19646688,8
2019-05-11 21:59:37.351,0.5,buy,7076.16,BTC-31MAY19-10000-C,111.34,0.0125,0.5,1,1557611977351,19646690,10
2019-05-11 21:59:40.083,0.1,buy,7077.43,BTC-31MAY19-10000-C,111.3,0.0125,0.1,1,1557611980083,19646702,11
2019-05-11 23:15:08.168,0.4,sell,7396.83,BTC-31MAY19-10000-C,109.47,0.0165,0.4,0,1557616508168,19701870,12
2019-05-11 23:20:50.447,0.4,sell,7376.36,BTC-31MAY19-10000-C,110.15,0.0165,0.4,1,1557616850447,19706552,13
2019-05-11 23:27:38.689,0.5,sell,7367.12,BTC-31MAY19-10000-C,106.49,0.0145,0.5,2,1557617258689,19710415,14
2019-05-11 23:29:38.602,0.5,buy,7392.99,BTC-31MAY19-10000-C,105.66,0.0145,0.5,3,1557617378602,19711087,15
2019-05-11 23:29:38.630,0.1,buy,7392.99,BTC-31MAY19-10000-C,105.66,0.0145,0.1,3,1557617378630,19711088,16
2019-05-11 23:35:04.808,0.5,sell,7395.03,BTC-31MAY19-10000-C,104.58,0.013999999999999999,0.5,2,1557617704808,19715293,17
2019-05-11 23:38:23.074,0.5,sell,7388.72,BTC-31MAY19-10000-C,102.68,0.013000000000000001,0.5,2,1557617903074,19716777,18
2019-05-11 23:42:34.643,0.5,sell,7338.45,BTC-31MAY19-10000-C,102.1,0.012,0.5,2,1557618154643,19720217,19
2019-05-12 01:55:59.361,0.5,sell,7196.96,BTC-31MAY19-10000-C,112.3,0.0145,0.5,0,1557626159361,19782144,20
2019-05-12 02:20:49.082,1.0,sell,7222.78,BTC-31MAY19-10000-C,111.51,0.0145,1.0,1,1557627649082,19786889,21
2019-05-12 02:20:53.072,8.5,sell,7221.38,BTC-31MAY19-10000-C,111.55,0.0145,8.5,1,1557627653072,19786891,22
2019-05-12 05:49:11.079,0.5,buy,7361.31,BTC-31MAY19-10000-C,106.38,0.013999999999999999,0.5,2,1557640151079,19815348,23
2019-05-12 05:49:33.144,1.0,buy,7376.12,BTC-31MAY19-10000-C,106.94,0.0145,1.0,0,1557640173144,19815568,24
2019-05-12 06:04:14.856,0.1,sell,7352.0,BTC-31MAY19-10000-C,108.77,0.015,0.1,0,1557641054856,19818024,25
2019-05-12 07:32:16.102,0.4,buy,7497.1,BTC-31MAY19-10000-C,115.36,0.021,0.4,0,1557646336102,19836914,26
2019-05-12 09:15:01.062,0.1,sell,7403.56,BTC-31MAY19-10000-C,116.09,0.0195,0.1,3,1557652501062,19872207,30
2019-05-12 09:15:01.062,0.1,sell,7403.56,BTC-31MAY19-10000-C,116.09,0.0195,0.1,3,1557652501062,19872206,29
2019-05-12 09:15:01.062,0.1,sell,7403.56,BTC-31MAY19-10000-C,116.09,0.0195,0.1,3,1557652501062,19872205,28
2019-05-12 09:15:01.062,0.1,sell,7403.56,BTC-31MAY19-10000-C,116.09,0.0195,0.1,2,1557652501062,19872204,27
2019-05-12 10:59:46.157,0.5,sell,7251.46,BTC-31MAY19-10000-C,113.7,0.0155,0.5,2,1557658786157,19918641,31
2019-05-12 11:27:57.216,0.5,sell,7182.81,BTC-31MAY19-10000-C,111.78,0.0135,0.5,2,1557660477216,19932689,32
2019-05-12 15:21:39.263,0.5,sell,6976.95,BTC-31MAY19-10000-C,104.95,0.008,0.5,2,1557674499263,20007084,33
2019-05-12 20:24:39.522,0.5,buy,7080.86,BTC-31MAY19-10000-C,103.76,0.0085,0.5,0,1557692679522,20071625,34
2019-05-12 20:45:00.628,0.4,sell,7132.33,BTC-31MAY19-10000-C,102.2,0.0085,0.4,1,1557693900628,20074719,35
2019-05-12 22:29:00.415,0.5,buy,6935.14,BTC-31MAY19-10000-C,105.58,0.0075,0.5,2,1557700140415,20093809,36
2019-05-13 04:16:26.117,0.5,sell,7028.55,BTC-31MAY19-10000-C,106.34,0.0085,0.5,0,1557720986117,20128141,37
2019-05-13 04:23:25.593,0.1,buy,7042.01,BTC-31MAY19-10000-C,112.62,0.011000000000000001,0.1,0,1557721405593,20128356,38
2019-05-13 04:30:11.708,0.5,sell,7031.39,BTC-31MAY19-10000-C,112.98,0.011,0.5,1,1557721811708,20128730,39
2019-05-13 04:32:24.039,0.1,sell,7018.82,BTC-31MAY19-10000-C,110.81,0.01,0.1,2,1557721944039,20128908,40
2019-05-13 04:34:52.415,0.5,sell,7027.36,BTC-31MAY19-10000-C,109.2,0.0095,0.5,2,1557722092415,20128963,41
2019-05-13 04:35:26.647,10.0,buy,7028.66,BTC-31MAY19-10000-C,109.16,0.0095,10.0,3,1557722126647,20129004,42
2019-05-13 04:36:53.252,0.5,buy,7025.25,BTC-31MAY19-10000-C,109.27,0.0095,0.5,3,1557722213252,20129041,43
2019-05-13 04:36:53.289,0.5,buy,7025.25,BTC-31MAY19-10000-C,109.27,0.0095,0.5,3,1557722213289,20129042,44
2019-05-13 06:23:49.724,1.0,buy,7042.02,BTC-31MAY19-10000-C,108.96,0.0095,1.0,3,1557728629724,20137869,45
2019-05-13 07:18:43.655,0.5,sell,7053.44,BTC-31MAY19-10000-C,107.34,0.009000000000000001,0.5,2,1557731923655,20140184,46
2019-05-13 07:43:22.993,0.5,sell,7015.16,BTC-31MAY19-10000-C,107.18,0.0085,0.5,2,1557733402993,20141485,47
2019-05-13 07:52:42.532,10.0,buy,7039.73,BTC-31MAY19-10000-C,109.22,0.0095,10.0,0,1557733962532,20142623,48
2019-05-13 08:24:52.742,0.5,sell,7041.46,BTC-31MAY19-10000-C,107.85,0.009000000000000001,0.5,2,1557735892742,20144698,49
2019-05-13 09:16:09.154,9.5,sell,7086.07,BTC-31MAY19-10000-C,106.54,0.009000000000000001,9.5,3,1557738969154,20147986,51
2019-05-13 09:16:09.154,0.5,sell,7086.07,BTC-31MAY19-10000-C,106.54,0.009000000000000001,0.5,3,1557738969154,20147985,50
2019-05-13 09:20:18.295,1.0,buy,7081.0,BTC-31MAY19-10000-C,108.08,0.0095,1.0,0,1557739218295,20148162,52
2019-05-13 12:51:33.278,0.5,sell,7297.6,BTC-31MAY19-10000-C,107.78,0.012,0.5,0,1557751893278,20176896,53
2019-05-13 15:09:26.612,0.1,buy,7692.32,BTC-31MAY19-10000-C,101.45,0.015,0.1,0,1557760166612,20210341,54
2019-05-13 15:37:11.453,0.1,buy,7816.38,BTC-31MAY19-10000-C,110.07,0.022000000000000002,0.1,0,1557761831453,20237770,55
2019-05-13 15:57:37.920,4.9,buy,7828.43,BTC-31MAY19-10000-C,109.68,0.022000000000000002,4.9,1,1557763057920,20247216,56
2019-05-13 16:04:55.765,5.0,buy,7889.03,BTC-31MAY19-10000-C,110.87,0.024,5.0,0,1557763495765,20249792,57
2019-05-13 16:54:29.056,0.4,buy,7895.95,BTC-31MAY19-10000-C,115.54,0.027000000000000003,0.4,0,1557766469056,20269253,58
2019-05-13 16:58:59.537,0.4,buy,7907.95,BTC-31MAY19-10000-C,115.11,0.027000000000000003,0.4,1,1557766739537,20270823,59
2019-05-13 17:12:39.547,0.4,buy,7930.24,BTC-31MAY19-10000-C,114.32,0.027000000000000003,0.4,1,1557767559547,20274238,60
2019-05-13 17:12:44.239,0.4,buy,7931.76,BTC-31MAY19-10000-C,114.27,0.027000000000000003,0.4,1,1557767564239,20274249,61
2019-05-13 17:12:44.283,0.4,buy,7931.76,BTC-31MAY19-10000-C,114.27,0.027000000000000003,0.4,1,1557767564283,20274250,62
2019-05-13 17:12:44.315,0.4,buy,7931.76,BTC-31MAY19-10000-C,114.27,0.027000000000000003,0.4,1,1557767564315,20274251,63
2019-05-13 17:12:44.354,0.4,buy,7931.76,BTC-31MAY19-10000-C,114.27,0.027000000000000003,0.4,1,1557767564354,20274252,64
2019-05-13 17:12:44.370,0.4,buy,7931.76,BTC-31MAY19-10000-C,114.27,0.027000000000000003,0.4,1,1557767564370,20274253,65
2019-05-13 17:12:44.387,0.4,buy,7931.76,BTC-31MAY19-10000-C,114.27,0.027000000000000003,0.4,1,1557767564387,20274254,66
2019-05-13 17:12:44.415,0.4,buy,7931.76,BTC-31MAY19-10000-C,114.27,0.027000000000000003,0.4,1,1557767564415,20274255,67
2019-05-13 17:12:44.450,0.4,buy,7931.76,BTC-31MAY19-10000-C,114.27,0.027000000000000003,0.4,1,1557767564450,20274256,68
2019-05-13 17:12:44.477,0.4,buy,7931.76,BTC-31MAY19-10000-C,114.27,0.027000000000000003,0.4,1,1557767564477,20274257,69
2019-05-13 17:12:44.492,0.2,buy,7931.76,BTC-31MAY19-10000-C,114.27,0.027000000000000003,0.2,1,1557767564492,20274258,70
2019-05-13 17:16:32.060,0.4,buy,7917.75,BTC-31MAY19-10000-C,114.0,0.0265,0.4,2,1557767792060,20276061,71
2019-05-13 17:20:41.154,3.0,buy,7909.97,BTC-31MAY19-10000-C,116.65,0.027999999999999997,3.0,0,1557768041154,20277029,72
2019-05-13 19:08:22.376,0.5,sell,7857.36,BTC-31MAY19-10000-C,119.62,0.0285,0.5,0,1557774502376,20295477,73
2019-05-13 19:09:58.687,0.5,buy,7851.68,BTC-31MAY19-10000-C,115.88,0.026000000000000002,0.5,2,1557774598687,20295506,74
2019-05-13 19:10:19.256,0.5,buy,7850.78,BTC-31MAY19-10000-C,115.91,0.026000000000000002,0.5,3,1557774619256,20295561,75
2019-05-13 19:18:04.974,0.2,sell,7835.14,BTC-31MAY19-10000-C,110.73,0.0225,0.2,2,1557775084974,20296030,76
2019-05-13 20:10:32.328,3.0,sell,7866.94,BTC-31MAY19-10000-C,113.84,0.025,3.0,0,1557778232328,20304779,77
2019-05-13 20:11:04.648,2.0,buy,7860.9,BTC-31MAY19-10000-C,114.06,0.025,2.0,1,1557778264648,20304829,78
2019-05-13 20:12:00.442,2.0,sell,7856.22,BTC-31MAY19-10000-C,113.42,0.0245,2.0,2,1557778320442,20304939,79
2019-05-13 20:12:06.867,2.0,sell,7852.64,BTC-31MAY19-10000-C,113.55,0.0245,2.0,3,1557778326867,20304960,80
2019-05-13 20:12:37.642,2.0,sell,7853.5,BTC-31MAY19-10000-C,113.52,0.0245,2.0,3,1557778357642,20304994,81
2019-05-13 21:22:18.887,2.4,sell,7933.65,BTC-31MAY19-10000-C,111.57,0.025,2.4,0,1557782538887,20315896,82
2019-05-13 21:44:32.435,0.4,buy,8120.64,BTC-31MAY19-10000-C,117.59,0.0335,0.4,0,1557783872435,20327629,83
2019-05-13 21:45:24.770,1.7,sell,8111.82,BTC-31MAY19-10000-C,117.93,0.0335,1.7,1,1557783924770,20327726,84
2019-05-13 22:55:45.602,0.4,sell,8023.82,BTC-31MAY19-10000-C,117.75,0.031,0.4,2,1557788145602,20341204,85
2019-05-14 02:27:06.268,0.4,sell,7946.74,BTC-31MAY19-10000-C,112.58,0.0255,0.4,2,1557800826268,20399112,86
2019-05-14 02:27:06.268,13.4,sell,7946.74,BTC-31MAY19-10000-C,109.32,0.0235,13.4,2,1557800826268,20399113,87
2019-05-14 02:27:07.913,0.2,buy,7946.53,BTC-31MAY19-10000-C,109.33,0.0235,0.2,3,1557800827913,20399114,88
2019-05-14 02:49:08.344,0.4,sell,7943.64,BTC-31MAY19-10000-C,109.48,0.0235,0.4,3,1557802148344,20402322,89
2019-05-14 04:53:27.368,0.4,sell,8049.44,BTC-31MAY19-10000-C,109.13,0.0255,0.4,0,1557809607368,20417793,90
2019-05-14 04:55:21.214,0.4,buy,8046.01,BTC-31MAY19-10000-C,114.73,0.028999999999999998,0.4,0,1557809721214,20418113,91
2019-05-14 05:02:46.532,0.4,buy,8038.35,BTC-31MAY19-10000-C,115.03,0.028999999999999998,0.4,1,1557810166532,20419543,92
2019-05-14 16:54:03.600,0.5,sell,8023.19,BTC-31MAY19-10000-C,110.93,0.025,0.5,2,1557852843600,20560839,93
2019-05-14 18:27:22.674,0.3,sell,7872.02,BTC-31MAY19-10000-C,116.8,0.025,0.3,3,1557858442674,20578554,94
2019-05-15 04:53:03.714,1.0,sell,7984.41,BTC-31MAY19-10000-C,109.0,0.022,1.0,2,1557895983714,20668295,95
2019-05-15 04:53:03.716,1.0,buy,7984.41,BTC-31MAY19-10000-C,109.0,0.022000000000000002,1.0,3,1557895983716,20668296,96
2019-05-15 09:09:20.771,0.2,sell,7926.86,BTC-31MAY19-10000-C,113.5,0.023,0.2,0,1557911360771,20685241,97
2019-05-15 09:09:22.171,0.2,buy,7926.76,BTC-31MAY19-10000-C,113.51,0.023,0.2,1,1557911362171,20685242,98
2019-05-15 09:09:23.215,0.2,buy,7926.75,BTC-31MAY19-10000-C,113.51,0.023,0.2,1,1557911363215,20685243,99
2019-05-15 09:09:24.331,0.2,sell,7926.75,BTC-31MAY19-10000-C,113.51,0.023,0.2,1,1557911364331,20685244,100
2019-05-15 09:19:11.193,2.0,sell,7934.91,BTC-31MAY19-10000-C,113.23,0.023,2.0,1,1557911951193,20685870,101
2019-05-15 09:32:44.584,0.1,buy,7998.19,BTC-31MAY19-10000-C,118.39,0.0275,0.1,0,1557912764584,20687121,102
2019-05-15 12:58:56.568,0.5,buy,7997.52,BTC-31MAY19-10000-C,118.13,0.027000000000000003,0.5,2,1557925136568,20711363,103
2019-05-15 13:15:41.773,0.5,sell,7949.87,BTC-31MAY19-10000-C,118.36,0.026000000000000002,0.5,2,1557926141773,20717179,104
2019-05-15 15:12:34.108,3.0,sell,7997.05,BTC-31MAY19-10000-C,116.01,0.0255,3.0,3,1557933154108,20729071,106
2019-05-15 15:12:34.108,7.0,sell,7997.05,BTC-31MAY19-10000-C,116.01,0.0255,7.0,2,1557933154108,20729070,105
2019-05-15 15:12:56.244,10.0,sell,7990.7,BTC-31MAY19-10000-C,115.41,0.025,10.0,2,1557933176244,20729143,107
2019-05-15 17:09:02.851,0.1,buy,8012.63,BTC-31MAY19-10000-C,114.87,0.025,0.1,3,1557940142851,20742826,108
2019-05-15 17:18:10.869,20.0,sell,8046.25,BTC-31MAY19-10000-C,106.69,0.021,20.0,2,1557940690869,20743371,109
2019-05-15 19:01:36.736,0.1,buy,8252.16,BTC-31MAY19-10000-C,111.5,0.0285,0.1,0,1557946896736,20758261,110
2019-05-15 20:19:41.188,2.0,buy,8207.31,BTC-31MAY19-10000-C,110.27,0.0265,2.0,2,1557951581188,20775261,111
2019-05-16 14:30:37.943,0.1,buy,8005.53,BTC-31MAY19-10000-C,142.81,0.04,0.1,0,1558017037943,20938433,112
2019-05-16 17:38:46.243,1.8,buy,7918.12,BTC-31MAY19-10000-C,116.24,0.0215,1.8,2,1558028326243,20958446,113
2019-05-16 18:39:05.094,1.0,sell,7930.21,BTC-31MAY19-10000-C,112.15,0.0195,1.0,2,1558031945094,20962776,114
2019-05-16 19:05:55.164,2.0,buy,7903.58,BTC-31MAY19-10000-C,113.25,0.0195,2.0,3,1558033555164,20965615,115
2019-05-17 03:53:37.968,0.1,buy,7300.36,BTC-31MAY19-10000-C,113.77,0.0095,0.1,2,1558065217968,21086449,116
2019-05-17 04:05:43.591,1.9,buy,7363.12,BTC-31MAY19-10000-C,111.57,0.0095,1.9,3,1558065943591,21091096,117
2019-05-17 05:33:29.659,1.0,buy,7256.34,BTC-31MAY19-10000-C,115.62,0.0095,1.0,3,1558071209659,21113098,118
2019-05-17 09:49:58.260,10.0,buy,7285.99,BTC-31MAY19-10000-C,112.25,0.0085,10.0,2,1558086598260,21139263,119
2019-05-17 09:53:43.429,10.0,sell,7283.43,BTC-31MAY19-10000-C,112.35,0.0085,10.0,3,1558086823429,21139438,120
2019-05-17 18:15:55.834,1.3,buy,7083.81,BTC-31MAY19-10000-C,120.98,0.0085,1.3,3,1558116955834,21216637,121
2019-05-17 20:49:28.512,1.1,buy,7095.57,BTC-31MAY19-10000-C,115.85,0.006999999999999999,1.1,2,1558126168512,21230489,122
2019-05-19 02:39:20.322,5.0,buy,7793.34,BTC-31MAY19-10000-C,116.83,0.0145,5.0,0,1558233560322,21353111,123
2019-05-19 03:15:58.959,1.0,sell,7791.63,BTC-31MAY19-10000-C,110.78,0.012,1.0,2,1558235758959,21357012,124
2019-05-19 03:59:58.790,0.1,buy,7948.79,BTC-31MAY19-10000-C,119.78,0.0185,0.1,0,1558238398790,21365660,125
2019-05-19 08:03:21.114,1.0,buy,7943.74,BTC-31MAY19-10000-C,118.65,0.0175,1.0,2,1558253001114,21384940,126
2019-05-19 08:11:52.870,1.0,sell,7956.98,BTC-31MAY19-10000-C,118.13,0.0175,1.0,3,1558253512870,21385328,127
2019-05-19 08:22:50.644,3.0,sell,7954.98,BTC-31MAY19-10000-C,118.25,0.0175,3.0,3,1558254170644,21385634,128
2019-05-19 10:15:29.228,1.7,buy,8115.46,BTC-31MAY19-10000-C,114.06,0.0185,1.7,0,1558260929228,21394221,129
2019-05-19 16:55:08.246,1.0,buy,7940.25,BTC-31MAY19-10000-C,121.78,0.018000000000000002,1.0,2,1558284908246,21437620,130
2019-05-19 17:26:13.556,0.2,sell,7973.86,BTC-31MAY19-10000-C,114.82,0.0155,0.2,2,1558286773556,21438895,131
2019-05-19 17:34:44.068,0.1,sell,7974.88,BTC-31MAY19-10000-C,114.81,0.0155,0.1,3,1558287284068,21439294,132
2019-05-19 17:52:46.291,1.0,sell,7948.26,BTC-31MAY19-10000-C,114.8,0.015,1.0,2,1558288366291,21441870,133
2019-05-19 18:18:40.721,1.3,sell,7976.37,BTC-31MAY19-10000-C,113.72,0.015,1.3,3,1558289920721,21442967,134
2019-05-19 19:06:45.825,2.0,buy,7999.17,BTC-31MAY19-10000-C,112.94,0.015,2.0,3,1558292805825,21443555,135
2019-05-19 21:20:50.167,0.6,buy,8065.68,BTC-31MAY19-10000-C,108.27,0.013999999999999999,0.6,2,1558300850167,21457327,136
2019-05-19 23:39:20.623,1.0,buy,8210.07,BTC-31MAY19-10000-C,111.68,0.018000000000000002,1.0,0,1558309160623,21483106,137
2019-05-20 00:25:17.113,1.0,sell,8084.13,BTC-31MAY19-10000-C,115.05,0.017,1.0,2,1558311917113,21495143,138
2019-05-20 00:30:32.940,1.0,sell,8017.81,BTC-31MAY19-10000-C,115.62,0.016,1.0,2,1558312232940,21496458,139
2019-05-20 00:40:03.883,20.0,sell,7985.14,BTC-31MAY19-10000-C,117.03,0.016,20.0,3,1558312803883,21499426,140
2019-05-20 00:40:50.465,25.0,sell,7959.49,BTC-31MAY19-10000-C,118.12,0.016,25.0,3,1558312850465,21500191,141
2019-05-20 00:40:54.443,5.0,sell,7950.77,BTC-31MAY19-10000-C,118.49,0.016,5.0,3,1558312854443,21500290,142
2019-05-20 18:36:59.370,10.0,sell,7759.87,BTC-31MAY19-10000-C,124.51,0.0135,10.0,2,1558377419370,21608933,143
2019-05-20 18:37:01.022,10.0,sell,7756.02,BTC-31MAY19-10000-C,124.68,0.0135,10.0,3,1558377421022,21608942,144
2019-05-20 18:38:16.774,10.0,sell,7743.48,BTC-31MAY19-10000-C,125.22,0.0135,10.0,3,1558377496774,21609040,145
2019-05-20 18:40:00.892,10.0,sell,7719.27,BTC-31MAY19-10000-C,126.26,0.0135,10.0,3,1558377600892,21609405,146
2019-05-20 18:43:51.481,10.0,sell,7728.86,BTC-31MAY19-10000-C,125.87,0.0135,10.0,3,1558377831481,21610059,147
2019-05-20 18:44:20.082,10.0,sell,7734.86,BTC-31MAY19-10000-C,125.61,0.0135,10.0,3,1558377860082,21610082,148
2019-05-20 18:44:57.082,10.0,sell,7740.37,BTC-31MAY19-10000-C,125.38,0.0135,10.0,3,1558377897082,21610162,149
2019-05-20 18:46:37.456,10.0,sell,7737.34,BTC-31MAY19-10000-C,125.52,0.0135,10.0,3,1558377997456,21610286,150
2019-05-20 18:47:20.482,10.0,sell,7727.52,BTC-31MAY19-10000-C,125.94,0.0135,10.0,3,1558378040482,21610309,151
2019-05-20 18:47:25.008,4.0,sell,7725.75,BTC-31MAY19-10000-C,126.01,0.0135,4.0,3,1558378045008,21610346,152
2019-05-20 19:00:27.338,3.0,buy,7741.06,BTC-31MAY19-10000-C,128.06,0.0145,3.0,0,1558378827338,21611777,153
2019-05-20 19:18:26.616,4.0,sell,7765.97,BTC-31MAY19-10000-C,120.31,0.012,4.0,2,1558379906616,21612885,154
2019-05-20 19:18:52.727,4.0,sell,7769.2,BTC-31MAY19-10000-C,121.57,0.0125,4.0,0,1558379932727,21612927,155
2019-05-20 23:02:17.834,0.2,sell,7944.32,BTC-31MAY19-10000-C,113.66,0.012,0.2,2,1558393337834,21647930,156
2019-05-20 23:08:16.408,0.5,sell,7954.89,BTC-31MAY19-10000-C,114.59,0.0125,0.5,0,1558393696408,21648564,157
2019-05-20 23:08:55.818,0.3,sell,7967.64,BTC-31MAY19-10000-C,114.06,0.0125,0.3,1,1558393735818,21648601,158
2019-05-21 01:01:28.852,2.0,buy,7955.05,BTC-31MAY19-10000-C,118.98,0.013999999999999999,2.0,0,1558400488852,21657336,159
2019-05-21 03:14:33.524,5.0,sell,7947.42,BTC-31MAY19-10000-C,114.51,0.012,5.0,2,1558408473524,21665007,160
2019-05-21 04:47:25.757,5.0,sell,7915.36,BTC-31MAY19-10000-C,110.45,0.01,5.0,2,1558414045757,21668866,161
2019-05-21 08:04:40.411,0.9,sell,7929.87,BTC-31MAY19-10000-C,110.6,0.01,0.9,3,1558425880411,21676297,162
2019-05-21 08:07:24.246,0.1,sell,7948.59,BTC-31MAY19-10000-C,109.82,0.01,0.1,3,1558426044246,21676410,163
2019-05-21 08:07:24.246,0.1,sell,7948.59,BTC-31MAY19-10000-C,109.82,0.01,0.1,3,1558426044246,21676411,164
2019-05-21 09:23:28.416,0.1,buy,8027.91,BTC-31MAY19-10000-C,112.5,0.012,0.1,0,1558430608416,21679458,165
2019-05-21 14:30:49.474,10.0,sell,7928.94,BTC-31MAY19-10000-C,105.72,0.008,10.0,2,1558449049474,21700202,166
2019-05-21 14:30:49.474,30.0,sell,7928.94,BTC-31MAY19-10000-C,105.72,0.008,30.0,3,1558449049474,21700203,167
2019-05-21 21:54:27.360,0.1,sell,8025.28,BTC-31MAY19-10000-C,101.7,0.0075,0.1,2,1558475667360,21728360,168
2019-05-22 01:41:13.026,3.0,sell,7979.15,BTC-31MAY19-10000-C,100.83,0.0065,3.0,2,1558489273026,21740090,169
2019-05-22 03:18:13.591,0.4,sell,7950.02,BTC-31MAY19-10000-C,100.44,0.006,0.4,2,1558495093591,21743080,170
2019-05-22 04:33:00.019,25.0,buy,7938.83,BTC-31MAY19-10000-C,105.03,0.006999999999999999,25.0,0,1558499580019,21746884,171
2019-05-22 04:33:19.715,5.0,buy,7948.2,BTC-31MAY19-10000-C,104.64,0.006999999999999999,5.0,1,1558499599715,21746945,172
2019-05-22 06:03:49.802,1.0,buy,7955.33,BTC-31MAY19-10000-C,108.3,0.008,1.0,0,1558505029802,21749203,173
2019-05-22 08:58:41.181,30.0,sell,7929.66,BTC-31MAY19-10000-C,104.58,0.0065,30.0,2,1558515521181,21753137,174
2019-05-23 05:28:43.109,2.0,buy,7631.66,BTC-31MAY19-10000-C,101.15,0.0025,2.0,2,1558589323109,21868674,175
2019-05-23 13:09:21.493,0.3,buy,7662.79,BTC-31MAY19-10000-C,101.97,0.0025,0.3,3,1558616961493,21898937,176
2019-05-23 13:11:18.625,9.0,buy,7672.57,BTC-31MAY19-10000-C,108.31,0.0035,9.0,0,1558617078625,21899332,177
2019-05-23 13:11:18.625,10.0,buy,7672.57,BTC-31MAY19-10000-C,111.26,0.004,10.0,0,1558617078625,21899333,178
2019-05-23 13:11:18.625,0.4,buy,7672.57,BTC-31MAY19-10000-C,111.26,0.004,0.4,1,1558617078625,21899334,179
2019-05-23 15:15:25.747,1.4,sell,7786.37,BTC-31MAY19-10000-C,97.63,0.0025,1.4,2,1558624525747,21909705,180
2019-05-23 15:18:06.478,1.4,buy,7787.69,BTC-31MAY19-10000-C,101.02,0.003,1.4,0,1558624686478,21910328,181
2019-05-23 15:32:03.294,2.0,sell,7788.69,BTC-31MAY19-10000-C,101.04,0.003,2.0,1,1558625523294,21913752,182
2019-05-23 15:55:16.630,7.8,sell,7775.21,BTC-31MAY19-10000-C,101.7,0.003,7.8,1,1558626916630,21915813,183
2019-05-23 16:59:53.501,5.0,buy,7829.95,BTC-31MAY19-10000-C,102.87,0.0035,5.0,0,1558630793501,21919534,184
2019-05-23 16:59:53.501,5.0,buy,7829.95,BTC-31MAY19-10000-C,102.87,0.0035,5.0,1,1558630793501,21919535,185
2019-05-23 19:40:13.322,1.0,buy,7750.85,BTC-31MAY19-10000-C,106.94,0.0035,1.0,1,1558640413322,21928503,186
2019-05-23 21:39:36.520,4.0,buy,7910.67,BTC-31MAY19-10000-C,100.82,0.0035,4.0,1,1558647576520,21937304,187
2019-05-24 01:30:10.480,5.0,buy,7907.74,BTC-31MAY19-10000-C,104.92,0.004,5.0,0,1558661410480,21956404,188
2019-05-24 08:07:05.403,6.0,sell,7901.31,BTC-31MAY19-10000-C,93.72,0.002,6.0,2,1558685225403,21969508,189
2019-05-24 08:40:47.936,0.1,buy,8012.27,BTC-31MAY19-10000-C,99.69,0.0035,0.1,0,1558687247936,21974803,190
2019-05-24 12:41:54.536,4.0,sell,8021.47,BTC-31MAY19-10000-C,97.38,0.003,4.0,2,1558701714536,21987312,191
2019-05-24 12:59:48.665,1.0,buy,8047.63,BTC-31MAY19-10000-C,96.35,0.003,1.0,3,1558702788665,21987858,192
2019-05-24 16:07:56.214,0.1,buy,8149.44,BTC-31MAY19-10000-C,95.93,0.0035,0.1,0,1558714076214,22001076,193
2019-05-24 16:09:40.470,5.0,buy,8177.58,BTC-31MAY19-10000-C,97.5,0.004,5.0,0,1558714180470,22001603,194
2019-05-24 17:12:04.498,0.4,buy,8059.64,BTC-31MAY19-10000-C,97.1,0.003,0.4,2,1558717924498,22007868,195
2019-05-25 03:00:07.134,20.0,buy,8036.22,BTC-31MAY19-10000-C,104.54,0.0035,20.0,0,1558753207134,22034956,196
2019-05-25 04:00:32.834,0.2,buy,8014.77,BTC-31MAY19-10000-C,105.89,0.0035,0.2,1,1558756832834,22036237,197
2019-05-25 16:52:16.522,0.1,buy,8040.41,BTC-31MAY19-10000-C,106.16,0.003,0.1,2,1558803136522,22064038,198
2019-05-25 16:52:16.522,9.9,buy,8040.41,BTC-31MAY19-10000-C,106.16,0.003,9.9,3,1558803136522,22064039,199
2019-05-25 19:28:13.324,2.0,sell,8005.11,BTC-31MAY19-10000-C,105.06,0.0025,2.0,2,1558812493324,22069982,200
2019-05-25 20:12:47.623,0.2,sell,8058.05,BTC-31MAY19-10000-C,93.77,0.0015,0.2,2,1558815167623,22072514,201
2019-05-26 07:19:04.338,0.7000000000000001,sell,7996.99,BTC-31MAY19-10000-C,100.78,0.0015,0.7000000000000001,3,1558855144338,22090611,202
2019-05-26 07:29:09.005,0.1,sell,7990.5,BTC-31MAY19-10000-C,101.14,0.0015,0.1,3,1558855749005,22090750,203
2019-05-26 12:08:46.514,4.0,sell,7925.89,BTC-31MAY19-10000-C,99.48,0.001,4.0,2,1558872526514,22101380,204
2019-05-26 14:12:58.033,2.9,sell,7986.1,BTC-31MAY19-10000-C,88.35,0.0005,2.9,2,1558879978033,22105402,205
2019-05-26 18:29:52.829,1.0,buy,8010.51,BTC-31MAY19-10000-C,105.15,0.0015,1.0,0,1558895392829,22111565,206
2019-05-26 18:29:52.829,0.9,buy,8010.51,BTC-31MAY19-10000-C,105.15,0.0015,0.9,1,1558895392829,22111566,207
2019-05-26 18:29:52.829,3.1,buy,8010.51,BTC-31MAY19-10000-C,105.15,0.0015,3.1,1,1558895392829,22111567,208
2019-05-26 18:30:10.732,5.0,buy,8011.31,BTC-31MAY19-10000-C,105.11,0.0015,5.0,1,1558895410732,22111581,209
2019-05-26 20:09:02.184,1.0,buy,8747.08,BTC-31MAY19-10000-C,111.91,0.0095,1.0,0,1558901342184,22174828,210
2019-05-26 20:11:45.197,2.0,buy,8626.91,BTC-31MAY19-10000-C,117.49,0.009000000000000001,2.0,2,1558901505197,22177539,211
2019-05-26 20:40:21.801,4.0,buy,8593.17,BTC-31MAY19-10000-C,117.79,0.0085,4.0,2,1558903221801,22191704,212
2019-05-26 20:40:21.801,4.0,buy,8593.17,BTC-31MAY19-10000-C,119.84,0.009000000000000001,4.0,0,1558903221801,22191705,213
2019-05-26 22:32:25.237,0.4,sell,8697.58,BTC-31MAY19-10000-C,101.51,0.006,0.4,2,1558909945237,22221941,214
2019-05-26 22:32:31.722,0.4,buy,8698.1,BTC-31MAY19-10000-C,101.49,0.006,0.4,3,1558909951722,22221946,215
2019-05-26 22:33:04.824,0.2,buy,8692.44,BTC-31MAY19-10000-C,101.82,0.006,0.2,3,1558909984824,22222019,216
2019-05-27 00:04:16.434,1.0,buy,8767.38,BTC-31MAY19-10000-C,110.76,0.009000000000000001,1.0,0,1558915456434,22235141,217
2019-05-27 00:05:40.771,1.0,buy,8772.65,BTC-31MAY19-10000-C,108.47,0.0085,1.0,2,1558915540771,22235363,218
2019-05-27 00:16:10.811,1.0,buy,8821.39,BTC-31MAY19-10000-C,109.33,0.0095,1.0,0,1558916170811,22239320,219
2019-05-27 00:21:03.991,5.0,buy,8909.68,BTC-31MAY19-10000-C,110.78,0.0115,5.0,0,1558916463991,22241942,220
2019-05-27 01:11:49.164,4.0,sell,8879.09,BTC-31MAY19-10000-C,106.08,0.0095,4.0,2,1558919509164,22256626,221
2019-05-27 01:37:03.645,9.4,sell,8841.0,BTC-31MAY19-10000-C,106.87,0.009000000000000001,9.4,2,1558921023645,22260133,222
2019-05-27 05:51:46.073,3.0,sell,8732.32,BTC-31MAY19-10000-C,116.28,0.009000000000000001,3.0,3,1558936306073,22276860,223
2019-05-27 06:19:33.816,2.5,buy,8756.51,BTC-31MAY19-10000-C,118.94,0.01,2.5,0,1558937973816,22277497,224
2019-05-27 07:50:18.554,2.5,buy,8786.92,BTC-31MAY19-10000-C,117.82,0.01,2.5,1,1558943418554,22279898,225
2019-05-27 08:33:11.314,1.0,buy,8753.33,BTC-31MAY19-10000-C,112.32,0.008,1.0,2,1558945991314,22281699,226
2019-05-27 08:47:40.850,1.0,sell,8752.24,BTC-31MAY19-10000-C,110.36,0.0075,1.0,2,1558946860850,22282053,227
2019-05-27 10:58:11.451,0.5,buy,8750.2,BTC-31MAY19-10000-C,118.22,0.009000000000000001,0.5,0,1558954691451,22286901,228
2019-05-27 12:43:15.425,1.0,sell,8790.61,BTC-31MAY19-10000-C,120.67,0.01,1.0,0,1558960995425,22298015,229
2019-05-27 16:45:29.991,19.0,buy,8792.9,BTC-31MAY19-10000-C,123.27,0.01,19.0,1,1558975529991,22330014,230
2019-05-27 16:45:29.991,5.0,buy,8792.9,BTC-31MAY19-10000-C,123.27,0.01,5.0,1,1558975529991,22330015,231
2019-05-27 17:08:36.059,0.1,buy,8758.56,BTC-31MAY19-10000-C,123.9,0.0095,0.1,2,1558976916059,22339304,232
2019-05-27 17:08:36.059,18.9,buy,8758.56,BTC-31MAY19-10000-C,123.9,0.0095,18.9,3,1558976916059,22339305,233
2019-05-27 20:42:36.213,0.4,sell,8769.82,BTC-31MAY19-10000-C,111.96,0.0065,0.4,2,1558989756213,22356112,234
2019-05-27 20:43:06.646,0.4,sell,8765.27,BTC-31MAY19-10000-C,112.26,0.0065,0.4,3,1558989786646,22356126,235
2019-05-27 20:45:47.078,0.4,sell,8767.74,BTC-31MAY19-10000-C,112.13,0.0065,0.4,3,1558989947078,22356176,236
2019-05-27 21:06:25.756,25.0,buy,8733.17,BTC-31MAY19-10000-C,119.58,0.0075,25.0,0,1558991185756,22357644,237
2019-05-27 21:16:55.665,0.4,sell,8763.29,BTC-31MAY19-10000-C,117.63,0.0075,0.4,1,1558991815665,22357982,238
2019-05-27 22:24:14.072,1.0,sell,8780.37,BTC-31MAY19-10000-C,112.39,0.0065,1.0,2,1558995854072,22360622,239
2019-05-28 03:11:05.517,1.0,sell,8784.39,BTC-31MAY19-10000-C,112.93,0.006,1.0,2,1559013065517,22373682,240
2019-05-28 06:29:07.464,2.0,sell,8720.63,BTC-31MAY19-10000-C,117.12,0.0055,2.0,2,1559024947464,22382624,241
2019-05-28 10:40:31.553,0.5,buy,8677.45,BTC-31MAY19-10000-C,117.41,0.0045,0.5,2,1559040031553,22396687,242
2019-05-28 11:59:56.112,10.0,buy,8753.06,BTC-31MAY19-10000-C,119.43,0.0055,10.0,0,1559044796112,22400827,243
2019-05-28 13:30:12.321,1.0,sell,8587.57,BTC-31MAY19-10000-C,114.78,0.003,1.0,2,1559050212321,22409722,244
2019-05-28 13:32:19.170,14.0,buy,8586.35,BTC-31MAY19-10000-C,114.89,0.003,14.0,3,1559050339170,22413647,245
2019-05-28 17:35:46.396,15.0,buy,8781.03,BTC-31MAY19-10000-C,119.42,0.005,15.0,1,1559064946396,22430771,247
2019-05-28 17:35:46.396,5.0,buy,8781.03,BTC-31MAY19-10000-C,119.42,0.005,5.0,0,1559064946396,22430770,246
2019-05-29 04:28:21.798,0.1,sell,8600.04,BTC-31MAY19-10000-C,118.79,0.002,0.1,2,1559104101798,22465131,248
2019-05-29 04:47:51.373,20.0,sell,8575.62,BTC-31MAY19-10000-C,114.39,0.0015,20.0,2,1559105271373,22470085,249
2019-05-30 08:26:03.670,4.0,sell,8688.71,BTC-31MAY19-10000-C,130.47,0.0005,4.0,2,1559204763670,22590075,250
2019-05-30 08:44:39.425,10.0,buy,8686.34,BTC-31MAY19-10000-C,147.09,0.001,10.0,0,1559205879425,22591002,251
2019-05-30 12:46:50.502,10.0,buy,8731.36,BTC-31MAY19-10000-C,156.95,0.001,10.0,1,1559220410502,22601810,252
2019-05-30 13:28:00.200,10.0,sell,8724.13,BTC-31MAY19-10000-C,143.54,0.0005,10.0,2,1559222880200,22603319,253
