date_utc,amount,direction,indexPrice,instrument,iv,price,quantity,tickDirection,timeStamp,tradeId,tradeSeq
2019-02-15 15:10:46.250,1.0,buy,3561.42,BTC-28JUN19-8000-P,0.0,1.2565,1.0,2,1550243446250,15397893,76
2019-02-23 20:51:01.607,0.3,buy,4134.18,BTC-28JUN19-8000-P,45.0,0.939,0.3,2,1550955061607,15848096,77
2019-02-23 20:53:34.723,0.3,buy,4134.75,BTC-28JUN19-8000-P,50.24,0.94,0.3,0,1550955214723,15848454,78
2019-02-23 20:53:55.209,0.3,buy,4135.1,BTC-28JUN19-8000-P,55.98,0.9420000000000001,0.3,0,1550955235209,15848472,79
2019-02-24 09:37:50.589,1.0,buy,4123.8,BTC-28JUN19-8000-P,75.91,0.958,1.0,0,1551001070589,15874944,80
2019-03-02 17:58:41.157,0.3,sell,3799.14,BTC-28JUN19-8000-P,0.0,1.119,0.3,0,1551549521157,16180134,81
2019-03-02 17:58:47.326,0.2,buy,3799.14,BTC-28JUN19-8000-P,0.0,1.119,0.2,1,1551549527326,16180135,82
2019-03-21 01:39:08.727,0.3,sell,4023.86,BTC-28JUN19-8000-P,0.0,0.9995,0.3,2,1553132348727,16747465,83
2019-03-21 01:39:30.760,0.3,buy,4023.8,BTC-28JUN19-8000-P,0.0,1.0,0.3,0,1553132370760,16747472,84
2019-03-21 01:40:09.376,0.3,buy,4023.63,BTC-28JUN19-8000-P,0.0,1.0005,0.3,0,1553132409376,16747477,85
2019-03-21 01:41:31.713,0.3,buy,4023.9,BTC-28JUN19-8000-P,0.0,1.0005,0.3,1,1553132491713,16747491,86
2019-03-21 01:41:37.072,0.3,buy,4023.84,BTC-28JUN19-8000-P,0.0,1.0005,0.3,1,1553132497072,16747496,87
2019-03-21 01:42:04.414,0.3,buy,4023.71,BTC-28JUN19-8000-P,46.86,1.001,0.3,0,1553132524414,16747504,88
2019-03-21 01:45:27.789,0.3,buy,4023.65,BTC-28JUN19-8000-P,0.0,1.002,0.3,0,1553132727789,16747544,89
2019-03-21 01:45:37.036,0.3,buy,4023.65,BTC-28JUN19-8000-P,44.62,1.0025,0.3,0,1553132737036,16747545,90
2019-03-21 01:47:04.359,0.3,buy,4023.72,BTC-28JUN19-8000-P,45.79,1.0025,0.3,1,1553132824359,16747547,91
2019-03-21 01:47:25.352,0.1,buy,4023.72,BTC-28JUN19-8000-P,45.04,1.0025,0.1,1,1553132845352,16747552,92
2019-03-21 02:06:18.684,0.3,sell,4029.42,BTC-28JUN19-8000-P,0.0,0.996,0.3,2,1553133978684,16747766,93
2019-03-21 14:59:31.538,0.3,sell,3927.24,BTC-28JUN19-8000-P,62.81,1.056,0.3,0,1553180371538,16763994,94
2019-03-27 00:51:00.333,0.3,sell,3924.61,BTC-28JUN19-8000-P,69.16,1.058,0.3,0,1553647860333,16843978,95
2019-04-08 06:07:04.820,2.7,sell,5285.05,BTC-28JUN19-8000-P,70.8,0.525,2.7,2,1554703624820,17514791,96
2019-04-16 00:18:03.719,17.0,sell,5027.96,BTC-28JUN19-8000-P,72.33,0.609,17.0,0,1555373883719,17849161,97
2019-05-11 20:35:07.606,0.1,sell,6936.29,BTC-28JUN19-8000-P,75.28,0.2115,0.1,2,1557606907606,19636749,98
2019-05-12 14:58:56.338,0.1,buy,6918.37,BTC-28JUN19-8000-P,79.16,0.218,0.1,0,1557673136338,19997327,99
2019-05-13 15:15:44.012,9.6,sell,7823.5,BTC-28JUN19-8000-P,81.61,0.1245,9.6,2,1557760544012,20222846,100
2019-05-13 15:58:15.513,1.0,sell,7849.03,BTC-28JUN19-8000-P,85.72,0.132,1.0,0,1557763095513,20247437,101
2019-05-13 16:01:07.967,0.1,sell,7841.46,BTC-28JUN19-8000-P,77.47,0.1205,0.1,2,1557763267967,20248413,102
2019-05-13 16:10:43.214,1.0,buy,7838.54,BTC-28JUN19-8000-P,84.39,0.1295,1.0,0,1557763843214,20254202,103
2019-05-13 16:10:47.297,1.0,buy,7830.27,BTC-28JUN19-8000-P,83.66,0.1295,1.0,1,1557763847297,20254241,104
2019-05-13 20:40:37.125,0.1,buy,7890.39,BTC-28JUN19-8000-P,88.53,0.132,0.1,0,1557780037125,20308107,105
2019-05-13 20:40:37.127,0.7000000000000001,sell,7890.39,BTC-28JUN19-8000-P,93.18,0.1385,0.7000000000000001,0,1557780037127,20308108,106
2019-05-14 04:55:02.796,0.3,sell,8055.38,BTC-28JUN19-8000-P,101.37,0.1335,0.3,2,1557809702796,20417948,107
2019-05-14 06:47:42.147,0.6,sell,8034.76,BTC-28JUN19-8000-P,99.81,0.1325,0.6,2,1557816462147,20437359,108
2019-05-14 06:55:41.061,0.1,sell,8047.06,BTC-28JUN19-8000-P,99.85,0.1315,0.1,2,1557816941061,20437905,109
2019-05-14 06:58:32.387,0.1,sell,8057.36,BTC-28JUN19-8000-P,99.39,0.1305,0.1,2,1557817112387,20438285,110
2019-05-14 07:03:52.550,1.1,sell,8099.62,BTC-28JUN19-8000-P,94.79,0.121,1.1,2,1557817432550,20439548,111
2019-05-14 07:15:21.962,1.1,sell,8102.45,BTC-28JUN19-8000-P,100.26,0.129,1.1,0,1557818121962,20444080,112
2019-05-14 07:18:54.467,0.2,sell,8117.8,BTC-28JUN19-8000-P,99.88,0.127,0.2,2,1557818334467,20445083,113
2019-05-14 09:40:15.858,5.0,buy,8081.74,BTC-28JUN19-8000-P,94.87,0.1225,5.0,2,1557826815858,20490750,114
2019-05-14 12:17:50.037,0.1,sell,8174.16,BTC-28JUN19-8000-P,96.14,0.1185,0.1,2,1557836270037,20512462,115
2019-05-14 16:06:30.281,4.0,sell,7775.19,BTC-28JUN19-8000-P,92.99,0.1435,4.0,0,1557849990281,20551312,116
2019-05-14 19:20:24.291,1.0,sell,7803.99,BTC-28JUN19-8000-P,92.8,0.1405,1.0,2,1557861624291,20596287,117
2019-05-14 23:32:17.634,0.2,buy,7890.7,BTC-28JUN19-8000-P,99.46,0.1435,0.2,0,1557876737634,20636285,118
2019-05-15 15:30:54.441,2.0,sell,7991.44,BTC-28JUN19-8000-P,92.32,0.1245,2.0,2,1557934254441,20730097,119
2019-05-15 18:41:10.195,0.9,sell,8131.46,BTC-28JUN19-8000-P,90.66,0.113,0.9,3,1557945670195,20751498,121
2019-05-15 18:41:10.195,0.1,sell,8131.46,BTC-28JUN19-8000-P,90.66,0.113,0.1,2,1557945670195,20751497,120
2019-05-15 18:46:59.607,5.0,sell,8183.34,BTC-28JUN19-8000-P,92.43,0.1125,5.0,2,1557946019607,20752434,122
2019-05-15 20:24:12.283,1.0,buy,8216.87,BTC-28JUN19-8000-P,90.32,0.107,1.0,2,1557951852283,20775561,123
2019-05-15 20:25:03.918,1.0,buy,8229.13,BTC-28JUN19-8000-P,90.94,0.107,1.0,3,1557951903918,20775632,124
2019-05-15 22:15:08.888,0.9,sell,8205.95,BTC-28JUN19-8000-P,86.63,0.10300000000000001,0.9,2,1557958508888,20787565,125
2019-05-16 01:47:30.421,3.0,sell,8281.88,BTC-28JUN19-8000-P,86.85,0.097,3.0,2,1557971250421,20829023,126
2019-05-16 04:53:21.603,2.0,buy,7945.98,BTC-28JUN19-8000-P,102.27,0.1355,2.0,0,1557982401603,20862285,127
2019-05-16 05:22:29.582,4.0,sell,7980.96,BTC-28JUN19-8000-P,90.85,0.1195,4.0,2,1557984149582,20868521,128
2019-05-16 09:53:01.821,5.0,sell,7994.28,BTC-28JUN19-8000-P,90.93,0.12,5.0,0,1558000381821,20894762,129
2019-05-16 14:02:48.982,6.3,sell,7885.01,BTC-28JUN19-8000-P,99.64,0.138,6.3,0,1558015368982,20933183,130
2019-05-16 20:59:20.004,0.1,sell,7727.55,BTC-28JUN19-8000-P,98.65,0.149,0.1,0,1558040360004,20979791,131
2019-05-16 21:00:06.119,0.9,sell,7669.74,BTC-28JUN19-8000-P,97.73,0.153,0.9,0,1558040406119,20980778,132
2019-05-16 23:35:12.367,0.5,buy,7835.9,BTC-28JUN19-8000-P,95.75,0.1365,0.5,2,1558049712367,21000962,133
2019-05-17 03:10:07.792,1.0,buy,6686.12,BTC-28JUN19-8000-P,101.0,0.2285,1.0,0,1558062607792,21049755,134
2019-05-17 03:10:19.627,1.0,buy,6647.02,BTC-28JUN19-8000-P,108.18,0.2455,1.0,0,1558062619627,21050476,135
2019-05-17 03:10:31.789,1.0,buy,6645.82,BTC-28JUN19-8000-P,110.0,0.253,1.0,0,1558062631789,21051100,136
2019-05-17 03:10:40.876,1.0,sell,6631.24,BTC-28JUN19-8000-P,105.96,0.253,1.0,1,1558062640876,21051444,137
2019-05-17 03:46:06.182,1.0,buy,7250.25,BTC-28JUN19-8000-P,98.34,0.18899999999999997,1.0,2,1558064766182,21083272,138
2019-05-17 05:07:16.858,3.0,buy,7235.86,BTC-28JUN19-8000-P,117.15,0.2155,3.0,0,1558069636858,21108750,139
2019-05-17 05:52:03.190,2.0,buy,7245.32,BTC-28JUN19-8000-P,106.26,0.2,2.0,2,1558072323190,21114918,140
2019-05-17 05:52:03.190,3.0,buy,7245.32,BTC-28JUN19-8000-P,121.4,0.2205,3.0,0,1558072323190,21114919,141
2019-05-17 15:52:56.348,3.0,buy,7090.48,BTC-28JUN19-8000-P,96.59,0.203,3.0,2,1558108376348,21190018,142
2019-05-19 07:55:18.156,9.6,sell,8002.65,BTC-28JUN19-8000-P,97.65,0.127,9.6,2,1558252518156,21383709,143
2019-05-19 07:55:40.286,4.4,buy,8003.47,BTC-28JUN19-8000-P,97.57,0.127,4.4,3,1558252540286,21383715,144
2019-05-19 10:12:17.459,5.0,sell,8083.45,BTC-28JUN19-8000-P,96.67,0.1205,5.0,2,1558260737459,21393791,145
2019-05-19 10:14:28.842,9.6,buy,8092.34,BTC-28JUN19-8000-P,95.57,0.1185,9.6,2,1558260868842,21394029,146
2019-05-19 10:14:28.897,0.4,buy,8092.34,BTC-28JUN19-8000-P,95.57,0.1185,0.4,3,1558260868897,21394030,147
2019-05-19 10:16:00.663,9.6,buy,8140.86,BTC-28JUN19-8000-P,95.29,0.1155,9.6,2,1558260960663,21394894,148
2019-05-19 10:16:00.938,0.4,buy,8140.86,BTC-28JUN19-8000-P,95.29,0.1155,0.4,3,1558260960938,21394895,149
2019-05-19 10:22:15.107,0.1,sell,8122.33,BTC-28JUN19-8000-P,94.25,0.115,0.1,2,1558261335107,21396242,150
2019-05-19 19:29:27.977,0.1,sell,8081.78,BTC-28JUN19-8000-P,101.63,0.122,0.1,0,1558294167977,21445792,151
2019-05-19 21:14:49.176,0.4,sell,8052.61,BTC-28JUN19-8000-P,96.07,0.11699999999999999,0.4,2,1558300489176,21456680,152
2019-05-19 22:45:50.777,0.2,buy,8221.93,BTC-28JUN19-8000-P,101.96,0.1135,0.2,2,1558305950777,21467263,153
2019-05-19 22:59:55.040,0.1,buy,8215.37,BTC-28JUN19-8000-P,101.76,0.1125,0.1,2,1558306795040,21472430,154
2019-05-20 00:25:34.307,2.0,sell,8076.8,BTC-28JUN19-8000-P,94.13,0.11,2.0,2,1558311934307,21495174,155
2019-05-20 05:12:19.033,0.1,buy,8010.2,BTC-28JUN19-8000-P,98.29,0.121,0.1,0,1558329139033,21529857,156
2019-05-20 12:46:58.953,0.4,buy,7790.59,BTC-28JUN19-8000-P,96.3,0.1335,0.4,0,1558356418953,21569881,157
2019-05-20 12:47:00.854,4.6000000000000005,buy,7783.48,BTC-28JUN19-8000-P,95.95,0.1335,4.6000000000000005,1,1558356420854,21569997,158
2019-05-20 16:26:38.191,0.1,sell,7864.47,BTC-28JUN19-8000-P,101.38,0.1345,0.1,0,1558369598191,21601680,159
2019-05-20 21:04:22.300,0.1,sell,8061.42,BTC-28JUN19-8000-P,100.73,0.1205,0.1,2,1558386262300,21627961,160
2019-05-21 08:48:35.604,0.2,buy,7946.95,BTC-28JUN19-8000-P,99.49,0.126,0.2,0,1558428515604,21677649,161
2019-05-21 20:09:00.104,0.5,sell,8051.4,BTC-28JUN19-8000-P,92.14,0.1095,0.5,2,1558469340104,21721844,162
2019-05-23 07:19:25.023,0.5,sell,7629.43,BTC-28JUN19-8000-P,88.59,0.133,0.5,0,1558595965023,21876714,163
2019-05-23 11:19:34.322,0.2,sell,7609.37,BTC-28JUN19-8000-P,87.08,0.132,0.2,2,1558610374322,21893538,164
2019-05-23 18:53:49.014,3.0,sell,7772.71,BTC-28JUN19-8000-P,87.8,0.122,3.0,2,1558637629014,21926395,165
2019-05-23 19:34:06.839,3.0,buy,7750.98,BTC-28JUN19-8000-P,92.38,0.129,3.0,0,1558640046839,21928330,166
2019-05-24 19:32:30.498,2.0,sell,8033.72,BTC-28JUN19-8000-P,85.24,0.0955,2.0,2,1558726350498,22014398,167
2019-05-24 20:56:58.735,2.0,sell,8102.14,BTC-28JUN19-8000-P,89.88,0.096,2.0,0,1558731418735,22018274,168
2019-05-24 20:58:45.430,2.0,buy,8108.03,BTC-28JUN19-8000-P,90.31,0.096,2.0,1,1558731525430,22018411,169
2019-05-25 09:46:43.467,1.0,sell,8049.06,BTC-28JUN19-8000-P,84.88,0.093,1.0,2,1558777603467,22045434,170
2019-05-25 15:47:15.918,3.0,buy,8069.47,BTC-28JUN19-8000-P,87.1,0.0935,3.0,0,1558799235918,22062024,171
2019-05-25 16:21:32.012,3.0,buy,8040.75,BTC-28JUN19-8000-P,85.66,0.094,3.0,0,1558801292012,22063040,172
2019-05-25 20:16:07.092,2.0,sell,8066.42,BTC-28JUN19-8000-P,84.08,0.0905,2.0,2,1558815367092,22072642,173
2019-05-25 22:18:41.499,0.7000000000000001,sell,8071.65,BTC-28JUN19-8000-P,84.03,0.0895,0.7000000000000001,2,1558822721499,22075521,174
2019-05-25 22:20:19.715,1.7,sell,8070.67,BTC-28JUN19-8000-P,83.99,0.0895,1.7,3,1558822819715,22075529,175
2019-05-26 02:46:10.927,0.1,buy,8054.65,BTC-28JUN19-8000-P,89.37,0.0965,0.1,0,1558838770927,22081392,176
2019-05-26 19:28:43.269,3.1,sell,8199.47,BTC-28JUN19-8000-P,77.7,0.07200000000000001,3.1,2,1558898923269,22119644,177
2019-05-26 19:28:44.984,3.2,buy,8206.18,BTC-28JUN19-8000-P,48.27,0.0385,3.2,2,1558898924984,22119875,178
2019-05-26 19:28:46.031,3.2,buy,8212.28,BTC-28JUN19-8000-P,48.61,0.0385,3.2,3,1558898926031,22120005,179
2019-05-26 19:28:47.977,0.5,buy,8213.34,BTC-28JUN19-8000-P,49.16,0.0385,0.5,3,1558898927977,22120144,180
2019-05-26 19:32:51.121,5.0,buy,8359.65,BTC-28JUN19-8000-P,76.3,0.06,5.0,0,1558899171121,22129608,181
2019-05-26 19:32:54.297,2.0,buy,8364.94,BTC-28JUN19-8000-P,76.48,0.06,2.0,1,1558899174297,22129687,182
2019-05-26 19:33:10.059,1.0,buy,8353.61,BTC-28JUN19-8000-P,75.44,0.06,1.0,1,1558899190059,22130463,183
2019-05-26 19:38:08.853,0.1,sell,8515.71,BTC-28JUN19-8000-P,82.61,0.058,0.1,2,1558899488853,22140209,184
2019-05-26 19:45:38.518,5.0,sell,8436.24,BTC-28JUN19-8000-P,79.73,0.0585,5.0,0,1558899938518,22150697,185
2019-05-26 19:45:38.518,3.0,sell,8436.24,BTC-28JUN19-8000-P,79.73,0.0585,3.0,1,1558899938518,22150698,186
2019-05-26 19:52:36.990,4.0,sell,8475.65,BTC-28JUN19-8000-P,80.68,0.058,4.0,3,1558900356990,22155359,188
2019-05-26 19:52:36.990,5.0,sell,8475.65,BTC-28JUN19-8000-P,80.68,0.058,5.0,2,1558900356990,22155358,187
2019-05-26 19:53:17.136,0.1,sell,8484.62,BTC-28JUN19-8000-P,82.01,0.059,0.1,0,1558900397136,22155868,189
2019-05-26 19:53:26.661,4.9,buy,8491.86,BTC-28JUN19-8000-P,82.36,0.059,4.9,1,1558900406661,22155938,190
2019-05-26 19:53:52.377,5.0,sell,8510.75,BTC-28JUN19-8000-P,82.84,0.0585,5.0,2,1558900432377,22156250,191
2019-05-26 19:56:36.193,5.0,sell,8591.61,BTC-28JUN19-8000-P,83.52,0.0545,5.0,2,1558900596193,22158811,192
2019-05-26 19:57:19.334,0.1,buy,8608.03,BTC-28JUN19-8000-P,83.59,0.054000000000000006,0.1,2,1558900639334,22160690,193
2019-05-26 19:57:22.311,0.1,buy,8607.12,BTC-28JUN19-8000-P,83.65,0.054000000000000006,0.1,3,1558900642311,22160853,194
2019-05-26 19:57:28.180,3.8,buy,8606.41,BTC-28JUN19-8000-P,83.73,0.054000000000000006,3.8,3,1558900648180,22161009,195
2019-05-26 19:57:33.968,0.1,buy,8603.82,BTC-28JUN19-8000-P,83.08,0.0535,0.1,2,1558900653968,22161112,196
2019-05-26 19:57:39.281,0.9,buy,8592.03,BTC-28JUN19-8000-P,82.47,0.0535,0.9,3,1558900659281,22161233,197
2019-05-26 20:01:13.982,5.0,sell,8620.98,BTC-28JUN19-8000-P,83.6,0.0535,5.0,3,1558900873982,22164491,198
2019-05-26 20:03:48.018,2.5,buy,8663.77,BTC-28JUN19-8000-P,86.19,0.055,2.5,0,1558901028018,22167818,199
2019-05-26 20:03:50.813,2.5,buy,8660.63,BTC-28JUN19-8000-P,86.07,0.055,2.5,1,1558901030813,22167842,200
2019-05-26 20:06:15.319,0.1,sell,8739.09,BTC-28JUN19-8000-P,88.37,0.0535,0.1,2,1558901175319,22170937,201
2019-05-26 20:07:34.625,4.9,buy,8766.9,BTC-28JUN19-8000-P,87.98,0.052000000000000005,4.9,2,1558901254625,22173326,202
2019-05-26 20:14:21.210,0.9,sell,8655.23,BTC-28JUN19-8000-P,84.28,0.052000000000000005,0.9,3,1558901661210,22179964,204
2019-05-26 20:14:21.210,0.1,sell,8655.23,BTC-28JUN19-8000-P,84.28,0.052000000000000005,0.1,3,1558901661210,22179963,203
2019-05-26 20:16:46.332,0.3,sell,8672.74,BTC-28JUN19-8000-P,82.63,0.051,0.3,2,1558901806332,22181569,205
2019-05-26 20:16:55.911,0.1,buy,8669.18,BTC-28JUN19-8000-P,82.14,0.051,0.1,3,1558901815911,22181733,206
2019-05-26 20:16:56.675,0.1,buy,8669.01,BTC-28JUN19-8000-P,82.14,0.051,0.1,3,1558901816675,22181734,207
2019-05-26 20:16:57.795,0.1,buy,8668.84,BTC-28JUN19-8000-P,82.1,0.051,0.1,3,1558901817795,22181752,208
2019-05-26 20:16:59.646,0.1,buy,8665.21,BTC-28JUN19-8000-P,81.94,0.051,0.1,3,1558901819646,22181766,209
2019-05-26 20:16:59.928,0.3,buy,8665.21,BTC-28JUN19-8000-P,81.94,0.051,0.3,3,1558901819928,22181767,210
2019-05-26 20:29:48.190,0.3,buy,8738.78,BTC-28JUN19-8000-P,93.81,0.06,0.3,0,1558902588190,22187016,211
2019-05-26 20:30:12.116,0.3,buy,8722.27,BTC-28JUN19-8000-P,93.41,0.0605,0.3,0,1558902612116,22187281,212
2019-05-26 20:41:41.361,0.3,buy,8619.56,BTC-28JUN19-8000-P,90.98,0.0615,0.3,0,1558903301361,22192131,213
2019-05-26 20:46:57.098,2.0,buy,8632.31,BTC-28JUN19-8000-P,94.15,0.065,2.0,0,1558903617098,22193941,214
2019-05-26 20:47:24.122,0.3,buy,8644.82,BTC-28JUN19-8000-P,95.25,0.0655,0.3,0,1558903644122,22194041,215
2019-05-26 20:47:28.412,3.0,sell,8646.58,BTC-28JUN19-8000-P,95.36,0.0655,3.0,1,1558903648412,22194059,216
2019-05-26 20:47:34.780,2.0,sell,8654.94,BTC-28JUN19-8000-P,95.72,0.0655,2.0,1,1558903654780,22194091,217
2019-05-26 20:48:19.105,0.3,buy,8646.17,BTC-28JUN19-8000-P,95.78,0.066,0.3,0,1558903699105,22194365,218
2019-05-26 20:48:24.575,0.1,sell,8654.33,BTC-28JUN19-8000-P,96.11,0.066,0.1,1,1558903704575,22194387,219
2019-05-26 20:48:27.426,2.0,sell,8651.81,BTC-28JUN19-8000-P,96.01,0.066,2.0,1,1558903707426,22194396,220
2019-05-26 20:50:08.435,0.1,sell,8664.91,BTC-28JUN19-8000-P,96.01,0.066,0.1,1,1558903808435,22194979,221
2019-05-26 20:51:14.259,5.2,sell,8645.74,BTC-28JUN19-8000-P,95.43,0.066,5.2,1,1558903874259,22195319,222
2019-05-26 22:17:51.240,1.0,buy,8763.15,BTC-28JUN19-8000-P,94.99,0.059,1.0,2,1558909071240,22216616,223
2019-05-26 22:40:44.779,5.0,buy,8656.98,BTC-28JUN19-8000-P,90.88,0.059,5.0,3,1558910444779,22223578,224
2019-05-27 00:08:35.084,0.1,sell,8813.81,BTC-28JUN19-8000-P,94.87,0.058,0.1,2,1558915715084,22236377,225
2019-05-27 00:19:22.802,0.1,sell,8858.26,BTC-28JUN19-8000-P,93.06,0.055,0.1,2,1558916362802,22240871,226
2019-05-27 00:35:32.708,5.0,sell,8851.68,BTC-28JUN19-8000-P,88.95,0.051,5.0,2,1558917332708,22248345,227
2019-05-27 02:31:41.247,0.5,sell,8758.28,BTC-28JUN19-8000-P,91.52,0.057,0.5,0,1558924301247,22266258,228
2019-05-27 05:51:26.946,4.0,buy,8732.4,BTC-28JUN19-8000-P,97.43,0.063,4.0,1,1558936286946,22276857,230
2019-05-27 05:51:26.946,16.0,buy,8732.4,BTC-28JUN19-8000-P,97.43,0.063,16.0,0,1558936286946,22276856,229
2019-05-27 05:52:27.202,1.0,buy,8731.55,BTC-28JUN19-8000-P,97.4,0.063,1.0,1,1558936347202,22276882,231
2019-05-27 05:52:27.202,3.0,buy,8731.55,BTC-28JUN19-8000-P,99.35,0.065,3.0,0,1558936347202,22276883,232
2019-05-27 05:52:29.949,1.0,sell,8731.24,BTC-28JUN19-8000-P,97.39,0.063,1.0,2,1558936349949,22276884,233
2019-05-27 05:52:53.184,4.0,buy,8731.22,BTC-28JUN19-8000-P,97.89,0.0635,4.0,1,1558936373184,22276893,235
2019-05-27 05:52:53.184,5.0,buy,8731.22,BTC-28JUN19-8000-P,97.89,0.0635,5.0,0,1558936373184,22276892,234
2019-05-27 05:52:59.301,7.0,buy,8732.5,BTC-28JUN19-8000-P,97.92,0.0635,7.0,1,1558936379301,22276898,236
2019-05-27 05:53:12.696,13.1,buy,8732.95,BTC-28JUN19-8000-P,97.91,0.0635,13.1,1,1558936392696,22276900,237
2019-05-27 05:53:42.184,5.0,buy,8734.56,BTC-28JUN19-8000-P,98.4,0.064,5.0,0,1558936422184,22276902,238
2019-05-27 05:54:10.600,1.9,buy,8733.81,BTC-28JUN19-8000-P,98.86,0.0645,1.9,0,1558936450600,22276905,239
2019-05-27 05:57:51.844,5.0,buy,8736.26,BTC-28JUN19-8000-P,98.13,0.0635,5.0,2,1558936671844,22276978,240
2019-05-27 05:59:21.557,3.0,buy,8739.63,BTC-28JUN19-8000-P,99.1,0.0645,3.0,0,1558936761557,22277007,241
2019-05-27 06:06:00.356,10.0,sell,8739.04,BTC-28JUN19-8000-P,94.8,0.06,10.0,2,1558937160356,22277121,242
2019-05-27 06:06:10.263,5.0,sell,8740.1,BTC-28JUN19-8000-P,93.81,0.059,5.0,2,1558937170263,22277125,243
2019-05-27 07:07:10.551,10.0,sell,8779.01,BTC-28JUN19-8000-P,94.52,0.058,10.0,2,1558940830551,22278792,244
2019-05-27 07:12:10.798,14.8,buy,8780.67,BTC-28JUN19-8000-P,99.11,0.0625,14.8,1,1558941130798,22278875,247
2019-05-27 07:12:10.798,0.2,buy,8780.67,BTC-28JUN19-8000-P,99.11,0.0625,0.2,1,1558941130798,22278874,246
2019-05-27 07:12:10.798,5.0,buy,8780.67,BTC-28JUN19-8000-P,99.11,0.0625,5.0,0,1558941130798,22278873,245
2019-05-27 08:44:46.432,5.0,sell,8749.83,BTC-28JUN19-8000-P,97.1,0.062,5.0,2,1558946686432,22282009,248
2019-05-27 08:44:56.880,1.0,sell,8749.74,BTC-28JUN19-8000-P,97.09,0.062,1.0,3,1558946696880,22282010,249
2019-05-27 09:30:36.883,2.0,sell,8757.94,BTC-28JUN19-8000-P,96.13,0.0605,2.0,2,1558949436883,22283376,250
2019-05-27 09:34:56.305,2.0,sell,8771.25,BTC-28JUN19-8000-P,96.93,0.0605,2.0,3,1558949696305,22283622,251
2019-05-27 09:34:57.348,2.0,sell,8771.27,BTC-28JUN19-8000-P,96.93,0.0605,2.0,3,1558949697348,22283631,252
2019-05-27 09:34:59.654,0.2,sell,8771.23,BTC-28JUN19-8000-P,96.91,0.0605,0.2,3,1558949699654,22283636,253
2019-05-27 09:35:31.669,1.0,sell,8771.62,BTC-28JUN19-8000-P,96.9,0.0605,1.0,3,1558949731669,22283639,254
2019-05-27 09:36:00.263,4.8,sell,8769.79,BTC-28JUN19-8000-P,96.86,0.0605,4.8,3,1558949760263,22283651,255
2019-05-27 12:04:42.413,1.0,sell,8799.33,BTC-28JUN19-8000-P,98.58,0.06,1.0,2,1558958682413,22292927,256
2019-05-27 12:14:21.837,5.0,sell,8837.79,BTC-28JUN19-8000-P,91.9,0.0525,5.0,3,1558959261837,22295351,258
2019-05-27 12:14:21.837,14.4,sell,8837.79,BTC-28JUN19-8000-P,91.9,0.0525,14.4,2,1558959261837,22295350,257
2019-05-27 12:14:21.839,0.6,buy,8837.79,BTC-28JUN19-8000-P,91.9,0.0525,0.6,3,1558959261839,22295352,259
2019-05-27 12:30:35.943,5.0,buy,8811.71,BTC-28JUN19-8000-P,98.02,0.06,5.0,0,1558960235943,22296832,260
2019-05-27 12:39:38.491,1.0,buy,8809.56,BTC-28JUN19-8000-P,98.22,0.0605,1.0,0,1558960778491,22297424,261
2019-05-27 14:57:59.542,2.0,buy,8794.47,BTC-28JUN19-8000-P,98.72,0.061,2.0,0,1558969079542,22308234,262
2019-05-27 15:11:12.094,0.1,sell,8820.98,BTC-28JUN19-8000-P,97.38,0.0585,0.1,2,1558969872094,22309293,263
2019-05-27 15:12:51.750,0.9,sell,8856.77,BTC-28JUN19-8000-P,99.02,0.0585,0.9,3,1558969971750,22309944,264
2019-05-27 15:49:30.378,4.0,buy,8878.47,BTC-28JUN19-8000-P,99.41,0.058,4.0,2,1558972170378,22316921,265
2019-05-27 16:32:36.042,0.5,sell,8906.99,BTC-28JUN19-8000-P,95.48,0.0535,0.5,2,1558974756042,22321180,266
2019-05-27 16:50:24.000,2.0,buy,8740.29,BTC-28JUN19-8000-P,99.52,0.064,2.0,0,1558975824000,22332892,267
2019-05-27 17:11:50.235,1.0,buy,8749.1,BTC-28JUN19-8000-P,95.52,0.06,1.0,2,1558977110235,22339878,268
2019-05-27 17:32:07.423,5.0,sell,8741.3,BTC-28JUN19-8000-P,94.71,0.0595,5.0,2,1558978327423,22342434,269
2019-05-27 17:32:46.892,5.0,sell,8728.45,BTC-28JUN19-8000-P,94.65,0.06,5.0,0,1558978366892,22342504,270
2019-05-27 18:52:17.298,1.0,sell,8781.81,BTC-28JUN19-8000-P,93.78,0.057,1.0,2,1558983137298,22347232,271
2019-05-27 19:41:53.332,1.0,buy,8804.78,BTC-28JUN19-8000-P,97.94,0.06,1.0,0,1558986113332,22352551,272
2019-05-27 23:11:21.469,1.0,sell,8814.54,BTC-28JUN19-8000-P,94.68,0.0565,1.0,2,1558998681469,22361985,273
2019-05-27 23:13:37.604,1.0,sell,8818.38,BTC-28JUN19-8000-P,94.94,0.0565,1.0,3,1558998817604,22362055,274
2019-05-28 00:43:34.551,0.1,sell,8782.62,BTC-28JUN19-8000-P,91.68,0.054000000000000006,0.1,2,1559004214551,22369950,275
2019-05-28 03:01:15.734,0.1,buy,8788.96,BTC-28JUN19-8000-P,94.21,0.056,0.1,0,1559012475734,22373479,276
2019-05-28 03:01:15.734,2.9,buy,8788.96,BTC-28JUN19-8000-P,97.24,0.059,2.9,0,1559012475734,22373480,277
2019-05-28 03:08:21.554,2.0,buy,8784.46,BTC-28JUN19-8000-P,97.56,0.0595,2.0,0,1559012901554,22373658,278
2019-05-28 05:23:00.905,24.1,buy,8774.39,BTC-28JUN19-8000-P,97.26,0.0595,24.1,1,1559020980905,22377408,279
2019-05-28 05:23:00.905,4.9,buy,8774.39,BTC-28JUN19-8000-P,97.26,0.0595,4.9,1,1559020980905,22377409,280
2019-05-28 05:23:53.259,7.0,buy,8773.09,BTC-28JUN19-8000-P,98.46,0.061,7.0,1,1559021033259,22377440,282
2019-05-28 05:23:53.259,5.0,buy,8773.09,BTC-28JUN19-8000-P,98.46,0.061,5.0,0,1559021033259,22377439,281
2019-05-28 05:24:02.947,5.0,buy,8772.73,BTC-28JUN19-8000-P,98.47,0.061,5.0,1,1559021042947,22377441,283
2019-05-28 05:24:02.947,24.1,buy,8772.73,BTC-28JUN19-8000-P,98.47,0.061,24.1,1,1559021042947,22377442,284
2019-05-28 05:24:02.951,0.9,sell,8772.73,BTC-28JUN19-8000-P,98.47,0.061,0.9,1,1559021042951,22377443,285
2019-05-28 05:25:25.309,5.0,buy,8772.16,BTC-28JUN19-8000-P,98.44,0.061,5.0,1,1559021125309,22377464,286
2019-05-28 05:25:25.309,1.0,buy,8772.16,BTC-28JUN19-8000-P,98.94,0.0615,1.0,0,1559021125309,22377465,287
2019-05-28 05:27:02.386,3.0,buy,8773.98,BTC-28JUN19-8000-P,98.92,0.0615,3.0,1,1559021222386,22377515,289
2019-05-28 05:27:02.386,4.0,buy,8773.98,BTC-28JUN19-8000-P,98.92,0.0615,4.0,1,1559021222386,22377514,288
2019-05-28 05:56:17.865,1.0,sell,8756.82,BTC-28JUN19-8000-P,97.55,0.061,1.0,2,1559022977865,22380048,290
2019-05-28 05:56:58.129,1.0,sell,8757.05,BTC-28JUN19-8000-P,97.07,0.0605,1.0,2,1559023018129,22380060,291
2019-05-28 05:57:11.931,1.0,sell,8755.66,BTC-28JUN19-8000-P,96.54,0.06,1.0,2,1559023031931,22380090,292
2019-05-28 05:58:10.837,5.0,buy,8743.93,BTC-28JUN19-8000-P,97.89,0.062,5.0,0,1559023090837,22380189,293
2019-05-28 06:07:31.376,1.0,sell,8723.16,BTC-28JUN19-8000-P,96.42,0.061,1.0,2,1559023651376,22380772,294
2019-05-28 06:14:13.225,0.2,sell,8745.69,BTC-28JUN19-8000-P,96.27,0.06,0.2,2,1559024053225,22381329,295
2019-05-28 07:18:34.404,10.0,buy,8706.87,BTC-28JUN19-8000-P,97.59,0.063,10.0,0,1559027914404,22388204,296
2019-05-28 07:19:13.266,5.0,buy,8710.66,BTC-28JUN19-8000-P,97.4,0.0625,5.0,2,1559027953266,22388278,297
2019-05-28 07:19:32.879,5.0,buy,8715.88,BTC-28JUN19-8000-P,97.62,0.0625,5.0,3,1559027972879,22388298,299
2019-05-28 07:19:32.879,5.0,buy,8715.88,BTC-28JUN19-8000-P,97.62,0.0625,5.0,3,1559027972879,22388297,298
2019-05-28 07:19:52.058,10.0,buy,8715.16,BTC-28JUN19-8000-P,97.61,0.0625,10.0,3,1559027992058,22388349,300
2019-05-28 07:32:05.072,10.0,sell,8744.99,BTC-28JUN19-8000-P,95.24,0.059,10.0,2,1559028725072,22389224,301
2019-05-28 08:01:38.448,5.0,sell,8740.49,BTC-28JUN19-8000-P,93.93,0.058,5.0,2,1559030498448,22390425,302
2019-05-28 08:01:38.448,15.0,sell,8740.49,BTC-28JUN19-8000-P,93.93,0.058,15.0,3,1559030498448,22390426,303
2019-05-28 08:18:56.624,2.0,sell,8719.8,BTC-28JUN19-8000-P,94.27,0.059,2.0,0,1559031536624,22390925,304
2019-05-28 09:06:34.385,0.6,sell,8751.96,BTC-28JUN19-8000-P,94.98,0.058,0.6,2,1559034394385,22392386,305
2019-05-28 09:06:38.252,0.6,sell,8752.45,BTC-28JUN19-8000-P,95.0,0.058,0.6,3,1559034398252,22392387,306
2019-05-28 09:06:43.234,0.8,sell,8751.93,BTC-28JUN19-8000-P,95.0,0.058,0.8,3,1559034403234,22392389,307
2019-05-28 09:06:58.888,5.0,buy,8752.67,BTC-28JUN19-8000-P,97.01,0.06,5.0,0,1559034418888,22392390,308
2019-05-28 09:06:58.888,5.0,buy,8752.67,BTC-28JUN19-8000-P,97.01,0.06,5.0,1,1559034418888,22392391,309
2019-05-28 09:22:29.238,5.0,buy,8726.95,BTC-28JUN19-8000-P,96.42,0.0605,5.0,0,1559035349238,22392857,310
2019-05-28 10:21:51.698,2.1,sell,8705.56,BTC-28JUN19-8000-P,92.89,0.058,2.1,2,1559038911698,22395682,311
2019-05-28 10:22:01.250,2.9,sell,8702.92,BTC-28JUN19-8000-P,91.81,0.057,2.9,2,1559038921250,22395683,312
2019-05-28 10:26:41.512,1.1,buy,8700.69,BTC-28JUN19-8000-P,92.69,0.058,1.1,0,1559039201512,22395818,313
2019-05-28 10:33:21.510,1.8,buy,8699.61,BTC-28JUN19-8000-P,92.62,0.058,1.8,1,1559039601510,22395999,314
2019-05-28 11:01:56.105,2.0,sell,8694.51,BTC-28JUN19-8000-P,91.33,0.057,2.0,2,1559041316105,22398343,315
2019-05-28 11:01:56.105,0.9,sell,8694.51,BTC-28JUN19-8000-P,90.83,0.0565,0.9,2,1559041316105,22398344,316
2019-05-28 11:02:29.019,1.2,buy,8699.5,BTC-28JUN19-8000-P,96.53,0.062,1.2,0,1559041349019,22398358,318
2019-05-28 11:02:29.019,4.6000000000000005,buy,8699.5,BTC-28JUN19-8000-P,96.03,0.0615,4.6000000000000005,0,1559041349019,22398357,317
2019-05-28 12:12:51.290,5.0,buy,8738.13,BTC-28JUN19-8000-P,96.41,0.0605,5.0,2,1559045571290,22402324,319
2019-05-28 12:12:51.290,10.0,buy,8738.13,BTC-28JUN19-8000-P,96.41,0.0605,10.0,3,1559045571290,22402325,320
2019-05-28 13:30:07.324,2.0,buy,8600.51,BTC-28JUN19-8000-P,91.71,0.0625,2.0,0,1559050207324,22409224,321
2019-05-28 13:35:36.097,0.5,buy,8626.38,BTC-28JUN19-8000-P,94.61,0.064,0.5,0,1559050536097,22414986,322
2019-05-28 13:37:14.204,0.5,buy,8649.51,BTC-28JUN19-8000-P,95.0,0.0635,0.5,2,1559050634204,22415341,323
2019-05-28 13:49:57.733,2.5,buy,8651.56,BTC-28JUN19-8000-P,91.64,0.0595,2.5,2,1559051397733,22416627,324
2019-05-28 14:03:37.835,2.0,buy,8673.47,BTC-28JUN19-8000-P,92.39,0.0595,2.0,3,1559052217835,22417849,325
2019-05-28 14:08:51.393,20.0,buy,8658.13,BTC-28JUN19-8000-P,91.5,0.0595,20.0,3,1559052531393,22418140,326
2019-05-28 14:08:58.128,0.5,buy,8657.85,BTC-28JUN19-8000-P,91.52,0.0595,0.5,3,1559052538128,22418148,327
2019-05-28 14:10:22.571,4.0,buy,8655.78,BTC-28JUN19-8000-P,95.02,0.063,4.0,0,1559052622571,22418207,328
2019-05-28 14:17:00.359,0.7000000000000001,sell,8660.54,BTC-28JUN19-8000-P,92.35,0.06,0.7000000000000001,2,1559053020359,22418499,329
2019-05-28 14:17:32.841,8.0,buy,8662.32,BTC-28JUN19-8000-P,95.53,0.063,8.0,0,1559053052841,22418509,330
2019-05-28 17:31:38.748,3.0,sell,8731.03,BTC-28JUN19-8000-P,95.01,0.0595,3.0,2,1559064698748,22429634,331
2019-05-28 17:31:46.852,3.0,sell,8732.63,BTC-28JUN19-8000-P,94.53,0.059000000000000004,3.0,2,1559064706852,22429653,332
2019-05-28 17:34:55.604,3.0,sell,8756.84,BTC-28JUN19-8000-P,94.93,0.0585,3.0,2,1559064895604,22430312,333
2019-05-28 17:36:52.558,5.0,sell,8785.82,BTC-28JUN19-8000-P,95.64,0.057999999999999996,5.0,2,1559065012558,22431356,334
2019-05-28 17:36:55.653,5.0,sell,8787.61,BTC-28JUN19-8000-P,95.71,0.057999999999999996,5.0,3,1559065015653,22431359,335
2019-05-28 17:37:01.253,5.0,sell,8787.64,BTC-28JUN19-8000-P,95.68,0.058,5.0,3,1559065021253,22431378,336
2019-05-28 17:38:17.417,5.0,sell,8788.65,BTC-28JUN19-8000-P,95.66,0.057999999999999996,5.0,3,1559065097417,22431656,337
2019-05-28 17:38:36.150,3.0,sell,8796.98,BTC-28JUN19-8000-P,95.55,0.0575,3.0,2,1559065116150,22431832,338
2019-05-28 18:47:33.998,0.1,sell,8737.11,BTC-28JUN19-8000-P,90.98,0.0555,0.1,2,1559069253998,22437600,339
2019-05-28 21:22:39.660,7.9,sell,8687.33,BTC-28JUN19-8000-P,91.27,0.058,7.9,0,1559078559660,22447953,340
2019-05-28 21:24:27.682,5.0,buy,8681.39,BTC-28JUN19-8000-P,91.05,0.058,5.0,1,1559078667682,22447976,341
2019-05-29 00:23:08.982,12.1,buy,8695.75,BTC-28JUN19-8000-P,91.31,0.057999999999999996,12.1,1,1559089388982,22453788,342
2019-05-29 04:32:31.201,13.0,buy,8565.69,BTC-28JUN19-8000-P,90.21,0.063,13.0,0,1559104351201,22466166,343
2019-05-29 06:44:05.664,0.5,buy,8505.87,BTC-28JUN19-8000-P,94.16,0.07200000000000001,0.5,0,1559112245664,22483802,344
2019-05-29 08:55:17.248,2.0,sell,8613.73,BTC-28JUN19-8000-P,92.63,0.0655,2.0,2,1559120117248,22492531,345
2019-05-29 09:04:03.799,1.5,buy,8606.66,BTC-28JUN19-8000-P,91.7,0.065,1.5,2,1559120643799,22493431,346
2019-05-29 09:15:44.877,8.0,sell,8590.28,BTC-28JUN19-8000-P,88.36,0.062,8.0,2,1559121344877,22494047,347
2019-05-29 09:27:24.246,10.4,buy,8569.15,BTC-28JUN19-8000-P,90.09,0.065,10.4,0,1559122044246,22494611,348
2019-05-29 10:13:10.420,5.0,sell,8637.16,BTC-28JUN19-8000-P,88.12,0.0595,5.0,2,1559124790420,22498816,349
2019-05-29 10:13:10.422,2.0,buy,8637.16,BTC-28JUN19-8000-P,88.12,0.0595,2.0,3,1559124790422,22498817,350
2019-05-29 10:35:08.196,1.0,sell,8667.14,BTC-28JUN19-8000-P,87.85,0.0575,1.0,2,1559126108196,22500836,351
2019-05-29 10:37:32.192,3.0,buy,8663.7,BTC-28JUN19-8000-P,89.19,0.059000000000000004,3.0,0,1559126252192,22500989,352
2019-05-29 11:43:19.532,2.0,buy,8630.29,BTC-28JUN19-8000-P,87.51,0.059,2.0,1,1559130199532,22505242,353
2019-05-29 13:18:02.924,2.0,sell,8672.35,BTC-28JUN19-8000-P,88.23,0.0575,2.0,2,1559135882924,22508550,354
2019-05-29 16:51:00.737,10.0,sell,8737.7,BTC-28JUN19-8000-P,89.07,0.0555,10.0,2,1559148660737,22528526,355
2019-05-30 00:34:22.206,0.7000000000000001,sell,8682.11,BTC-28JUN19-8000-P,87.12,0.0555,0.7000000000000001,3,1559176462206,22550158,356
2019-05-30 00:38:17.149,0.2,buy,8678.46,BTC-28JUN19-8000-P,90.51,0.059,0.2,0,1559176697149,22550499,357
2019-05-30 01:23:17.498,4.0,buy,8701.2,BTC-28JUN19-8000-P,91.22,0.058,4.0,2,1559179397498,22555026,358
2019-05-30 03:51:42.151,0.1,sell,8682.34,BTC-28JUN19-8000-P,91.51,0.0585,0.1,0,1559188302151,22574430,359
2019-05-30 10:40:21.087,10.0,sell,8715.33,BTC-28JUN19-8000-P,88.2,0.0525,10.0,2,1559212821087,22596438,360
2019-05-30 10:41:11.865,7.0,sell,8717.31,BTC-28JUN19-8000-P,88.01,0.052000000000000005,7.0,2,1559212871865,22596486,361
2019-05-30 11:37:10.356,2.0,buy,8733.92,BTC-28JUN19-8000-P,90.77,0.0545,2.0,0,1559216230356,22598474,362
2019-05-30 11:40:47.483,0.9,buy,8729.36,BTC-28JUN19-8000-P,91.41,0.0555,0.9,0,1559216447483,22598566,363
2019-05-30 11:40:47.546,1.1,sell,8729.36,BTC-28JUN19-8000-P,91.41,0.0555,1.1,1,1559216447546,22598567,364
2019-05-30 15:47:01.853,2.0,sell,8851.92,BTC-28JUN19-8000-P,91.65,0.051,2.0,2,1559231221853,22612764,365
2019-05-30 15:47:07.803,1.0,sell,8868.22,BTC-28JUN19-8000-P,91.46,0.05,1.0,2,1559231227803,22613138,366
2019-05-30 15:48:42.002,19.3,sell,8836.39,BTC-28JUN19-8000-P,87.32,0.0475,19.3,2,1559231322002,22614430,367
2019-05-30 15:48:42.282,11.9,buy,8836.48,BTC-28JUN19-8000-P,87.34,0.0475,11.9,3,1559231322282,22614435,368
2019-05-30 15:48:42.301,11.9,buy,8836.48,BTC-28JUN19-8000-P,87.34,0.0475,11.9,3,1559231322301,22614436,369
2019-05-30 15:48:42.320,6.9,buy,8836.48,BTC-28JUN19-8000-P,87.34,0.0475,6.9,3,1559231322320,22614437,370
2019-05-30 16:05:39.051,2.0,sell,9070.06,BTC-28JUN19-8000-P,90.26,0.042,2.0,2,1559232339051,22625698,371
2019-05-30 16:05:50.705,5.0,sell,9062.46,BTC-28JUN19-8000-P,88.87,0.041,5.0,2,1559232350705,22625798,372
2019-05-30 16:10:27.447,0.1,buy,9016.71,BTC-28JUN19-8000-P,92.49,0.0455,0.1,0,1559232627447,22628417,373
2019-05-30 16:15:47.251,1.0,buy,8821.92,BTC-28JUN19-8000-P,87.81,0.049,1.0,0,1559232947251,22633625,374
2019-05-30 16:26:54.757,4.9,buy,8740.37,BTC-28JUN19-8000-P,90.83,0.0555,4.9,1,1559233614757,22649044,376
2019-05-30 16:26:54.757,5.0,buy,8740.37,BTC-28JUN19-8000-P,90.83,0.0555,5.0,0,1559233614757,22649043,375
2019-05-30 16:26:55.016,0.1,sell,8740.37,BTC-28JUN19-8000-P,90.83,0.0555,0.1,1,1559233615016,22649045,377
2019-05-30 16:27:25.289,5.0,buy,8740.67,BTC-28JUN19-8000-P,91.72,0.0565,5.0,0,1559233645289,22649243,378
2019-05-30 16:27:37.292,5.0,buy,8731.17,BTC-28JUN19-8000-P,91.76,0.057,5.0,0,1559233657292,22649292,379
2019-05-30 16:27:37.778,5.0,sell,8731.17,BTC-28JUN19-8000-P,91.76,0.057,5.0,1,1559233657778,22649293,380
2019-05-30 16:27:44.255,5.0,sell,8718.89,BTC-28JUN19-8000-P,91.27,0.057,5.0,1,1559233664255,22649387,381
2019-05-30 16:28:11.808,5.0,buy,8707.96,BTC-28JUN19-8000-P,92.22,0.0585,5.0,0,1559233691808,22649587,382
2019-05-30 16:29:03.961,2.0,buy,8721.91,BTC-28JUN19-8000-P,93.63,0.059000000000000004,2.0,0,1559233743961,22649792,383
2019-05-30 17:00:47.521,0.1,buy,8651.16,BTC-28JUN19-8000-P,93.25,0.062,0.1,0,1559235647521,22657345,384
2019-05-30 17:26:53.298,5.0,buy,8607.73,BTC-28JUN19-8000-P,93.28,0.064,5.0,0,1559237213298,22666964,385
2019-05-30 18:53:29.765,0.1,buy,8642.53,BTC-28JUN19-8000-P,91.04,0.0605,0.1,2,1559242409765,22673549,386
2019-05-30 20:25:33.769,11.8,buy,8444.86,BTC-28JUN19-8000-P,86.49,0.065,11.8,0,1559247933769,22686423,387
2019-05-30 20:25:34.376,0.3,buy,8444.23,BTC-28JUN19-8000-P,86.43,0.065,0.3,1,1559247934376,22686474,388
2019-05-30 20:25:34.400,2.5,buy,8444.23,BTC-28JUN19-8000-P,86.43,0.065,2.5,1,1559247934400,22686476,389
2019-05-30 20:28:32.962,0.1,sell,8470.4,BTC-28JUN19-8000-P,87.75,0.065,0.1,1,1559248112962,22690205,390
2019-05-30 21:26:59.011,10.0,buy,8051.99,BTC-28JUN19-8000-P,91.01,0.0925,10.0,0,1559251619011,22716664,391
2019-05-30 21:26:59.011,6.0,buy,8051.99,BTC-28JUN19-8000-P,91.01,0.0925,6.0,1,1559251619011,22716665,392
2019-05-30 21:34:05.428,3.0,sell,8134.34,BTC-28JUN19-8000-P,92.9,0.09,3.0,2,1559252045428,22727339,393
2019-05-30 21:39:13.338,0.1,sell,8254.63,BTC-28JUN19-8000-P,84.37,0.075,0.1,2,1559252353338,22729853,394
2019-05-30 22:04:59.961,0.5,sell,8209.52,BTC-28JUN19-8000-P,84.74,0.0775,0.5,0,1559253899961,22740184,395
2019-05-31 05:37:00.153,0.5,sell,8187.59,BTC-28JUN19-8000-P,92.49,0.087,0.5,0,1559281020153,22774641,396
2019-05-31 05:40:56.319,5.0,sell,8202.54,BTC-28JUN19-8000-P,89.35,0.0825,5.0,2,1559281256319,22774803,397
2019-05-31 07:04:59.201,1.0,buy,8288.77,BTC-28JUN19-8000-P,92.75,0.0815,1.0,2,1559286299201,22777995,398
2019-05-31 10:56:21.957,0.3,buy,8270.56,BTC-28JUN19-8000-P,89.33,0.078,0.3,2,1559300181957,22790403,399
2019-05-31 12:19:26.037,2.0,buy,8231.07,BTC-28JUN19-8000-P,89.37,0.0795,2.0,0,1559305166037,22796474,400
2019-05-31 12:25:38.454,0.2,buy,8265.99,BTC-28JUN19-8000-P,88.44,0.0765,0.2,2,1559305538454,22796753,401
2019-05-31 13:08:40.796,1.0,sell,8396.44,BTC-28JUN19-8000-P,84.09,0.0655,1.0,2,1559308120796,22800351,402
2019-05-31 13:24:51.543,0.1,buy,8392.64,BTC-28JUN19-8000-P,90.57,0.0725,0.1,0,1559309091543,22803441,403
2019-05-31 14:40:44.502,0.1,buy,8410.02,BTC-28JUN19-8000-P,89.1,0.07,0.1,2,1559313644502,22810979,404
2019-05-31 14:41:07.307,0.1,buy,8409.9,BTC-28JUN19-8000-P,89.07,0.07,0.1,3,1559313667307,22810982,405
2019-05-31 17:05:09.351,2.0,buy,8388.08,BTC-28JUN19-8000-P,87.06,0.068,2.0,2,1559322309351,22823617,406
2019-05-31 20:45:10.360,5.0,sell,8462.04,BTC-28JUN19-8000-P,85.96,0.0615,5.0,2,1559335510360,22839156,407
2019-05-31 20:52:22.917,3.0,buy,8478.07,BTC-28JUN19-8000-P,87.11,0.062,3.0,0,1559335942917,22840994,408
2019-05-31 22:31:05.047,0.1,sell,8501.08,BTC-28JUN19-8000-P,82.68,0.056,0.1,2,1559341865047,22848428,409
2019-05-31 22:56:07.088,8.0,buy,8502.02,BTC-28JUN19-8000-P,85.62,0.059,8.0,0,1559343367088,22849283,410
2019-05-31 23:05:05.899,1.0,sell,8533.15,BTC-28JUN19-8000-P,84.68,0.0565,1.0,2,1559343905899,22849891,411
2019-05-31 23:22:11.096,5.0,sell,8543.75,BTC-28JUN19-8000-P,84.47,0.056,5.0,2,1559344931096,22850625,412
2019-05-31 23:22:11.096,4.0,sell,8543.75,BTC-28JUN19-8000-P,83.96,0.0555,4.0,2,1559344931096,22850626,413
2019-05-31 23:22:11.127,3.0,buy,8543.75,BTC-28JUN19-8000-P,83.96,0.0555,3.0,3,1559344931127,22850627,414
2019-05-31 23:44:31.776,2.0,sell,8555.24,BTC-28JUN19-8000-P,83.87,0.055,2.0,2,1559346271776,22852206,415
2019-06-01 01:08:23.686,1.0,sell,8560.32,BTC-28JUN19-8000-P,85.31,0.055,1.0,3,1559351303686,22857349,416
2019-06-01 02:51:53.094,1.8,sell,8528.01,BTC-28JUN19-8000-P,84.24,0.0555,1.8,1,1559357513094,22861295,418
2019-06-01 02:51:53.094,0.2,sell,8528.01,BTC-28JUN19-8000-P,84.24,0.0555,0.2,0,1559357513094,22861294,417
2019-06-01 05:23:26.923,8.0,buy,8527.48,BTC-28JUN19-8000-P,88.25,0.059,8.0,0,1559366606923,22865581,419
2019-06-01 09:15:18.500,0.5,sell,8593.28,BTC-28JUN19-8000-P,86.99,0.055,0.5,2,1559380518500,22875037,420
2019-06-01 09:16:36.600,1.0,sell,8605.41,BTC-28JUN19-8000-P,87.56,0.055,1.0,3,1559380596600,22875144,421
2019-06-01 21:35:46.761,2.5,sell,8598.57,BTC-28JUN19-8000-P,87.13,0.055,2.5,3,1559424946761,22900365,422
2019-06-01 21:43:48.493,10.0,sell,8602.92,BTC-28JUN19-8000-P,87.33,0.055,10.0,3,1559425428493,22900862,423
2019-06-02 02:13:02.918,2.0,buy,8578.61,BTC-28JUN19-8000-P,86.71,0.056,2.0,0,1559441582918,22910240,424
2019-06-02 05:34:33.278,5.0,buy,8568.93,BTC-28JUN19-8000-P,85.21,0.055,5.0,2,1559453673278,22913982,425
2019-06-02 07:36:24.910,1.0,sell,8684.54,BTC-28JUN19-8000-P,85.62,0.05,1.0,2,1559460984910,22917436,426
2019-06-02 07:39:26.405,1.0,sell,8700.17,BTC-28JUN19-8000-P,86.54,0.05,1.0,3,1559461166405,22918667,427
2019-06-02 07:39:42.430,1.0,sell,8713.97,BTC-28JUN19-8000-P,87.22,0.05,1.0,3,1559461182430,22919109,428
2019-06-02 07:41:36.555,0.2,sell,8717.33,BTC-28JUN19-8000-P,87.4,0.05,0.2,3,1559461296555,22920088,429
2019-06-02 07:43:26.265,1.8,sell,8719.71,BTC-28JUN19-8000-P,87.55,0.05,1.8,3,1559461406265,22920483,430
2019-06-02 09:19:11.059,10.0,buy,8723.55,BTC-28JUN19-8000-P,90.28,0.0525,10.0,0,1559467151059,22927498,431
2019-06-02 09:22:24.678,7.5,sell,8725.22,BTC-28JUN19-8000-P,89.54,0.0515,7.5,2,1559467344678,22927573,432
2019-06-02 09:22:29.954,2.5,sell,8724.79,BTC-28JUN19-8000-P,89.51,0.0515,2.5,3,1559467349954,22927577,433
2019-06-02 09:38:49.207,3.0,buy,8726.06,BTC-28JUN19-8000-P,91.07,0.053,3.0,0,1559468329207,22927954,434
2019-06-02 11:20:01.495,0.1,sell,8743.05,BTC-28JUN19-8000-P,88.01,0.049,0.1,2,1559474401495,22930134,435
2019-06-02 12:40:48.811,19.3,buy,8810.43,BTC-28JUN19-8000-P,91.6,0.05,19.3,0,1559479248811,22936177,436
2019-06-02 12:40:57.990,0.7000000000000001,buy,8810.59,BTC-28JUN19-8000-P,92.16,0.0505,0.7000000000000001,0,1559479257990,22936178,437
2019-06-02 13:07:56.197,7.5,sell,8737.01,BTC-28JUN19-8000-P,87.17,0.0485,7.5,2,1559480876197,22940625,438
2019-06-02 13:08:00.092,2.5,buy,8736.47,BTC-28JUN19-8000-P,88.18,0.0495,2.5,0,1559480880092,22940636,439
2019-06-02 13:12:09.545,7.5,sell,8742.91,BTC-28JUN19-8000-P,84.89,0.0465,7.5,2,1559481129545,22941128,440
2019-06-02 13:12:09.545,0.2,sell,8742.91,BTC-28JUN19-8000-P,84.89,0.0465,0.2,3,1559481129545,22941129,441
2019-06-02 13:12:09.682,0.3,buy,8742.91,BTC-28JUN19-8000-P,84.89,0.0465,0.3,3,1559481129682,22941131,442
2019-06-02 14:12:25.010,0.2,sell,8720.72,BTC-28JUN19-8000-P,83.11,0.046,0.2,2,1559484745010,22947451,443
2019-06-02 14:13:02.270,0.3,buy,8715.81,BTC-28JUN19-8000-P,82.9,0.046,0.3,3,1559484782270,22947475,444
2019-06-02 17:37:25.710,0.2,sell,8686.11,BTC-28JUN19-8000-P,86.94,0.05,0.2,0,1559497045710,22953669,445
2019-06-02 21:20:00.957,0.1,buy,8694.37,BTC-28JUN19-8000-P,86.4,0.0495,0.1,2,1559510400957,22960529,446
2019-06-02 22:25:05.403,0.1,sell,8706.08,BTC-28JUN19-8000-P,81.76,0.0445,0.1,2,1559514305403,22962359,447
2019-06-03 00:03:39.234,1.0,buy,8726.32,BTC-28JUN19-8000-P,83.6,0.045,1.0,0,1559520219234,22966361,448
2019-06-03 04:51:57.214,0.2,buy,8666.45,BTC-28JUN19-8000-P,86.22,0.0495,0.2,0,1559537517214,22979013,449
2019-06-03 04:51:57.217,1.6,sell,8666.45,BTC-28JUN19-8000-P,86.22,0.0495,1.6,1,1559537517217,22979014,450
2019-06-03 07:11:25.039,0.1,buy,8372.29,BTC-28JUN19-8000-P,83.99,0.0605,0.1,0,1559545885039,23000488,451
2019-06-03 13:54:04.318,0.2,sell,8457.72,BTC-28JUN19-8000-P,82.59,0.056,0.2,2,1559570044318,23030374,452
2019-06-03 13:54:04.318,1.8,sell,8457.72,BTC-28JUN19-8000-P,81.55,0.055,1.8,2,1559570044318,23030375,453
2019-06-03 14:40:40.464,0.6,buy,8462.58,BTC-28JUN19-8000-P,85.49,0.0585,0.6,0,1559572840464,23033976,454
2019-06-03 14:53:18.198,1.4,buy,8392.56,BTC-28JUN19-8000-P,87.05,0.0635,1.4,0,1559573598198,23038915,455
2019-06-03 15:03:37.659,5.9,buy,8360.66,BTC-28JUN19-8000-P,87.0,0.065,5.9,0,1559574217659,23043459,456
2019-06-03 15:15:28.256,0.2,sell,8397.76,BTC-28JUN19-8000-P,82.86,0.059,0.2,2,1559574928256,23045873,457
2019-06-03 15:43:01.119,1.0,sell,8471.5,BTC-28JUN19-8000-P,81.98,0.055,1.0,2,1559576581119,23049595,458
2019-06-03 15:49:37.117,0.4,buy,8470.11,BTC-28JUN19-8000-P,87.09,0.06,0.4,0,1559576977117,23050021,459
2019-06-03 20:16:29.845,1.0,sell,8546.89,BTC-28JUN19-8000-P,87.74,0.055,1.0,2,1559592989845,23068035,460
2019-06-03 20:41:42.585,2.0,buy,8535.34,BTC-28JUN19-8000-P,88.24,0.056,2.0,0,1559594502585,23068895,461
2019-06-04 00:05:25.925,0.2,buy,7878.27,BTC-28JUN19-8000-P,86.83,0.095,0.2,0,1559606725925,23120571,462
2019-06-04 00:05:36.909,2.0,buy,7859.42,BTC-28JUN19-8000-P,89.27,0.098,2.0,0,1559606736909,23121139,463
2019-06-04 00:06:43.959,0.8,buy,7868.66,BTC-28JUN19-8000-P,92.81,0.0995,0.8,0,1559606803959,23123688,464
2019-06-04 00:07:16.653,0.2,buy,7788.19,BTC-28JUN19-8000-P,87.67,0.1025,0.2,0,1559606836653,23124925,465
2019-06-04 00:38:44.419,0.5,sell,7936.46,BTC-28JUN19-8000-P,82.01,0.0845,0.5,2,1559608724419,23141902,466
2019-06-04 00:41:05.036,0.5,sell,7912.79,BTC-28JUN19-8000-P,82.57,0.087,0.5,0,1559608865036,23142991,467
2019-06-04 04:20:04.217,2.0,buy,7916.82,BTC-28JUN19-8000-P,90.37,0.096,2.0,0,1559622004217,23164297,468
2019-06-04 04:50:30.183,0.1,sell,7966.61,BTC-28JUN19-8000-P,85.01,0.087,0.1,2,1559623830183,23167142,469
2019-06-04 04:50:30.183,0.2,sell,7966.61,BTC-28JUN19-8000-P,85.01,0.087,0.2,3,1559623830183,23167143,470
2019-06-04 05:29:05.129,0.1,sell,7938.18,BTC-28JUN19-8000-P,83.51,0.0875,0.1,0,1559626145129,23169182,471
2019-06-04 05:50:32.382,0.1,sell,7939.99,BTC-28JUN19-8000-P,83.54,0.0875,0.1,1,1559627432382,23169837,472
2019-06-04 06:54:05.637,0.1,sell,7863.22,BTC-28JUN19-8000-P,85.54,0.094,0.1,0,1559631245637,23177996,473
2019-06-04 06:58:17.095,0.1,buy,7843.75,BTC-28JUN19-8000-P,85.66,0.0955,0.1,0,1559631497095,23178156,474
2019-06-04 07:24:46.660,0.9,sell,7799.38,BTC-28JUN19-8000-P,90.84,0.10400000000000001,0.9,0,1559633086660,23185280,475
2019-06-04 10:07:29.578,1.0,buy,7955.46,BTC-28JUN19-8000-P,86.13,0.08800000000000001,1.0,2,1559642849578,23197139,476
2019-06-04 16:38:00.804,20.0,buy,7904.81,BTC-28JUN19-8000-P,87.45,0.094,20.0,0,1559666280804,23223962,477
2019-06-04 17:40:46.055,0.2,buy,7672.75,BTC-28JUN19-8000-P,86.64,0.111,0.2,0,1559670046055,23245278,478
2019-06-04 17:59:35.863,0.2,buy,7607.87,BTC-28JUN19-8000-P,89.04,0.11800000000000001,0.2,0,1559671175863,23261822,479
2019-06-04 17:59:35.901,6.8,sell,7607.87,BTC-28JUN19-8000-P,91.02,0.12,6.8,0,1559671175901,23261823,480
2019-06-04 18:18:20.359,0.5,sell,7681.7,BTC-28JUN19-8000-P,84.89,0.1085,0.5,2,1559672300359,23266108,481
2019-06-04 18:34:37.431,4.0,buy,7685.78,BTC-28JUN19-8000-P,84.13,0.1075,4.0,2,1559673277431,23267936,482
2019-06-04 18:35:18.981,75.0,sell,7687.73,BTC-28JUN19-8000-P,82.78,0.106,75.0,2,1559673318981,23267974,484
2019-06-04 18:35:18.981,5.0,sell,7687.73,BTC-28JUN19-8000-P,83.28,0.1065,5.0,2,1559673318981,23267973,483
2019-06-04 18:35:46.784,75.0,sell,7687.52,BTC-28JUN19-8000-P,83.19,0.106,75.0,3,1559673346784,23268001,485
2019-06-04 18:36:04.334,5.0,sell,7690.13,BTC-28JUN19-8000-P,83.43,0.106,5.0,3,1559673364334,23268010,486
2019-06-04 18:36:04.334,25.0,sell,7690.13,BTC-28JUN19-8000-P,83.43,0.106,25.0,3,1559673364334,23268011,487
2019-06-04 18:43:45.072,5.0,buy,7702.99,BTC-28JUN19-8000-P,88.82,0.1105,5.0,0,1559673825072,23268732,488
2019-06-04 19:08:00.356,0.2,sell,7636.3,BTC-28JUN19-8000-P,86.75,0.114,0.2,0,1559675280356,23271660,489
2019-06-04 19:08:09.343,3.8,sell,7631.31,BTC-28JUN19-8000-P,86.54,0.114,3.8,1,1559675289343,23271699,490
2019-06-04 19:20:04.406,5.0,sell,7614.24,BTC-28JUN19-8000-P,84.67,0.1135,5.0,2,1559676004406,23281100,491
2019-06-04 19:50:06.942,0.2,buy,7627.71,BTC-28JUN19-8000-P,86.47,0.114,0.2,0,1559677806942,23288190,492
2019-06-04 22:19:07.688,5.0,buy,7581.99,BTC-28JUN19-8000-P,88.96,0.1205,5.0,0,1559686747688,23313026,493
2019-06-04 22:19:45.389,5.0,buy,7580.06,BTC-28JUN19-8000-P,89.28,0.121,5.0,0,1559686785389,23313098,494
2019-06-04 22:30:53.889,0.1,sell,7632.69,BTC-28JUN19-8000-P,85.01,0.11199999999999999,0.1,2,1559687453889,23315643,495
2019-06-05 03:34:46.264,1.8,sell,7800.04,BTC-28JUN19-8000-P,81.48,0.094,1.8,2,1559705686264,23333389,496
2019-06-05 14:28:57.711,1.1,buy,7744.28,BTC-28JUN19-8000-P,87.93,0.1045,1.1,0,1559744937711,23364326,497
2019-06-06 00:14:05.636,0.4,sell,7800.19,BTC-28JUN19-8000-P,85.0,0.096,0.4,2,1559780045636,23431510,498
2019-06-06 13:19:20.836,0.1,buy,7684.82,BTC-28JUN19-8000-P,82.38,0.10400000000000001,0.1,0,1559827160836,23467570,499
2019-06-06 13:36:17.577,5.0,buy,7707.5,BTC-28JUN19-8000-P,82.18,0.102,5.0,2,1559828177577,23470150,500
2019-06-06 14:11:37.245,0.2,buy,7682.18,BTC-28JUN19-8000-P,79.72,0.102,0.2,3,1559830297245,23474019,501
2019-06-07 01:51:55.686,0.1,sell,7796.16,BTC-28JUN19-8000-P,74.84,0.0865,0.1,2,1559872315686,23548015,502
2019-06-07 02:52:14.037,0.1,buy,7768.28,BTC-28JUN19-8000-P,74.93,0.0885,0.1,0,1559875934037,23550255,503
2019-06-07 03:17:13.455,5.0,sell,7804.33,BTC-28JUN19-8000-P,74.39,0.085,5.0,2,1559877433455,23551770,504
2019-06-07 04:18:38.788,5.0,buy,7801.08,BTC-28JUN19-8000-P,77.76,0.08900000000000001,5.0,0,1559881118788,23554987,505
2019-06-07 04:18:57.377,5.0,sell,7801.73,BTC-28JUN19-8000-P,78.84,0.09,5.0,0,1559881137377,23554988,506
2019-06-07 05:27:06.123,0.3,sell,7804.3,BTC-28JUN19-8000-P,75.76,0.0865,0.3,2,1559885226123,23557127,507
2019-06-07 05:27:06.123,0.7000000000000001,sell,7804.3,BTC-28JUN19-8000-P,74.2,0.085,0.7000000000000001,2,1559885226123,23557128,508
2019-06-07 10:26:37.791,0.4,buy,7982.42,BTC-28JUN19-8000-P,77.24,0.0745,0.4,2,1559903197791,23583330,509
2019-06-07 10:27:10.402,0.4,sell,7982.65,BTC-28JUN19-8000-P,77.21,0.0745,0.4,3,1559903230402,23583343,510
2019-06-07 10:27:32.324,0.3,sell,7981.88,BTC-28JUN19-8000-P,77.17,0.0745,0.3,3,1559903252324,23583355,511
2019-06-07 12:23:48.764,3.0,sell,7931.48,BTC-28JUN19-8000-P,70.59,0.071,3.0,2,1559910228764,23586564,512
2019-06-07 15:55:46.588,0.4,sell,7944.71,BTC-28JUN19-8000-P,73.08,0.07200000000000001,0.4,0,1559922946588,23592654,513
2019-06-07 15:55:46.588,0.6,sell,7944.71,BTC-28JUN19-8000-P,72.55,0.0715,0.6,2,1559922946588,23592655,514
2019-06-07 20:35:30.732,1.0,buy,8008.5,BTC-28JUN19-8000-P,77.23,0.07200000000000001,1.0,0,1559939730732,23618169,515
2019-06-08 01:10:14.495,0.2,sell,8028.31,BTC-28JUN19-8000-P,68.68,0.0625,0.2,2,1559956214495,23633210,516
2019-06-08 04:40:37.471,0.1,sell,7990.89,BTC-28JUN19-8000-P,70.78,0.0675,0.1,0,1559968837471,23638993,517
2019-06-08 04:40:37.471,3.9,sell,7990.89,BTC-28JUN19-8000-P,69.18,0.066,3.9,2,1559968837471,23638994,518
2019-06-08 16:22:17.767,10.0,sell,7914.65,BTC-28JUN19-8000-P,69.21,0.071,10.0,0,1560010937767,23666437,519
2019-06-09 05:37:19.541,0.1,buy,7901.59,BTC-28JUN19-8000-P,73.58,0.075,0.1,0,1560058639541,23692526,520
2019-06-09 05:47:11.480,0.4,buy,7907.07,BTC-28JUN19-8000-P,74.14,0.0755,0.4,0,1560059231480,23692643,521
2019-06-09 14:06:19.672,1.0,buy,7723.87,BTC-28JUN19-8000-P,74.63,0.0905,1.0,0,1560089179672,23715609,522
2019-06-09 14:24:18.486,1.0,sell,7729.21,BTC-28JUN19-8000-P,68.47,0.0845,1.0,2,1560090258486,23717835,523
2019-06-09 22:38:38.006,0.5,sell,7563.13,BTC-28JUN19-8000-P,71.29,0.1015,0.5,0,1560119918006,23767952,524
2019-06-10 12:04:03.216,0.3,sell,8056.3,BTC-28JUN19-8000-P,74.51,0.0625,0.3,2,1560168243216,23838498,525
2019-06-10 12:23:30.198,3.0,buy,7973.1,BTC-28JUN19-8000-P,75.19,0.071,3.0,0,1560169410198,23845630,526
2019-06-10 13:03:14.632,2.0,sell,7979.94,BTC-28JUN19-8000-P,71.34,0.0675,2.0,2,1560171794632,23850692,527
2019-06-11 05:01:00.195,2.0,sell,7946.0,BTC-28JUN19-8000-P,69.45,0.064,2.0,2,1560229260195,23893675,528
2019-06-11 07:09:52.261,0.1,buy,7927.36,BTC-28JUN19-8000-P,77.27,0.0715,0.1,0,1560236992261,23896691,529
2019-06-11 18:26:56.714,0.1,sell,7881.56,BTC-28JUN19-8000-P,70.55,0.07,0.1,2,1560277616714,23951531,530
2019-06-11 18:36:49.286,0.1,sell,7885.54,BTC-28JUN19-8000-P,70.66,0.07,0.1,3,1560278209286,23952087,531
2019-06-11 18:37:50.247,0.1,sell,7883.72,BTC-28JUN19-8000-P,70.62,0.07,0.1,3,1560278270247,23952112,532
2019-06-11 21:16:38.725,6.0,buy,7924.52,BTC-28JUN19-8000-P,76.06,0.0715,6.0,0,1560287798725,23961525,533
2019-06-12 02:43:12.245,0.1,sell,7914.36,BTC-28JUN19-8000-P,74.47,0.0705,0.1,2,1560307392245,23970665,534
2019-06-12 03:48:16.068,5.0,sell,7981.33,BTC-28JUN19-8000-P,69.96,0.0615,5.0,2,1560311296068,23981715,535
2019-06-12 03:48:16.068,5.0,sell,7981.33,BTC-28JUN19-8000-P,69.37,0.061,5.0,2,1560311296068,23981716,536
2019-06-12 05:21:53.090,1.5,sell,7963.33,BTC-28JUN19-8000-P,69.21,0.062,1.5,0,1560316913090,23984149,537
2019-06-12 08:37:30.438,0.5,sell,7966.37,BTC-28JUN19-8000-P,69.66,0.0615,0.5,2,1560328650438,23989009,538
2019-06-12 14:15:23.449,6.0,buy,7979.79,BTC-28JUN19-8000-P,68.96,0.06,6.0,2,1560348923449,24006404,539
2019-06-12 14:15:31.073,4.0,buy,7972.01,BTC-28JUN19-8000-P,68.24,0.06,4.0,3,1560348931073,24006555,540
2019-06-12 15:10:34.437,3.4,sell,8095.08,BTC-28JUN19-8000-P,70.96,0.053,3.4,2,1560352234437,24013125,541
2019-06-12 15:10:35.114,3.3000000000000003,sell,8095.08,BTC-28JUN19-8000-P,71.25,0.053,3.3000000000000003,3,1560352235114,24013215,542
2019-06-12 15:10:35.506,6.5,sell,8103.38,BTC-28JUN19-8000-P,71.25,0.053,6.5,3,1560352235506,24013301,543
2019-06-12 15:10:35.544,3.3000000000000003,sell,8103.38,BTC-28JUN19-8000-P,71.25,0.053,3.3000000000000003,3,1560352235544,24013312,544
2019-06-12 15:10:40.402,1.5,sell,8109.34,BTC-28JUN19-8000-P,72.82,0.053,1.5,3,1560352240402,24013812,545
2019-06-12 15:18:16.074,1.0,buy,8188.26,BTC-28JUN19-8000-P,71.36,0.048,1.0,2,1560352696074,24022932,546
2019-06-12 15:29:05.087,0.3,buy,8176.52,BTC-28JUN19-8000-P,71.45,0.0485,0.3,0,1560353345087,24025043,547
2019-06-12 16:06:46.967,6.0,buy,8181.99,BTC-28JUN19-8000-P,76.14,0.052000000000000005,6.0,0,1560355606967,24029142,548
2019-06-12 16:06:46.967,4.0,buy,8181.99,BTC-28JUN19-8000-P,76.14,0.052000000000000005,4.0,1,1560355606967,24029143,549
2019-06-12 16:50:48.929,1.0,sell,8171.64,BTC-28JUN19-8000-P,71.39,0.0485,1.0,2,1560358248929,24031225,550
2019-06-12 16:50:48.929,0.5,sell,8171.64,BTC-28JUN19-8000-P,71.39,0.0485,0.5,3,1560358248929,24031226,551
2019-06-12 16:51:16.912,1.0,buy,8169.63,BTC-28JUN19-8000-P,72.52,0.0495,1.0,0,1560358276912,24031248,552
2019-06-12 17:31:48.420,5.0,buy,8127.84,BTC-28JUN19-8000-P,71.04,0.051,5.0,0,1560360708420,24034194,553
2019-06-12 17:32:01.793,5.0,buy,8126.24,BTC-28JUN19-8000-P,70.63,0.051,5.0,1,1560360721793,24034284,554
2019-06-12 21:19:24.236,5.0,buy,8141.66,BTC-28JUN19-8000-P,71.18,0.05,5.0,2,1560374364236,24042144,555
2019-06-13 14:49:01.716,0.2,sell,8173.49,BTC-28JUN19-8000-P,71.87,0.047,0.2,2,1560437341716,24076475,556
2019-06-13 15:04:34.730,0.4,sell,8162.02,BTC-28JUN19-8000-P,70.43,0.0465,0.4,2,1560438274730,24077070,557
2019-06-13 15:04:34.730,10.6,sell,8162.02,BTC-28JUN19-8000-P,70.43,0.0465,10.6,3,1560438274730,24077071,558
2019-06-13 15:35:27.163,0.4,buy,8185.68,BTC-28JUN19-8000-P,75.39,0.049,0.4,0,1560440127163,24080797,559
2019-06-13 15:35:27.163,4.6000000000000005,buy,8185.68,BTC-28JUN19-8000-P,75.39,0.049,4.6000000000000005,1,1560440127163,24080799,561
2019-06-13 15:35:27.163,5.0,buy,8185.68,BTC-28JUN19-8000-P,75.39,0.049,5.0,1,1560440127163,24080798,560
2019-06-13 16:13:06.381,0.4,sell,8178.67,BTC-28JUN19-8000-P,72.03,0.047,0.4,2,1560442386381,24082531,562
2019-06-13 16:28:01.292,5.0,sell,8191.76,BTC-28JUN19-8000-P,71.21,0.0455,5.0,2,1560443281292,24083024,563
2019-06-13 17:06:11.692,0.1,sell,8179.42,BTC-28JUN19-8000-P,70.82,0.046,0.1,0,1560445571692,24083611,564
2019-06-13 18:52:12.023,0.1,buy,8260.95,BTC-28JUN19-8000-P,71.26,0.040999999999999995,0.1,2,1560451932023,24088572,565
2019-06-13 18:52:46.897,0.1,buy,8260.36,BTC-28JUN19-8000-P,71.04,0.040999999999999995,0.1,3,1560451966897,24088878,566
2019-06-13 21:15:09.096,0.2,buy,8272.72,BTC-28JUN19-8000-P,71.79,0.040999999999999995,0.2,3,1560460509096,24095603,567
2019-06-13 22:22:20.466,0.1,sell,8304.88,BTC-28JUN19-8000-P,70.16,0.038,0.1,2,1560464540466,24100849,568
2019-06-13 22:46:21.104,7.5,buy,8268.29,BTC-28JUN19-8000-P,71.06,0.0405,7.5,0,1560465981104,24102072,569
2019-06-13 22:46:25.843,5.0,buy,8262.8,BTC-28JUN19-8000-P,70.47,0.0405,5.0,1,1560465985843,24102155,570
2019-06-13 22:46:28.331,6.7,buy,8261.59,BTC-28JUN19-8000-P,70.39,0.0405,6.7,1,1560465988331,24102186,571
2019-06-14 03:29:56.138,5.0,buy,8209.89,BTC-28JUN19-8000-P,69.92,0.0435,5.0,0,1560482996138,24113069,572
2019-06-14 04:06:34.990,5.0,buy,8197.71,BTC-28JUN19-8000-P,69.69,0.044000000000000004,5.0,0,1560485194990,24113526,573
2019-06-14 05:49:47.338,0.4,sell,8251.44,BTC-28JUN19-8000-P,70.64,0.0415,0.4,2,1560491387338,24115159,574
2019-06-14 05:49:47.340,7.6,buy,8251.44,BTC-28JUN19-8000-P,70.64,0.0415,7.6,3,1560491387340,24115160,575
2019-06-14 07:35:03.099,5.0,sell,8248.23,BTC-28JUN19-8000-P,70.21,0.0415,5.0,3,1560497703099,24117461,576
2019-06-14 07:50:23.114,0.4,sell,8241.13,BTC-28JUN19-8000-P,70.53,0.0415,0.4,3,1560498623114,24117873,577
2019-06-14 07:50:29.231,0.4,buy,8242.08,BTC-28JUN19-8000-P,70.57,0.0415,0.4,3,1560498629231,24117887,578
2019-06-14 07:51:09.129,4.2,buy,8242.72,BTC-28JUN19-8000-P,70.57,0.0415,4.2,3,1560498669129,24117926,579
2019-06-14 07:54:07.724,5.0,buy,8251.25,BTC-28JUN19-8000-P,69.4,0.04,5.0,2,1560498847724,24118071,580
2019-06-14 08:38:04.765,5.0,buy,8290.11,BTC-28JUN19-8000-P,73.88,0.040999999999999995,5.0,0,1560501484765,24121678,581
2019-06-14 08:42:29.946,0.6,buy,8282.74,BTC-28JUN19-8000-P,74.27,0.0415,0.6,0,1560501749946,24121883,582
2019-06-14 08:42:29.946,0.4,buy,8282.74,BTC-28JUN19-8000-P,74.27,0.0415,0.4,1,1560501749946,24121884,583
2019-06-14 08:50:51.499,5.0,sell,8308.81,BTC-28JUN19-8000-P,69.92,0.037000000000000005,5.0,2,1560502251499,24122446,584
2019-06-14 08:57:21.597,0.7000000000000001,sell,8305.2,BTC-28JUN19-8000-P,69.51,0.037000000000000005,0.7000000000000001,3,1560502641597,24122717,585
2019-06-14 09:00:56.705,4.0,buy,8296.28,BTC-28JUN19-8000-P,69.77,0.0375,4.0,1,1560502856705,24122825,587
2019-06-14 09:00:56.705,5.0,buy,8296.28,BTC-28JUN19-8000-P,69.77,0.0375,5.0,0,1560502856705,24122824,586
2019-06-14 09:56:50.271,5.0,sell,8291.0,BTC-28JUN19-8000-P,69.69,0.0375,5.0,1,1560506210271,24124784,588
2019-06-14 09:58:15.890,5.0,sell,8309.45,BTC-28JUN19-8000-P,69.78,0.0365,5.0,2,1560506295890,24125019,589
2019-06-14 10:01:00.920,1.0,buy,8305.77,BTC-28JUN19-8000-P,70.59,0.0375,1.0,0,1560506460920,24125188,590
2019-06-14 10:29:15.560,0.3,buy,8290.97,BTC-28JUN19-8000-P,71.56,0.039,0.3,0,1560508155560,24126179,591
2019-06-14 11:14:29.232,0.1,sell,8276.51,BTC-28JUN19-8000-P,69.54,0.038,0.1,2,1560510869232,24127597,592
2019-06-14 12:53:46.647,10.0,buy,8344.35,BTC-28JUN19-8000-P,71.0,0.036000000000000004,10.0,2,1560516826647,24134174,593
2019-06-14 13:11:19.039,2.0,sell,8364.61,BTC-28JUN19-8000-P,66.81,0.032,2.0,2,1560517879039,24136014,594
2019-06-14 13:14:57.529,0.1,sell,8364.72,BTC-28JUN19-8000-P,66.84,0.032,0.1,3,1560518097529,24136140,595
2019-06-14 13:21:11.648,0.6,buy,8390.71,BTC-28JUN19-8000-P,67.26,0.031,0.6,2,1560518471648,24137209,596
2019-06-14 13:21:11.816,0.6,buy,8390.71,BTC-28JUN19-8000-P,67.26,0.031,0.6,3,1560518471816,24137211,597
2019-06-14 13:21:14.294,8.8,buy,8391.28,BTC-28JUN19-8000-P,67.26,0.031,8.8,3,1560518474294,24137226,598
2019-06-14 13:27:21.998,0.2,sell,8372.85,BTC-28JUN19-8000-P,66.68,0.0315,0.2,0,1560518841998,24137740,599
2019-06-14 13:34:00.312,5.0,sell,8385.08,BTC-28JUN19-8000-P,66.86,0.031,5.0,2,1560519240312,24138035,600
2019-06-14 13:40:37.652,0.6,sell,8400.29,BTC-28JUN19-8000-P,67.07,0.0305,0.6,2,1560519637652,24138816,601
2019-06-14 13:40:37.818,0.6,buy,8400.29,BTC-28JUN19-8000-P,67.07,0.0305,0.6,3,1560519637818,24138821,602
2019-06-14 13:42:03.135,4.8,sell,8415.48,BTC-28JUN19-8000-P,67.13,0.03,4.8,3,1560519723135,24139339,604
2019-06-14 13:42:03.135,0.2,sell,8415.48,BTC-28JUN19-8000-P,67.13,0.03,0.2,2,1560519723135,24139338,603
2019-06-14 13:42:39.180,1.0,buy,8408.34,BTC-28JUN19-8000-P,67.46,0.0305,1.0,0,1560519759180,24139441,605
2019-06-14 13:42:55.332,2.8000000000000003,buy,8399.8,BTC-28JUN19-8000-P,67.11,0.0305,2.8000000000000003,1,1560519775332,24139463,606
2019-06-14 13:47:06.337,0.2,sell,8432.72,BTC-28JUN19-8000-P,68.2,0.03,0.2,2,1560520026337,24140089,607
2019-06-14 14:03:56.999,5.0,buy,8418.72,BTC-28JUN19-8000-P,70.52,0.032,5.0,0,1560521036999,24142571,608
2019-06-14 14:10:28.218,2.6,sell,8421.32,BTC-28JUN19-8000-P,68.62,0.0305,2.6,2,1560521428218,24142977,609
2019-06-14 14:28:22.847,10.0,buy,8389.11,BTC-28JUN19-8000-P,72.32,0.0345,10.0,0,1560522502847,24144346,610
2019-06-14 15:33:48.996,5.0,buy,8458.37,BTC-28JUN19-8000-P,71.72,0.031,5.0,2,1560526428996,24147693,611
2019-06-14 15:34:50.659,5.0,buy,8448.6,BTC-28JUN19-8000-P,71.64,0.0315,5.0,0,1560526490659,24147754,612
2019-06-14 15:39:59.879,0.4,buy,8447.04,BTC-28JUN19-8000-P,72.39,0.032,0.4,0,1560526799879,24147994,613
2019-06-14 15:43:01.369,0.6,sell,8447.94,BTC-28JUN19-8000-P,72.17,0.032,0.6,1,1560526981369,24148117,614
2019-06-14 16:36:59.040,1.0,buy,8400.71,BTC-28JUN19-8000-P,75.06,0.036000000000000004,1.0,0,1560530219040,24150524,615
2019-06-14 16:39:18.644,0.5,sell,8405.55,BTC-28JUN19-8000-P,69.77,0.032,0.5,2,1560530358644,24150654,616
2019-06-14 19:39:04.165,0.1,buy,8408.32,BTC-28JUN19-8000-P,74.93,0.0355,0.1,0,1560541144165,24157628,617
2019-06-14 21:11:28.024,0.1,sell,8556.54,BTC-28JUN19-8000-P,74.74,0.028999999999999998,0.1,2,1560546688024,24165577,618
2019-06-14 21:11:28.024,1.0,sell,8556.54,BTC-28JUN19-8000-P,73.99,0.0285,1.0,2,1560546688024,24165578,619
2019-06-14 21:31:20.642,1.0,sell,8592.04,BTC-28JUN19-8000-P,72.3,0.026000000000000002,1.0,2,1560547880642,24173092,620
2019-06-15 00:40:11.448,0.5,sell,8654.63,BTC-28JUN19-8000-P,71.69,0.023,0.5,2,1560559211448,24188851,621
2019-06-15 02:53:32.464,24.0,sell,8660.04,BTC-28JUN19-8000-P,72.03,0.023,24.0,3,1560567212464,24192857,622
2019-06-15 02:53:32.464,6.0,sell,8660.04,BTC-28JUN19-8000-P,72.03,0.023,6.0,3,1560567212464,24192858,623
2019-06-15 02:53:55.749,5.0,sell,8660.8,BTC-28JUN19-8000-P,71.22,0.0225,5.0,2,1560567235749,24192866,624
2019-06-15 07:06:12.152,1.0,buy,8666.2,BTC-28JUN19-8000-P,77.57,0.0255,1.0,0,1560582372152,24203675,625
2019-06-15 10:34:14.545,0.2,sell,8676.89,BTC-28JUN19-8000-P,72.81,0.022000000000000002,0.2,2,1560594854545,24208387,626
2019-06-15 12:25:25.307,4.0,sell,8652.85,BTC-28JUN19-8000-P,72.21,0.022000000000000002,4.0,3,1560601525307,24210595,627
2019-06-15 13:43:11.176,0.1,sell,8647.0,BTC-28JUN19-8000-P,72.59,0.0225,0.1,0,1560606191176,24212854,628
2019-06-15 14:46:57.101,0.1,sell,8695.78,BTC-28JUN19-8000-P,74.69,0.022000000000000002,0.1,2,1560610017101,24214956,629
2019-06-15 14:49:10.694,0.8,sell,8723.05,BTC-28JUN19-8000-P,75.09,0.0215,0.8,2,1560610150694,24215513,630
2019-06-15 15:33:25.351,1.0,sell,8770.3,BTC-28JUN19-8000-P,74.16,0.0195,1.0,2,1560612805351,24218689,631
2019-06-15 15:33:50.060,0.4,sell,8768.58,BTC-28JUN19-8000-P,73.23,0.019,0.4,2,1560612830060,24218717,632
2019-06-15 15:33:58.570,0.4,sell,8769.47,BTC-28JUN19-8000-P,73.3,0.019,0.4,3,1560612838570,24218724,633
2019-06-15 15:34:07.903,0.1,sell,8770.2,BTC-28JUN19-8000-P,73.36,0.019,0.1,3,1560612847903,24218768,634
2019-06-15 15:55:06.090,0.1,buy,8781.21,BTC-28JUN19-8000-P,75.85,0.02,0.1,0,1560614106090,24223281,635
2019-06-15 15:58:04.752,0.4,sell,8796.03,BTC-28JUN19-8000-P,73.8,0.0185,0.4,2,1560614284752,24223550,636
2019-06-15 15:58:04.752,4.6000000000000005,sell,8796.03,BTC-28JUN19-8000-P,71.97,0.0175,4.6000000000000005,3,1560614284752,24223552,638
2019-06-15 15:58:04.752,24.0,sell,8796.03,BTC-28JUN19-8000-P,71.97,0.0175,24.0,2,1560614284752,24223551,637
2019-06-15 15:58:55.336,0.2,buy,8799.38,BTC-28JUN19-8000-P,76.74,0.02,0.2,0,1560614335336,24223578,639
2019-06-15 16:11:43.754,0.4,sell,8805.61,BTC-28JUN19-8000-P,71.37,0.017,0.4,3,1560615103754,24225043,641
2019-06-15 16:11:43.754,0.2,sell,8805.61,BTC-28JUN19-8000-P,71.37,0.017,0.2,2,1560615103754,24225042,640
2019-06-15 16:11:43.754,0.4,sell,8805.61,BTC-28JUN19-8000-P,71.37,0.017,0.4,3,1560615103754,24225044,642
2019-06-15 17:04:00.279,0.4,sell,8844.1,BTC-28JUN19-8000-P,74.45,0.0175,0.4,0,1560618240279,24233873,643
2019-06-15 17:43:42.093,0.1,buy,8807.51,BTC-28JUN19-8000-P,78.3,0.0205,0.1,0,1560620622093,24236879,644
2019-06-15 18:44:21.019,0.4,sell,8830.95,BTC-28JUN19-8000-P,74.52,0.0175,0.4,2,1560624261019,24240738,645
2019-06-15 18:45:13.688,2.9,sell,8831.86,BTC-28JUN19-8000-P,71.69,0.016,2.9,2,1560624313688,24240742,646
2019-06-15 18:46:40.306,4.6000000000000005,sell,8836.66,BTC-28JUN19-8000-P,71.82,0.016,4.6000000000000005,3,1560624400306,24240852,648
2019-06-15 18:46:40.306,0.4,sell,8836.66,BTC-28JUN19-8000-P,71.82,0.016,0.4,3,1560624400306,24240851,647
2019-06-15 18:48:06.256,5.0,sell,8835.48,BTC-28JUN19-8000-P,71.82,0.016,5.0,2,1560624486256,24240868,650
2019-06-15 18:48:06.256,0.4,sell,8835.48,BTC-28JUN19-8000-P,74.67,0.0175,0.4,0,1560624486256,24240867,649
2019-06-15 18:48:17.173,3.8,sell,8835.56,BTC-28JUN19-8000-P,71.83,0.016,3.8,2,1560624497173,24240873,652
2019-06-15 18:48:17.173,0.4,sell,8835.56,BTC-28JUN19-8000-P,75.61,0.018000000000000002,0.4,0,1560624497173,24240872,651
2019-06-15 21:44:54.064,4.1,sell,8804.16,BTC-28JUN19-8000-P,71.0,0.016,4.1,3,1560635094064,24250000,653
2019-06-16 01:23:38.555,1.0,sell,8934.04,BTC-28JUN19-8000-P,72.46,0.0135,1.0,2,1560648218555,24260344,654
2019-06-16 01:40:33.232,0.1,buy,8972.63,BTC-28JUN19-8000-P,76.01,0.0145,0.1,0,1560649233232,24266829,655
2019-06-16 02:17:18.174,0.9,buy,9016.73,BTC-28JUN19-8000-P,78.54,0.0145,0.9,1,1560651438174,24272093,656
2019-06-16 02:19:46.846,0.1,sell,9006.46,BTC-28JUN19-8000-P,77.8,0.0145,0.1,1,1560651586846,24272450,657
2019-06-16 02:33:21.548,0.2,buy,8988.44,BTC-28JUN19-8000-P,80.4,0.016,0.2,0,1560652401548,24273112,658
2019-06-16 02:44:32.005,0.6,buy,8989.45,BTC-28JUN19-8000-P,80.55,0.016,0.6,1,1560653072005,24273548,659
2019-06-16 02:44:32.005,2.4,buy,8989.45,BTC-28JUN19-8000-P,80.55,0.016,2.4,1,1560653072005,24273549,660
2019-06-16 02:44:34.349,3.0,buy,8989.45,BTC-28JUN19-8000-P,80.58,0.016,3.0,1,1560653074349,24273561,661
2019-06-16 02:44:35.434,3.0,buy,8989.45,BTC-28JUN19-8000-P,80.59,0.016,3.0,1,1560653075434,24273570,662
2019-06-16 02:44:36.916,3.0,buy,8989.45,BTC-28JUN19-8000-P,81.61,0.0165,3.0,0,1560653076916,24273579,663
2019-06-16 02:44:38.579,3.0,buy,8989.45,BTC-28JUN19-8000-P,81.64,0.0165,3.0,1,1560653078579,24273592,664
2019-06-16 02:44:40.924,3.0,buy,8989.45,BTC-28JUN19-8000-P,81.67,0.0165,3.0,1,1560653080924,24273605,665
2019-06-16 02:44:42.833,3.0,buy,8989.45,BTC-28JUN19-8000-P,81.67,0.0165,3.0,1,1560653082833,24273629,666
2019-06-16 02:44:44.923,2.8000000000000003,buy,8989.45,BTC-28JUN19-8000-P,82.73,0.017,2.8000000000000003,0,1560653084923,24273640,667
2019-06-16 03:59:56.239,0.6,buy,9010.86,BTC-28JUN19-8000-P,83.07,0.0165,0.6,2,1560657596239,24276134,668
2019-06-16 04:00:48.892,0.4,buy,9018.53,BTC-28JUN19-8000-P,83.46,0.0165,0.4,3,1560657648892,24276295,669
2019-06-16 05:10:12.244,0.2,sell,9195.25,BTC-28JUN19-8000-P,81.6,0.012,0.2,2,1560661812244,24287442,670
2019-06-16 05:10:12.244,0.4,sell,9195.25,BTC-28JUN19-8000-P,81.6,0.012,0.4,3,1560661812244,24287443,671
2019-06-16 05:10:13.772,0.6,sell,9195.28,BTC-28JUN19-8000-P,81.64,0.012,0.6,3,1560661813772,24287446,672
2019-06-16 05:30:21.572,3.0,buy,9180.17,BTC-28JUN19-8000-P,88.77,0.015,3.0,0,1560663021572,24293290,673
2019-06-16 05:48:22.381,3.0,sell,9239.39,BTC-28JUN19-8000-P,82.65,0.0115,3.0,2,1560664102381,24295509,674
2019-06-16 05:48:25.201,1.0,sell,9245.63,BTC-28JUN19-8000-P,82.86,0.0115,1.0,3,1560664105201,24295621,675
2019-06-16 06:22:33.180,0.6,sell,9304.98,BTC-28JUN19-8000-P,82.18,0.01,0.6,3,1560666153180,24307090,677
2019-06-16 06:22:33.180,3.0,sell,9304.98,BTC-28JUN19-8000-P,82.18,0.01,3.0,2,1560666153180,24307089,676
2019-06-16 06:49:33.444,1.0,buy,9307.34,BTC-28JUN19-8000-P,89.55,0.013000000000000001,1.0,0,1560667773444,24309998,678
2019-06-16 06:54:22.227,0.2,sell,9313.53,BTC-28JUN19-8000-P,89.94,0.013000000000000001,0.2,1,1560668062227,24310388,679
2019-06-16 06:54:44.786,0.1,sell,9309.41,BTC-28JUN19-8000-P,89.71,0.013000000000000001,0.1,1,1560668084786,24310531,680
2019-06-16 07:41:08.697,1.0,buy,9299.92,BTC-28JUN19-8000-P,92.11,0.013999999999999999,1.0,0,1560670868697,24313784,681
2019-06-16 08:46:23.377,0.1,buy,9060.1,BTC-28JUN19-8000-P,84.0,0.0145,0.1,0,1560674783377,24326078,682
2019-06-16 08:48:08.717,0.2,sell,8985.71,BTC-28JUN19-8000-P,77.07,0.012,0.2,2,1560674888717,24330995,683
2019-06-16 08:54:11.814,0.5,sell,9124.33,BTC-28JUN19-8000-P,85.48,0.013999999999999999,0.5,0,1560675251814,24335234,684
2019-06-16 10:26:13.378,0.1,buy,9123.88,BTC-28JUN19-8000-P,86.58,0.0145,0.1,0,1560680773378,24349580,685
2019-06-16 11:31:56.992,0.1,sell,9095.09,BTC-28JUN19-8000-P,82.28,0.013,0.1,2,1560684716992,24353541,686
2019-06-16 11:38:38.298,0.6,sell,9078.78,BTC-28JUN19-8000-P,80.49,0.0125,0.6,2,1560685118298,24354016,687
2019-06-16 13:34:27.918,1.0,buy,9126.94,BTC-28JUN19-8000-P,83.47,0.0125,1.0,3,1560692067918,24364473,688
2019-06-16 13:42:43.459,0.1,sell,9197.17,BTC-28JUN19-8000-P,84.02,0.0115,0.1,2,1560692563459,24366069,689
2019-06-16 14:20:59.560,0.6,sell,9290.19,BTC-28JUN19-8000-P,83.33,0.01,0.6,2,1560694859560,24372228,690
2019-06-16 14:37:44.474,1.0,buy,9244.8,BTC-28JUN19-8000-P,84.58,0.011000000000000001,1.0,0,1560695864474,24374036,691
2019-06-16 14:56:21.217,0.6,sell,9262.3,BTC-28JUN19-8000-P,80.79,0.0095,0.6,3,1560696981217,24375835,694
2019-06-16 14:56:21.217,6.0,sell,9262.3,BTC-28JUN19-8000-P,80.79,0.0095,6.0,3,1560696981217,24375836,695
2019-06-16 14:56:21.217,9.0,sell,9262.3,BTC-28JUN19-8000-P,80.79,0.0095,9.0,2,1560696981217,24375833,692
2019-06-16 14:56:21.217,30.0,sell,9262.3,BTC-28JUN19-8000-P,80.79,0.0095,30.0,3,1560696981217,24375834,693
2019-06-16 14:59:19.146,0.6,sell,9254.83,BTC-28JUN19-8000-P,80.75,0.0095,0.6,3,1560697159146,24376000,696
2019-06-16 15:22:10.844,0.6,buy,9219.5,BTC-28JUN19-8000-P,84.4,0.0115,0.6,0,1560698530844,24378765,697
2019-06-16 16:45:57.148,1.0,sell,9212.91,BTC-28JUN19-8000-P,80.58,0.01,1.0,2,1560703557148,24384853,698
2019-06-16 16:45:57.148,0.6,sell,9212.91,BTC-28JUN19-8000-P,80.58,0.01,0.6,3,1560703557148,24384854,699
2019-06-16 16:46:33.626,6.1000000000000005,sell,9210.19,BTC-28JUN19-8000-P,79.17,0.0095,6.1000000000000005,2,1560703593626,24384863,700
2019-06-16 16:59:16.093,0.1,sell,9196.13,BTC-28JUN19-8000-P,77.41,0.009000000000000001,0.1,2,1560704356093,24385645,701
2019-06-16 16:59:16.093,4.9,sell,9196.13,BTC-28JUN19-8000-P,77.41,0.009000000000000001,4.9,3,1560704356093,24385646,702
2019-06-16 17:41:08.847,0.2,buy,9019.99,BTC-28JUN19-8000-P,83.26,0.0145,0.2,0,1560706868847,24395062,703
2019-06-16 19:30:49.474,0.6,buy,8974.52,BTC-28JUN19-8000-P,82.44,0.015,0.6,0,1560713449474,24406046,704
2019-06-16 19:30:50.980,0.6,sell,8974.71,BTC-28JUN19-8000-P,82.49,0.015,0.6,1,1560713450980,24406066,705
2019-06-16 19:36:00.478,9.0,buy,8909.56,BTC-28JUN19-8000-P,81.84,0.016,9.0,0,1560713760478,24407895,706
2019-06-16 20:01:21.888,0.6,sell,8954.93,BTC-28JUN19-8000-P,81.7,0.0145,0.6,2,1560715281888,24415910,707
2019-06-16 20:01:25.373,0.6,sell,8956.42,BTC-28JUN19-8000-P,82.84,0.015,0.6,0,1560715285373,24415918,708
2019-06-16 20:12:06.977,0.8,buy,8839.06,BTC-28JUN19-8000-P,84.31,0.0185,0.8,0,1560715926977,24419855,709
2019-06-16 20:14:12.974,5.0,sell,8844.77,BTC-28JUN19-8000-P,84.13,0.018000000000000002,5.0,2,1560716052974,24420859,710
2019-06-16 20:20:27.221,1.0,sell,8840.19,BTC-28JUN19-8000-P,80.56,0.0165,1.0,2,1560716427221,24422562,711
2019-06-16 20:31:32.157,0.6,sell,8885.85,BTC-28JUN19-8000-P,82.61,0.0165,0.6,3,1560717092157,24424003,712
2019-06-17 00:00:28.036,1.0,buy,8982.92,BTC-28JUN19-8000-P,86.71,0.0165,1.0,3,1560729628036,24437761,713
2019-06-17 04:17:53.749,0.1,sell,9246.89,BTC-28JUN19-8000-P,84.9,0.011000000000000001,0.1,2,1560745073749,24459299,714
2019-06-17 08:47:54.811,1.0,sell,9203.3,BTC-28JUN19-8000-P,84.65,0.0115,1.0,0,1560761274811,24474027,715
2019-06-17 08:56:19.090,5.0,sell,9205.61,BTC-28JUN19-8000-P,84.79,0.0115,5.0,1,1560761779090,24474252,716
2019-06-17 10:44:16.282,1.0,sell,9205.6,BTC-28JUN19-8000-P,86.3,0.012,1.0,0,1560768256282,24479054,717
2019-06-17 10:47:09.832,1.0,sell,9270.95,BTC-28JUN19-8000-P,89.51,0.012,1.0,1,1560768429832,24480515,718
2019-06-17 11:19:21.028,0.1,buy,9269.49,BTC-28JUN19-8000-P,92.52,0.013000000000000001,0.1,0,1560770361028,24486448,719
2019-06-17 11:24:07.282,0.1,buy,9286.13,BTC-28JUN19-8000-P,91.88,0.0125,0.1,2,1560770647282,24486798,720
2019-06-17 13:13:41.274,0.2,buy,9268.71,BTC-28JUN19-8000-P,88.79,0.0115,0.2,2,1560777221274,24500695,721
2019-06-17 15:46:18.854,10.0,buy,9122.73,BTC-28JUN19-8000-P,88.14,0.0135,10.0,1,1560786378854,24523613,723
2019-06-17 15:46:18.854,0.3,buy,9122.73,BTC-28JUN19-8000-P,88.14,0.0135,0.3,0,1560786378854,24523612,722
2019-06-17 16:10:00.315,3.0,sell,9219.64,BTC-28JUN19-8000-P,87.58,0.0115,3.0,2,1560787800315,24532368,724
2019-06-17 16:22:24.185,3.0,buy,9165.22,BTC-28JUN19-8000-P,91.57,0.013999999999999999,3.0,0,1560788544185,24534832,725
2019-06-17 17:43:59.352,2.0,buy,9251.53,BTC-28JUN19-8000-P,94.31,0.0135,2.0,2,1560793439352,24539568,726
2019-06-17 18:56:31.430,0.5,sell,9306.36,BTC-28JUN19-8000-P,91.86,0.0115,0.5,2,1560797791430,24543386,727
2019-06-17 20:47:28.250,0.6,buy,9204.2,BTC-28JUN19-8000-P,89.73,0.0125,0.6,0,1560804448250,24562922,728
2019-06-18 01:45:25.554,0.1,sell,9316.44,BTC-28JUN19-8000-P,96.72,0.0125,0.1,1,1560822325554,24609054,729
2019-06-18 01:48:03.936,0.3,sell,9324.72,BTC-28JUN19-8000-P,96.95,0.0125,0.3,1,1560822483936,24609164,730
2019-06-18 02:54:41.621,0.3,buy,9250.81,BTC-28JUN19-8000-P,92.27,0.012,0.3,2,1560826481621,24611677,731
2019-06-18 05:32:14.930,1.0,buy,9160.57,BTC-28JUN19-8000-P,91.2,0.013000000000000001,1.0,0,1560835934930,24620724,732
2019-06-18 07:16:11.851,3.5,sell,9136.3,BTC-28JUN19-8000-P,90.1,0.013000000000000001,3.5,1,1560842171851,24627889,733
2019-06-18 07:22:21.082,2.0,buy,9110.81,BTC-28JUN19-8000-P,95.95,0.016,2.0,0,1560842541082,24628571,734
2019-06-18 08:10:06.219,3.0,sell,9115.63,BTC-28JUN19-8000-P,91.22,0.0135,3.0,2,1560845406219,24634737,735
2019-06-18 08:37:23.509,10.0,sell,9137.63,BTC-28JUN19-8000-P,90.72,0.013000000000000001,10.0,2,1560847043509,24636147,736
2019-06-18 08:38:01.355,10.0,sell,9134.52,BTC-28JUN19-8000-P,90.62,0.013000000000000001,10.0,3,1560847081355,24636199,737
2019-06-18 09:43:08.246,1.0,buy,9231.01,BTC-28JUN19-8000-P,95.22,0.013000000000000001,1.0,3,1560850988246,24639873,738
2019-06-18 12:45:22.608,0.1,buy,9158.52,BTC-28JUN19-8000-P,97.92,0.015,0.1,0,1560861922608,24647862,739
2019-06-18 12:46:58.653,1.0,buy,9158.03,BTC-28JUN19-8000-P,96.57,0.0145,1.0,2,1560862018653,24647914,740
2019-06-18 15:27:44.628,0.1,buy,9018.9,BTC-28JUN19-8000-P,92.94,0.0155,0.1,0,1560871664628,24659731,741
2019-06-18 16:49:20.399,2.0,buy,9027.76,BTC-28JUN19-8000-P,95.88,0.0165,2.0,0,1560876560399,24669168,742
2019-06-18 16:51:00.286,0.3,buy,9011.22,BTC-28JUN19-8000-P,97.36,0.0175,0.3,0,1560876660286,24669502,743
2019-06-18 17:06:20.393,1.0,buy,9007.07,BTC-28JUN19-8000-P,96.12,0.017,1.0,2,1560877580393,24672623,744
2019-06-18 17:20:31.558,0.1,buy,8971.53,BTC-28JUN19-8000-P,91.79,0.016,0.1,2,1560878431558,24674151,745
2019-06-18 17:25:37.344,0.1,buy,8965.22,BTC-28JUN19-8000-P,91.63,0.016,0.1,3,1560878737344,24675169,746
2019-06-18 20:26:20.628,0.1,sell,9135.53,BTC-28JUN19-8000-P,90.12,0.012,0.1,2,1560889580628,24689399,747
2019-06-18 23:15:32.975,0.1,sell,8970.88,BTC-28JUN19-8000-P,88.7,0.0145,0.1,0,1560899732975,24703416,748
2019-06-19 00:32:46.512,10.0,sell,9074.44,BTC-28JUN19-8000-P,94.51,0.0145,10.0,1,1560904366512,24709004,749
2019-06-19 00:58:15.464,0.1,sell,9158.4,BTC-28JUN19-8000-P,89.51,0.011000000000000001,0.1,2,1560905895464,24711719,750
2019-06-19 02:40:19.397,0.1,sell,9129.66,BTC-28JUN19-8000-P,89.86,0.0115,0.1,0,1560912019397,24715228,751
2019-06-19 10:04:23.700,1.0,sell,9091.04,BTC-28JUN19-8000-P,88.04,0.011000000000000001,1.0,2,1560938663700,24728721,752
2019-06-19 12:26:07.785,0.2,sell,9101.45,BTC-28JUN19-8000-P,87.92,0.0105,0.2,2,1560947167785,24732574,753
2019-06-19 13:28:10.021,1.0,sell,9131.68,BTC-28JUN19-8000-P,88.45,0.01,1.0,2,1560950890021,24738949,754
2019-06-19 14:34:22.984,0.1,sell,9114.19,BTC-28JUN19-8000-P,89.27,0.0105,0.1,0,1560954862984,24741569,755
2019-06-19 14:49:28.052,0.5,buy,9071.41,BTC-28JUN19-8000-P,88.61,0.011000000000000001,0.5,0,1560955768052,24742488,756
2019-06-19 14:54:24.116,0.1,sell,9070.33,BTC-28JUN19-8000-P,88.65,0.011000000000000001,0.1,1,1560956064116,24742880,757
2019-06-19 17:47:57.169,0.1,sell,9159.87,BTC-28JUN19-8000-P,91.98,0.0105,0.1,2,1560966477169,24753185,758
2019-06-19 17:48:28.366,0.8,sell,9160.62,BTC-28JUN19-8000-P,91.95,0.0105,0.8,3,1560966508366,24753243,759
2019-06-19 17:49:59.757,2.0,sell,9154.53,BTC-28JUN19-8000-P,88.46,0.0095,2.0,2,1560966599757,24753351,760
2019-06-19 18:58:52.052,1.0,sell,9113.9,BTC-28JUN19-8000-P,88.37,0.01,1.0,0,1560970732052,24755260,761
2019-06-19 19:00:49.303,1.0,sell,9114.18,BTC-28JUN19-8000-P,88.41,0.01,1.0,1,1560970849303,24755293,762
2019-06-19 19:03:46.076,0.8,sell,9114.61,BTC-28JUN19-8000-P,88.46,0.01,0.8,1,1560971026076,24755431,763
2019-06-19 19:03:46.076,0.2,sell,9114.61,BTC-28JUN19-8000-P,88.46,0.01,0.2,1,1560971026076,24755432,764
2019-06-20 03:07:33.102,0.2,sell,9337.03,BTC-28JUN19-8000-P,89.14,0.0065,0.2,2,1561000053102,24784142,765
2019-06-20 03:41:46.880,0.7000000000000001,sell,9350.07,BTC-28JUN19-8000-P,90.22,0.0065,0.7000000000000001,3,1561002106880,24785163,766
2019-06-20 07:39:49.782,0.1,sell,9328.55,BTC-28JUN19-8000-P,89.54,0.0065,0.1,3,1561016389782,24792705,767
2019-06-20 13:47:27.917,3.0,sell,9334.58,BTC-28JUN19-8000-P,89.05,0.006,3.0,2,1561038447917,24811394,768
2019-06-20 13:47:27.917,3.1,sell,9334.58,BTC-28JUN19-8000-P,89.05,0.006,3.1,3,1561038447917,24811395,769
2019-06-20 15:09:50.059,0.5,buy,9362.56,BTC-28JUN19-8000-P,92.54,0.0065,0.5,0,1561043390059,24818314,770
2019-06-20 15:14:36.561,1.0,buy,9349.75,BTC-28JUN19-8000-P,92.08,0.0065,1.0,1,1561043676561,24818744,771
2019-06-20 15:16:28.562,0.1,sell,9343.55,BTC-28JUN19-8000-P,87.73,0.0055,0.1,2,1561043788562,24819172,772
2019-06-20 15:16:28.562,0.9,sell,9343.55,BTC-28JUN19-8000-P,87.73,0.0055,0.9,3,1561043788562,24819173,773
2019-06-20 15:56:31.687,4.1,sell,9418.59,BTC-28JUN19-8000-P,90.88,0.0055,4.1,3,1561046191687,24823809,774
2019-06-20 16:04:34.787,3.0,sell,9424.06,BTC-28JUN19-8000-P,88.81,0.005,3.0,2,1561046674787,24825999,775
