date_utc,amount,direction,indexPrice,instrument,iv,price,quantity,tickDirection,timeStamp,tradeId,tradeSeq
2019-02-16 13:24:45.622,1.0,sell,3596.01,BTC-28JUN19-5000-P,52.5,0.4295,1.0,2,1550323485622,15415558,171
2019-02-16 22:17:11.397,0.1,buy,3594.56,BTC-28JUN19-5000-P,63.28,0.4475,0.1,0,1550355431397,15423169,172
2019-02-18 17:44:44.836,1.5,buy,3858.35,BTC-28JUN19-5000-P,59.78,0.353,1.5,2,1550511884836,15570397,173
2019-02-18 17:44:44.838,0.5,sell,3858.35,BTC-28JUN19-5000-P,59.78,0.353,0.5,3,1550511884838,15570398,174
2019-02-19 01:03:20.780,5.0,buy,3904.4,BTC-28JUN19-5000-P,56.32,0.33,5.0,2,1550538200780,15597723,175
2019-02-19 01:03:21.505,0.3,buy,3904.4,BTC-28JUN19-5000-P,56.32,0.33,0.3,3,1550538201505,15597726,176
2019-02-19 01:03:21.998,0.3,buy,3903.5,BTC-28JUN19-5000-P,56.17,0.33,0.3,3,1550538201998,15597731,177
2019-02-19 01:03:29.611,4.4,buy,3900.14,BTC-28JUN19-5000-P,55.74,0.33,4.4,3,1550538209611,15597777,178
2019-03-10 10:37:43.309,0.1,sell,3888.9,BTC-28JUN19-5000-P,50.33,0.3225,0.1,2,1552214263309,16459760,179
2019-03-15 05:06:23.757,0.1,buy,3864.28,BTC-28JUN19-5000-P,51.82,0.329,0.1,0,1552626383757,16578283,180
2019-04-02 05:10:49.116,0.1,buy,4712.94,BTC-28JUN19-5000-P,57.11,0.151,0.1,2,1554181849116,17050600,181
2019-04-02 05:10:50.130,0.1,buy,4712.49,BTC-28JUN19-5000-P,57.11,0.151,0.1,3,1554181850130,17050604,182
2019-04-02 05:10:56.357,0.1,buy,4716.63,BTC-28JUN19-5000-P,57.21,0.151,0.1,3,1554181856357,17050650,183
2019-04-02 05:29:34.916,1.0,buy,4991.63,BTC-28JUN19-5000-P,59.04,0.115,1.0,2,1554182974916,17065794,184
2019-04-02 05:29:39.917,1.0,buy,4988.85,BTC-28JUN19-5000-P,58.61,0.1145,1.0,2,1554182979917,17065811,185
2019-04-02 05:29:44.682,2.9,sell,4984.56,BTC-28JUN19-5000-P,58.68,0.115,2.9,0,1554182984682,17065827,186
2019-04-02 05:30:11.031,0.5,sell,4987.17,BTC-28JUN19-5000-P,58.85,0.115,0.5,1,1554183011031,17065968,187
2019-04-02 05:30:12.093,1.0,sell,4988.76,BTC-28JUN19-5000-P,58.94,0.115,1.0,1,1554183012093,17065973,188
2019-04-02 05:30:12.098,4.3,sell,4988.76,BTC-28JUN19-5000-P,58.94,0.115,4.3,1,1554183012098,17065974,189
2019-04-02 05:30:13.058,1.0,sell,4988.76,BTC-28JUN19-5000-P,59.0,0.115,1.0,1,1554183013058,17065981,190
2019-04-02 05:30:14.071,0.3,sell,4987.75,BTC-28JUN19-5000-P,59.03,0.115,0.3,1,1554183014071,17065984,191
2019-04-02 05:48:35.000,27.0,buy,4859.88,BTC-28JUN19-5000-P,61.84,0.136,27.0,0,1554184115000,17072440,192
2019-04-02 05:48:52.056,10.0,buy,4864.52,BTC-28JUN19-5000-P,68.24,0.14800000000000002,10.0,0,1554184132056,17072485,193
2019-04-02 05:49:27.308,2.0,buy,4850.1,BTC-28JUN19-5000-P,62.25,0.1385,2.0,2,1554184167308,17072758,194
2019-04-02 05:49:30.247,2.0,buy,4848.04,BTC-28JUN19-5000-P,61.68,0.1375,2.0,2,1554184170247,17072774,195
2019-04-02 05:49:32.602,2.0,buy,4844.71,BTC-28JUN19-5000-P,61.55,0.1375,2.0,3,1554184172602,17072783,196
2019-04-02 05:49:34.992,2.0,buy,4842.75,BTC-28JUN19-5000-P,61.26,0.1375,2.0,3,1554184174992,17072813,197
2019-04-02 05:49:37.541,2.0,buy,4845.03,BTC-28JUN19-5000-P,61.41,0.1375,2.0,3,1554184177541,17072829,198
2019-04-02 05:49:39.937,2.0,buy,4845.29,BTC-28JUN19-5000-P,61.4,0.1375,2.0,3,1554184179937,17072852,199
2019-04-03 00:41:06.800,0.5,sell,4953.12,BTC-28JUN19-5000-P,54.06,0.111,0.5,2,1554252066800,17160783,200
2019-04-03 16:38:53.456,5.0,buy,5111.94,BTC-28JUN19-5000-P,63.72,0.11,5.0,2,1554309533456,17213348,201
2019-04-03 18:02:48.887,0.1,buy,5125.87,BTC-28JUN19-5000-P,63.72,0.11,0.1,3,1554314568887,17221573,202
2019-04-04 09:26:18.884,0.1,sell,5026.71,BTC-28JUN19-5000-P,67.02,0.126,0.1,0,1554369978884,17298842,203
2019-04-04 13:18:51.067,2.0,sell,5013.64,BTC-28JUN19-5000-P,67.6,0.128,2.0,0,1554383931067,17307927,204
2019-04-04 14:28:28.892,0.1,buy,5027.39,BTC-28JUN19-5000-P,67.47,0.1265,0.1,2,1554388108892,17309896,205
2019-04-04 16:59:59.680,0.1,buy,4937.59,BTC-28JUN19-5000-P,66.65,0.134,0.1,0,1554397199680,17315851,206
2019-04-05 02:42:31.615,25.0,buy,4913.16,BTC-28JUN19-5000-P,64.56,0.133,25.0,2,1554432151615,17345644,207
2019-04-05 09:32:34.289,10.0,sell,4948.43,BTC-28JUN19-5000-P,63.18,0.126,10.0,2,1554456754289,17356760,208
2019-04-05 09:32:45.203,10.0,sell,4948.44,BTC-28JUN19-5000-P,63.18,0.126,10.0,3,1554456765203,17356764,209
2019-04-05 09:33:11.935,5.0,sell,4948.35,BTC-28JUN19-5000-P,62.86,0.1255,5.0,2,1554456791935,17356773,210
2019-04-05 09:33:11.935,5.0,sell,4948.35,BTC-28JUN19-5000-P,62.86,0.1255,5.0,3,1554456791935,17356774,211
2019-04-05 09:33:30.520,10.0,sell,4949.39,BTC-28JUN19-5000-P,62.87,0.1255,10.0,3,1554456810520,17356780,212
2019-04-05 09:33:47.786,10.0,sell,4949.9,BTC-28JUN19-5000-P,62.9,0.1255,10.0,3,1554456827786,17356785,213
2019-04-05 09:34:08.521,5.0,sell,4949.61,BTC-28JUN19-5000-P,62.67,0.125,5.0,3,1554456848521,17356790,215
2019-04-05 09:34:08.521,5.0,sell,4949.61,BTC-28JUN19-5000-P,62.67,0.125,5.0,2,1554456848521,17356789,214
2019-04-05 09:38:32.093,10.0,sell,4957.04,BTC-28JUN19-5000-P,62.98,0.1245,10.0,2,1554457112093,17356922,216
2019-04-05 16:42:45.075,1.0,sell,5021.57,BTC-28JUN19-5000-P,65.1,0.122,1.0,2,1554482565075,17373364,217
2019-04-05 16:42:46.660,1.0,sell,5021.61,BTC-28JUN19-5000-P,65.09,0.122,1.0,3,1554482566660,17373365,218
2019-04-05 16:42:59.022,1.0,sell,5021.77,BTC-28JUN19-5000-P,65.1,0.122,1.0,3,1554482579022,17373379,219
2019-04-05 16:43:11.747,1.0,sell,5022.2,BTC-28JUN19-5000-P,65.17,0.122,1.0,3,1554482591747,17373388,220
2019-04-05 17:51:31.185,1.0,sell,5039.72,BTC-28JUN19-5000-P,66.21,0.122,1.0,3,1554486691185,17376556,221
2019-04-05 18:12:28.235,0.2,sell,5039.75,BTC-28JUN19-5000-P,63.7,0.118,0.2,2,1554487948235,17377333,222
2019-04-05 18:14:40.959,0.4,sell,5041.31,BTC-28JUN19-5000-P,63.64,0.1175,0.4,2,1554488080959,17377350,223
2019-04-06 08:51:46.746,1.0,sell,4985.88,BTC-28JUN19-5000-P,63.99,0.12300000000000001,1.0,0,1554540706746,17391711,224
2019-04-06 09:22:01.138,0.1,sell,4989.74,BTC-28JUN19-5000-P,62.38,0.1195,0.1,2,1554542521138,17391981,225
2019-04-06 12:01:30.964,5.7,sell,4999.51,BTC-28JUN19-5000-P,65.6,0.1245,5.7,0,1554552090964,17393046,226
2019-04-06 16:21:40.771,0.1,buy,5145.16,BTC-28JUN19-5000-P,65.54,0.10800000000000001,0.1,2,1554567700771,17405318,227
2019-04-06 23:05:03.645,1.2,buy,5029.32,BTC-28JUN19-5000-P,65.3,0.11800000000000001,1.2,0,1554591903645,17445104,228
2019-04-07 06:23:23.962,10.0,sell,5119.35,BTC-28JUN19-5000-P,63.94,0.1055,10.0,2,1554618203962,17458370,229
2019-04-07 21:10:57.749,5.0,sell,5152.72,BTC-28JUN19-5000-P,64.11,0.10300000000000001,5.0,2,1554671457749,17481540,230
2019-04-07 21:11:12.890,5.0,sell,5151.32,BTC-28JUN19-5000-P,63.3,0.1015,5.0,2,1554671472890,17481547,231
2019-04-07 21:11:30.057,5.0,sell,5153.45,BTC-28JUN19-5000-P,63.7,0.102,5.0,0,1554671490057,17481558,232
2019-04-07 21:11:37.438,5.0,sell,5154.07,BTC-28JUN19-5000-P,63.49,0.1015,5.0,2,1554671497438,17481561,233
2019-04-07 21:12:50.821,10.0,sell,5158.2,BTC-28JUN19-5000-P,63.51,0.10099999999999999,10.0,2,1554671570821,17481587,234
2019-04-07 21:12:54.962,4.6000000000000005,sell,5158.02,BTC-28JUN19-5000-P,63.24,0.1005,4.6000000000000005,2,1554671574962,17481599,237
2019-04-07 21:12:54.962,4.4,sell,5158.02,BTC-28JUN19-5000-P,63.52,0.10099999999999999,4.4,3,1554671574962,17481597,235
2019-04-07 21:12:54.962,1.0,sell,5158.02,BTC-28JUN19-5000-P,63.52,0.10099999999999999,1.0,3,1554671574962,17481598,236
2019-04-07 21:13:12.951,1.0,sell,5157.12,BTC-28JUN19-5000-P,62.92,0.1,1.0,2,1554671592951,17481608,239
2019-04-07 21:13:12.951,6.5,sell,5157.12,BTC-28JUN19-5000-P,63.19,0.1005,6.5,3,1554671592951,17481607,238
2019-04-07 21:13:12.951,2.5,sell,5157.12,BTC-28JUN19-5000-P,40.94,0.06,2.5,2,1554671592951,17481609,240
2019-04-08 05:07:44.862,0.4,buy,5308.39,BTC-28JUN19-5000-P,69.82,0.0975,0.4,0,1554700064862,17513579,241
2019-04-08 05:51:16.456,1.8,sell,5276.35,BTC-28JUN19-5000-P,65.66,0.0925,1.8,2,1554702676456,17514582,242
2019-04-08 11:29:02.669,9.6,buy,5133.36,BTC-28JUN19-5000-P,64.81,0.105,9.6,0,1554722942669,17527317,243
2019-04-08 11:29:04.446,0.4,buy,5133.75,BTC-28JUN19-5000-P,64.75,0.105,0.4,1,1554722944446,17527327,244
2019-04-10 02:32:07.039,5.0,sell,5234.03,BTC-28JUN19-5000-P,63.2,0.092,5.0,2,1554863527039,17590795,245
2019-04-10 02:32:18.162,5.0,sell,5234.08,BTC-28JUN19-5000-P,62.92,0.0915,5.0,2,1554863538162,17590796,246
2019-04-10 02:32:23.651,5.0,sell,5233.34,BTC-28JUN19-5000-P,62.6,0.091,5.0,2,1554863543651,17590797,247
2019-04-10 02:32:26.941,5.0,buy,5233.56,BTC-28JUN19-5000-P,62.61,0.091,5.0,3,1554863546941,17590798,248
2019-04-10 02:32:30.136,5.0,sell,5233.56,BTC-28JUN19-5000-P,62.34,0.0905,5.0,2,1554863550136,17590799,249
2019-04-10 02:32:36.353,5.0,sell,5233.57,BTC-28JUN19-5000-P,62.06,0.09,5.0,2,1554863556353,17590800,250
2019-04-10 02:32:44.105,5.0,sell,5234.01,BTC-28JUN19-5000-P,62.08,0.09,5.0,3,1554863564105,17590801,251
2019-04-10 02:32:49.791,5.0,sell,5234.3,BTC-28JUN19-5000-P,61.81,0.0895,5.0,2,1554863569791,17590802,252
2019-04-10 02:32:54.845,1.0,sell,5233.95,BTC-28JUN19-5000-P,61.81,0.0895,1.0,3,1554863574845,17590803,253
2019-04-10 12:12:39.846,0.3,sell,5255.97,BTC-28JUN19-5000-P,61.23,0.086,0.3,2,1554898359846,17597798,254
2019-04-10 12:32:50.360,0.7000000000000001,sell,5259.39,BTC-28JUN19-5000-P,61.42,0.086,0.7000000000000001,3,1554899570360,17598017,255
2019-04-10 21:24:53.561,5.0,buy,5296.45,BTC-28JUN19-5000-P,63.53,0.087,5.0,0,1554931493561,17643994,256
2019-04-10 21:25:36.932,5.0,buy,5298.94,BTC-28JUN19-5000-P,63.89,0.0875,5.0,0,1554931536932,17644093,257
2019-04-10 21:25:36.932,5.0,buy,5298.94,BTC-28JUN19-5000-P,63.89,0.0875,5.0,1,1554931536932,17644094,258
2019-04-10 21:58:07.951,5.0,buy,5299.01,BTC-28JUN19-5000-P,64.13,0.0875,5.0,1,1554933487951,17647452,259
2019-04-10 23:10:39.193,3.0,buy,5297.83,BTC-28JUN19-5000-P,64.09,0.08800000000000001,3.0,0,1554937839193,17650316,260
2019-04-10 23:22:14.594,3.0,buy,5298.37,BTC-28JUN19-5000-P,64.01,0.08800000000000001,3.0,1,1554938534594,17650472,261
2019-04-10 23:29:28.276,0.3,buy,5303.44,BTC-28JUN19-5000-P,64.16,0.0875,0.3,2,1554938968276,17650684,262
2019-04-11 06:40:19.228,2.5,sell,5217.51,BTC-28JUN19-5000-P,60.53,0.09,2.5,0,1554964819228,17670967,263
2019-04-11 10:12:09.888,0.1,buy,5055.49,BTC-28JUN19-5000-P,63.22,0.11,0.1,0,1554977529888,17687265,264
2019-04-11 13:21:07.209,10.0,buy,5049.63,BTC-28JUN19-5000-P,61.02,0.1075,10.0,2,1554988867209,17700435,265
2019-04-11 14:03:31.895,10.0,buy,5028.75,BTC-28JUN19-5000-P,60.83,0.11,10.0,0,1554991411895,17701631,266
2019-04-11 14:46:19.796,4.0,buy,5041.58,BTC-28JUN19-5000-P,62.67,0.1115,4.0,0,1554993979796,17703430,267
2019-04-11 15:28:47.658,0.5,sell,5060.65,BTC-28JUN19-5000-P,60.03,0.105,0.5,2,1554996527658,17704652,268
2019-04-11 15:53:00.731,0.1,buy,5041.07,BTC-28JUN19-5000-P,62.46,0.1115,0.1,0,1554997980731,17705382,269
2019-04-11 17:03:38.490,0.1,buy,5046.91,BTC-28JUN19-5000-P,64.15,0.1145,0.1,0,1555002218490,17708840,270
2019-04-11 18:33:35.462,4.0,sell,5067.46,BTC-28JUN19-5000-P,59.82,0.1045,4.0,2,1555007615462,17710470,271
2019-04-11 18:42:17.113,4.0,sell,5069.43,BTC-28JUN19-5000-P,58.91,0.1025,4.0,2,1555008137113,17710709,272
2019-04-11 19:03:37.496,5.0,sell,5081.88,BTC-28JUN19-5000-P,58.22,0.1005,5.0,2,1555009417496,17712106,273
2019-04-12 04:19:27.833,0.1,sell,5031.0,BTC-28JUN19-5000-P,65.74,0.11699999999999999,0.1,0,1555042767833,17737088,274
2019-04-12 08:31:14.729,4.0,sell,5017.76,BTC-28JUN19-5000-P,57.47,0.10300000000000001,4.0,2,1555057874729,17742267,275
2019-04-12 09:57:27.722,3.0,sell,5029.31,BTC-28JUN19-5000-P,58.93,0.1045,3.0,0,1555063047722,17743660,276
2019-04-12 09:57:58.441,1.0,buy,5027.97,BTC-28JUN19-5000-P,59.27,0.105,1.0,0,1555063078441,17743662,277
2019-04-12 09:59:16.117,1.0,buy,5029.96,BTC-28JUN19-5000-P,59.44,0.105,1.0,1,1555063156117,17743676,278
2019-04-12 09:59:34.052,1.0,buy,5029.96,BTC-28JUN19-5000-P,59.52,0.105,1.0,1,1555063174052,17743677,279
2019-04-12 10:00:23.185,0.3,buy,5032.16,BTC-28JUN19-5000-P,59.58,0.105,0.3,1,1555063223185,17743687,280
2019-04-12 11:22:54.343,0.8,buy,5081.89,BTC-28JUN19-5000-P,61.74,0.1045,0.8,2,1555068174343,17746892,281
