date_utc,amount,direction,indexPrice,instrument,iv,price,quantity,tickDirection,timeStamp,tradeId,tradeSeq
2019-02-16 13:24:45.622,1.0,sell,3596.01,BTC-28JUN19-5000-P,52.5,0.4295,1.0,2,1550323485622,15415558,171
2019-02-16 22:17:11.397,0.1,buy,3594.56,BTC-28JUN19-5000-P,63.28,0.4475,0.1,0,1550355431397,15423169,172
2019-02-18 17:44:44.836,1.5,buy,3858.35,BTC-28JUN19-5000-P,59.78,0.353,1.5,2,1550511884836,15570397,173
2019-02-18 17:44:44.838,0.5,sell,3858.35,BTC-28JUN19-5000-P,59.78,0.353,0.5,3,1550511884838,15570398,174
2019-02-19 01:03:20.780,5.0,buy,3904.4,BTC-28JUN19-5000-P,56.32,0.33,5.0,2,1550538200780,15597723,175
2019-02-19 01:03:21.505,0.3,buy,3904.4,BTC-28JUN19-5000-P,56.32,0.33,0.3,3,1550538201505,15597726,176
2019-02-19 01:03:21.998,0.3,buy,3903.5,BTC-28JUN19-5000-P,56.17,0.33,0.3,3,1550538201998,15597731,177
2019-02-19 01:03:29.611,4.4,buy,3900.14,BTC-28JUN19-5000-P,55.74,0.33,4.4,3,1550538209611,15597777,178
2019-03-10 10:37:43.309,0.1,sell,3888.9,BTC-28JUN19-5000-P,50.33,0.3225,0.1,2,1552214263309,16459760,179
2019-03-15 05:06:23.757,0.1,buy,3864.28,BTC-28JUN19-5000-P,51.82,0.32899999999999996,0.1,0,1552626383757,16578283,180
2019-04-02 05:10:49.116,0.1,buy,4712.94,BTC-28JUN19-5000-P,57.11,0.151,0.1,2,1554181849116,17050600,181
2019-04-02 05:10:50.130,0.1,buy,4712.49,BTC-28JUN19-5000-P,57.11,0.151,0.1,3,1554181850130,17050604,182
2019-04-02 05:10:56.357,0.1,buy,4716.63,BTC-28JUN19-5000-P,57.21,0.151,0.1,3,1554181856357,17050650,183
2019-04-02 05:29:34.916,1.0,buy,4991.63,BTC-28JUN19-5000-P,59.04,0.115,1.0,2,1554182974916,17065794,184
2019-04-02 05:29:39.917,1.0,buy,4988.85,BTC-28JUN19-5000-P,58.61,0.1145,1.0,2,1554182979917,17065811,185
2019-04-02 05:29:44.682,2.9,sell,4984.56,BTC-28JUN19-5000-P,58.68,0.115,2.9,0,1554182984682,17065827,186
2019-04-02 05:30:11.031,0.5,sell,4987.17,BTC-28JUN19-5000-P,58.85,0.115,0.5,1,1554183011031,17065968,187
2019-04-02 05:30:12.093,1.0,sell,4988.76,BTC-28JUN19-5000-P,58.94,0.115,1.0,1,1554183012093,17065973,188
2019-04-02 05:30:12.098,4.3,sell,4988.76,BTC-28JUN19-5000-P,58.94,0.115,4.3,1,1554183012098,17065974,189
2019-04-02 05:30:13.058,1.0,sell,4988.76,BTC-28JUN19-5000-P,59.0,0.115,1.0,1,1554183013058,17065981,190
2019-04-02 05:30:14.071,0.3,sell,4987.75,BTC-28JUN19-5000-P,59.03,0.115,0.3,1,1554183014071,17065984,191
2019-04-02 05:48:35.000,27.0,buy,4859.88,BTC-28JUN19-5000-P,61.84,0.136,27.0,0,1554184115000,17072440,192
2019-04-02 05:48:52.056,10.0,buy,4864.52,BTC-28JUN19-5000-P,68.24,0.14800000000000002,10.0,0,1554184132056,17072485,193
2019-04-02 05:49:27.308,2.0,buy,4850.1,BTC-28JUN19-5000-P,62.25,0.1385,2.0,2,1554184167308,17072758,194
2019-04-02 05:49:30.247,2.0,buy,4848.04,BTC-28JUN19-5000-P,61.68,0.1375,2.0,2,1554184170247,17072774,195
2019-04-02 05:49:32.602,2.0,buy,4844.71,BTC-28JUN19-5000-P,61.55,0.1375,2.0,3,1554184172602,17072783,196
2019-04-02 05:49:34.992,2.0,buy,4842.75,BTC-28JUN19-5000-P,61.26,0.1375,2.0,3,1554184174992,17072813,197
2019-04-02 05:49:37.541,2.0,buy,4845.03,BTC-28JUN19-5000-P,61.41,0.1375,2.0,3,1554184177541,17072829,198
2019-04-02 05:49:39.937,2.0,buy,4845.29,BTC-28JUN19-5000-P,61.4,0.1375,2.0,3,1554184179937,17072852,199
2019-04-03 00:41:06.800,0.5,sell,4953.12,BTC-28JUN19-5000-P,54.06,0.111,0.5,2,1554252066800,17160783,200
2019-04-03 16:38:53.456,5.0,buy,5111.94,BTC-28JUN19-5000-P,63.72,0.11,5.0,2,1554309533456,17213348,201
2019-04-03 18:02:48.887,0.1,buy,5125.87,BTC-28JUN19-5000-P,63.72,0.11,0.1,3,1554314568887,17221573,202
2019-04-04 09:26:18.884,0.1,sell,5026.71,BTC-28JUN19-5000-P,67.02,0.126,0.1,0,1554369978884,17298842,203
2019-04-04 13:18:51.067,2.0,sell,5013.64,BTC-28JUN19-5000-P,67.6,0.128,2.0,0,1554383931067,17307927,204
2019-04-04 14:28:28.892,0.1,buy,5027.39,BTC-28JUN19-5000-P,67.47,0.1265,0.1,2,1554388108892,17309896,205
2019-04-04 16:59:59.680,0.1,buy,4937.59,BTC-28JUN19-5000-P,66.65,0.134,0.1,0,1554397199680,17315851,206
2019-04-05 02:42:31.615,25.0,buy,4913.16,BTC-28JUN19-5000-P,64.56,0.133,25.0,2,1554432151615,17345644,207
2019-04-05 09:32:34.289,10.0,sell,4948.43,BTC-28JUN19-5000-P,63.18,0.126,10.0,2,1554456754289,17356760,208
2019-04-05 09:32:45.203,10.0,sell,4948.44,BTC-28JUN19-5000-P,63.18,0.126,10.0,3,1554456765203,17356764,209
2019-04-05 09:33:11.935,5.0,sell,4948.35,BTC-28JUN19-5000-P,62.86,0.1255,5.0,2,1554456791935,17356773,210
2019-04-05 09:33:11.935,5.0,sell,4948.35,BTC-28JUN19-5000-P,62.86,0.1255,5.0,3,1554456791935,17356774,211
2019-04-05 09:33:30.520,10.0,sell,4949.39,BTC-28JUN19-5000-P,62.87,0.1255,10.0,3,1554456810520,17356780,212
2019-04-05 09:33:47.786,10.0,sell,4949.9,BTC-28JUN19-5000-P,62.9,0.1255,10.0,3,1554456827786,17356785,213
2019-04-05 09:34:08.521,5.0,sell,4949.61,BTC-28JUN19-5000-P,62.67,0.125,5.0,3,1554456848521,17356790,215
2019-04-05 09:34:08.521,5.0,sell,4949.61,BTC-28JUN19-5000-P,62.67,0.125,5.0,2,1554456848521,17356789,214
2019-04-05 09:38:32.093,10.0,sell,4957.04,BTC-28JUN19-5000-P,62.98,0.1245,10.0,2,1554457112093,17356922,216
2019-04-05 16:42:45.075,1.0,sell,5021.57,BTC-28JUN19-5000-P,65.1,0.122,1.0,2,1554482565075,17373364,217
2019-04-05 16:42:46.660,1.0,sell,5021.61,BTC-28JUN19-5000-P,65.09,0.122,1.0,3,1554482566660,17373365,218
2019-04-05 16:42:59.022,1.0,sell,5021.77,BTC-28JUN19-5000-P,65.1,0.122,1.0,3,1554482579022,17373379,219
2019-04-05 16:43:11.747,1.0,sell,5022.2,BTC-28JUN19-5000-P,65.17,0.122,1.0,3,1554482591747,17373388,220
2019-04-05 17:51:31.185,1.0,sell,5039.72,BTC-28JUN19-5000-P,66.21,0.122,1.0,3,1554486691185,17376556,221
2019-04-05 18:12:28.235,0.2,sell,5039.75,BTC-28JUN19-5000-P,63.7,0.11800000000000001,0.2,2,1554487948235,17377333,222
2019-04-05 18:14:40.959,0.4,sell,5041.31,BTC-28JUN19-5000-P,63.64,0.1175,0.4,2,1554488080959,17377350,223
2019-04-06 08:51:46.746,1.0,sell,4985.88,BTC-28JUN19-5000-P,63.99,0.123,1.0,0,1554540706746,17391711,224
2019-04-06 09:22:01.138,0.1,sell,4989.74,BTC-28JUN19-5000-P,62.38,0.1195,0.1,2,1554542521138,17391981,225
2019-04-06 12:01:30.964,5.7,sell,4999.51,BTC-28JUN19-5000-P,65.6,0.1245,5.7,0,1554552090964,17393046,226
2019-04-06 16:21:40.771,0.1,buy,5145.16,BTC-28JUN19-5000-P,65.54,0.108,0.1,2,1554567700771,17405318,227
2019-04-06 23:05:03.645,1.2,buy,5029.32,BTC-28JUN19-5000-P,65.3,0.118,1.2,0,1554591903645,17445104,228
2019-04-07 06:23:23.962,10.0,sell,5119.35,BTC-28JUN19-5000-P,63.94,0.1055,10.0,2,1554618203962,17458370,229
2019-04-07 21:10:57.749,5.0,sell,5152.72,BTC-28JUN19-5000-P,64.11,0.103,5.0,2,1554671457749,17481540,230
2019-04-07 21:11:12.890,5.0,sell,5151.32,BTC-28JUN19-5000-P,63.3,0.1015,5.0,2,1554671472890,17481547,231
2019-04-07 21:11:30.057,5.0,sell,5153.45,BTC-28JUN19-5000-P,63.7,0.102,5.0,0,1554671490057,17481558,232
2019-04-07 21:11:37.438,5.0,sell,5154.07,BTC-28JUN19-5000-P,63.49,0.1015,5.0,2,1554671497438,17481561,233
2019-04-07 21:12:50.821,10.0,sell,5158.2,BTC-28JUN19-5000-P,63.51,0.101,10.0,2,1554671570821,17481587,234
2019-04-07 21:12:54.962,1.0,sell,5158.02,BTC-28JUN19-5000-P,63.52,0.101,1.0,3,1554671574962,17481598,236
2019-04-07 21:12:54.962,4.4,sell,5158.02,BTC-28JUN19-5000-P,63.52,0.101,4.4,3,1554671574962,17481597,235
2019-04-07 21:12:54.962,4.6000000000000005,sell,5158.02,BTC-28JUN19-5000-P,63.24,0.1005,4.6000000000000005,2,1554671574962,17481599,237
2019-04-07 21:13:12.951,6.5,sell,5157.12,BTC-28JUN19-5000-P,63.19,0.1005,6.5,3,1554671592951,17481607,238
2019-04-07 21:13:12.951,1.0,sell,5157.12,BTC-28JUN19-5000-P,62.92,0.1,1.0,2,1554671592951,17481608,239
2019-04-07 21:13:12.951,2.5,sell,5157.12,BTC-28JUN19-5000-P,40.94,0.06,2.5,2,1554671592951,17481609,240
2019-04-08 05:07:44.862,0.4,buy,5308.39,BTC-28JUN19-5000-P,69.82,0.0975,0.4,0,1554700064862,17513579,241
2019-04-08 05:51:16.456,1.8,sell,5276.35,BTC-28JUN19-5000-P,65.66,0.0925,1.8,2,1554702676456,17514582,242
2019-04-08 11:29:02.669,9.6,buy,5133.36,BTC-28JUN19-5000-P,64.81,0.105,9.6,0,1554722942669,17527317,243
2019-04-08 11:29:04.446,0.4,buy,5133.75,BTC-28JUN19-5000-P,64.75,0.105,0.4,1,1554722944446,17527327,244
2019-04-10 02:32:07.039,5.0,sell,5234.03,BTC-28JUN19-5000-P,63.2,0.092,5.0,2,1554863527039,17590795,245
2019-04-10 02:32:18.162,5.0,sell,5234.08,BTC-28JUN19-5000-P,62.92,0.0915,5.0,2,1554863538162,17590796,246
2019-04-10 02:32:23.651,5.0,sell,5233.34,BTC-28JUN19-5000-P,62.6,0.091,5.0,2,1554863543651,17590797,247
2019-04-10 02:32:26.941,5.0,buy,5233.56,BTC-28JUN19-5000-P,62.61,0.091,5.0,3,1554863546941,17590798,248
2019-04-10 02:32:30.136,5.0,sell,5233.56,BTC-28JUN19-5000-P,62.34,0.0905,5.0,2,1554863550136,17590799,249
2019-04-10 02:32:36.353,5.0,sell,5233.57,BTC-28JUN19-5000-P,62.06,0.09,5.0,2,1554863556353,17590800,250
2019-04-10 02:32:44.105,5.0,sell,5234.01,BTC-28JUN19-5000-P,62.08,0.09,5.0,3,1554863564105,17590801,251
2019-04-10 02:32:49.791,5.0,sell,5234.3,BTC-28JUN19-5000-P,61.81,0.0895,5.0,2,1554863569791,17590802,252
2019-04-10 02:32:54.845,1.0,sell,5233.95,BTC-28JUN19-5000-P,61.81,0.0895,1.0,3,1554863574845,17590803,253
2019-04-10 12:12:39.846,0.3,sell,5255.97,BTC-28JUN19-5000-P,61.23,0.086,0.3,2,1554898359846,17597798,254
2019-04-10 12:32:50.360,0.7000000000000001,sell,5259.39,BTC-28JUN19-5000-P,61.42,0.086,0.7000000000000001,3,1554899570360,17598017,255
2019-04-10 21:24:53.561,5.0,buy,5296.45,BTC-28JUN19-5000-P,63.53,0.087,5.0,0,1554931493561,17643994,256
2019-04-10 21:25:36.932,5.0,buy,5298.94,BTC-28JUN19-5000-P,63.89,0.0875,5.0,0,1554931536932,17644093,257
2019-04-10 21:25:36.932,5.0,buy,5298.94,BTC-28JUN19-5000-P,63.89,0.0875,5.0,1,1554931536932,17644094,258
2019-04-10 21:58:07.951,5.0,buy,5299.01,BTC-28JUN19-5000-P,64.13,0.0875,5.0,1,1554933487951,17647452,259
2019-04-10 23:10:39.193,3.0,buy,5297.83,BTC-28JUN19-5000-P,64.09,0.08800000000000001,3.0,0,1554937839193,17650316,260
2019-04-10 23:22:14.594,3.0,buy,5298.37,BTC-28JUN19-5000-P,64.01,0.08800000000000001,3.0,1,1554938534594,17650472,261
2019-04-10 23:29:28.276,0.3,buy,5303.44,BTC-28JUN19-5000-P,64.16,0.0875,0.3,2,1554938968276,17650684,262
2019-04-11 06:40:19.228,2.5,sell,5217.51,BTC-28JUN19-5000-P,60.53,0.09,2.5,0,1554964819228,17670967,263
2019-04-11 10:12:09.888,0.1,buy,5055.49,BTC-28JUN19-5000-P,63.22,0.11,0.1,0,1554977529888,17687265,264
2019-04-11 13:21:07.209,10.0,buy,5049.63,BTC-28JUN19-5000-P,61.02,0.1075,10.0,2,1554988867209,17700435,265
2019-04-11 14:03:31.895,10.0,buy,5028.75,BTC-28JUN19-5000-P,60.83,0.11,10.0,0,1554991411895,17701631,266
2019-04-11 14:46:19.796,4.0,buy,5041.58,BTC-28JUN19-5000-P,62.67,0.1115,4.0,0,1554993979796,17703430,267
2019-04-11 15:28:47.658,0.5,sell,5060.65,BTC-28JUN19-5000-P,60.03,0.105,0.5,2,1554996527658,17704652,268
2019-04-11 15:53:00.731,0.1,buy,5041.07,BTC-28JUN19-5000-P,62.46,0.1115,0.1,0,1554997980731,17705382,269
2019-04-11 17:03:38.490,0.1,buy,5046.91,BTC-28JUN19-5000-P,64.15,0.1145,0.1,0,1555002218490,17708840,270
2019-04-11 18:33:35.462,4.0,sell,5067.46,BTC-28JUN19-5000-P,59.82,0.1045,4.0,2,1555007615462,17710470,271
2019-04-11 18:42:17.113,4.0,sell,5069.43,BTC-28JUN19-5000-P,58.91,0.1025,4.0,2,1555008137113,17710709,272
2019-04-11 19:03:37.496,5.0,sell,5081.88,BTC-28JUN19-5000-P,58.22,0.1005,5.0,2,1555009417496,17712106,273
2019-04-12 04:19:27.833,0.1,sell,5031.0,BTC-28JUN19-5000-P,65.74,0.117,0.1,0,1555042767833,17737088,274
2019-04-12 08:31:14.729,4.0,sell,5017.76,BTC-28JUN19-5000-P,57.47,0.103,4.0,2,1555057874729,17742267,275
2019-04-12 09:57:27.722,3.0,sell,5029.31,BTC-28JUN19-5000-P,58.93,0.1045,3.0,0,1555063047722,17743660,276
2019-04-12 09:57:58.441,1.0,buy,5027.97,BTC-28JUN19-5000-P,59.27,0.105,1.0,0,1555063078441,17743662,277
2019-04-12 09:59:16.117,1.0,buy,5029.96,BTC-28JUN19-5000-P,59.44,0.105,1.0,1,1555063156117,17743676,278
2019-04-12 09:59:34.052,1.0,buy,5029.96,BTC-28JUN19-5000-P,59.52,0.105,1.0,1,1555063174052,17743677,279
2019-04-12 10:00:23.185,0.3,buy,5032.16,BTC-28JUN19-5000-P,59.58,0.105,0.3,1,1555063223185,17743687,280
2019-04-12 11:22:54.343,0.8,buy,5081.89,BTC-28JUN19-5000-P,61.74,0.1045,0.8,2,1555068174343,17746892,281
2019-04-12 12:05:30.739,0.8,buy,5083.95,BTC-28JUN19-5000-P,61.9,0.105,0.8,0,1555070730739,17747697,282
2019-04-12 12:31:04.725,7.2,sell,5076.09,BTC-28JUN19-5000-P,60.85,0.104,7.2,2,1555072264725,17747960,283
2019-04-12 12:51:58.574,2.8000000000000003,sell,5082.27,BTC-28JUN19-5000-P,61.22,0.104,2.8000000000000003,3,1555073518574,17748431,284
2019-04-12 14:50:52.774,9.2,sell,5078.67,BTC-28JUN19-5000-P,57.25,0.0975,9.2,3,1555080652774,17750449,286
2019-04-12 14:50:52.774,5.8,sell,5078.67,BTC-28JUN19-5000-P,57.25,0.0975,5.8,2,1555080652774,17750448,285
2019-04-12 15:42:14.393,0.2,buy,5071.21,BTC-28JUN19-5000-P,59.83,0.1025,0.2,0,1555083734393,17751509,287
2019-04-12 15:42:43.098,0.2,buy,5071.6,BTC-28JUN19-5000-P,59.86,0.1025,0.2,1,1555083763098,17751511,288
2019-04-12 16:07:33.553,0.1,buy,5077.23,BTC-28JUN19-5000-P,59.78,0.102,0.1,2,1555085253553,17751893,289
2019-04-12 16:43:51.364,0.3,buy,5081.6,BTC-28JUN19-5000-P,59.84,0.1015,0.3,2,1555087431364,17752245,290
2019-04-12 16:46:57.136,10.0,sell,5082.19,BTC-28JUN19-5000-P,59.07,0.1,10.0,2,1555087617136,17752258,291
2019-04-13 07:16:30.232,1.0,sell,5115.86,BTC-28JUN19-5000-P,59.91,0.0995,1.0,2,1555139790232,17767739,292
2019-04-13 13:35:10.136,1.0,sell,5076.02,BTC-28JUN19-5000-P,57.34,0.0995,1.0,3,1555162510136,17778393,293
2019-04-13 19:57:48.949,1.0,buy,5077.55,BTC-28JUN19-5000-P,57.27,0.0995,1.0,3,1555185468949,17783772,294
2019-04-14 22:13:35.005,1.1,sell,5148.7,BTC-28JUN19-5000-P,59.71,0.095,1.1,2,1555280015005,17804165,295
2019-04-14 22:13:35.005,0.1,sell,5148.7,BTC-28JUN19-5000-P,59.71,0.095,0.1,3,1555280015005,17804166,296
2019-04-15 04:40:40.827,2.5,buy,5172.05,BTC-28JUN19-5000-P,60.23,0.09300000000000001,2.5,2,1555303240827,17813121,297
2019-04-15 17:49:03.720,5.0,buy,5057.95,BTC-28JUN19-5000-P,60.46,0.1045,5.0,0,1555350543720,17831227,298
2019-04-15 17:49:21.869,2.5,buy,5059.58,BTC-28JUN19-5000-P,60.61,0.1045,2.5,1,1555350561869,17831231,299
2019-04-16 09:54:20.296,0.2,buy,5083.97,BTC-28JUN19-5000-P,59.14,0.097,0.2,2,1555408460296,17855297,300
2019-04-16 10:14:50.858,0.1,buy,5071.0,BTC-28JUN19-5000-P,59.03,0.0985,0.1,0,1555409690858,17855542,301
2019-04-16 11:47:31.680,5.0,sell,5068.78,BTC-28JUN19-5000-P,56.67,0.0945,5.0,2,1555415251680,17856457,302
2019-04-16 11:49:42.221,5.0,buy,5068.08,BTC-28JUN19-5000-P,56.67,0.0945,5.0,3,1555415382221,17856467,303
2019-04-16 12:26:58.071,2.0,buy,5067.51,BTC-28JUN19-5000-P,57.02,0.095,2.0,0,1555417618071,17856849,304
2019-04-16 13:30:18.418,5.0,sell,5048.88,BTC-28JUN19-5000-P,57.17,0.097,5.0,0,1555421418418,17858401,305
2019-04-16 17:31:49.696,4.6000000000000005,sell,5223.73,BTC-28JUN19-5000-P,57.99,0.0805,4.6000000000000005,2,1555435909696,17870311,306
2019-04-17 14:21:28.014,1.0,buy,5195.16,BTC-28JUN19-5000-P,56.95,0.0805,1.0,3,1555510888014,17903110,307
2019-04-17 15:09:59.874,0.1,sell,5215.31,BTC-28JUN19-5000-P,56.76,0.0785,0.1,2,1555513799874,17903679,308
2019-04-17 23:39:22.769,0.1,sell,5220.14,BTC-28JUN19-5000-P,55.31,0.0755,0.1,2,1555544362769,17910563,309
2019-04-18 01:23:37.990,0.1,sell,5246.22,BTC-28JUN19-5000-P,56.5,0.075,0.1,2,1555550617990,17911613,310
2019-04-18 06:51:49.192,0.9,buy,5269.55,BTC-28JUN19-5000-P,56.75,0.07400000000000001,0.9,2,1555570309192,17918803,311
2019-04-18 07:55:09.292,0.6,sell,5264.73,BTC-28JUN19-5000-P,54.79,0.071,0.6,2,1555574109292,17919194,312
2019-04-18 15:51:46.519,2.5,sell,5275.15,BTC-28JUN19-5000-P,54.89,0.07,2.5,2,1555602706519,17925302,313
2019-04-18 17:40:40.753,4.0,sell,5290.78,BTC-28JUN19-5000-P,55.97,0.0705,4.0,0,1555609240753,17929598,314
2019-04-18 19:51:37.212,3.0,sell,5299.42,BTC-28JUN19-5000-P,57.01,0.0715,3.0,0,1555617097212,17932031,315
2019-04-18 20:37:42.758,3.0,sell,5309.0,BTC-28JUN19-5000-P,54.81,0.067,3.0,2,1555619862758,17934336,316
2019-04-19 15:24:10.503,5.0,sell,5277.55,BTC-28JUN19-5000-P,54.91,0.0695,5.0,0,1555687450503,17953439,317
2019-04-19 15:55:51.373,9.6,sell,5283.15,BTC-28JUN19-5000-P,54.11,0.0675,9.6,3,1555689351373,17954401,319
2019-04-19 15:55:51.373,4.4,sell,5283.15,BTC-28JUN19-5000-P,54.11,0.0675,4.4,2,1555689351373,17954400,318
2019-04-19 18:42:52.848,5.0,sell,5297.56,BTC-28JUN19-5000-P,54.28,0.0665,5.0,2,1555699372848,17964461,320
2019-04-19 19:07:20.448,4.0,sell,5289.34,BTC-28JUN19-5000-P,54.29,0.067,4.0,0,1555700840448,17965202,321
2019-04-19 19:07:53.394,0.5,buy,5289.76,BTC-28JUN19-5000-P,54.27,0.067,0.5,1,1555700873394,17965203,322
2019-04-20 01:00:37.541,0.1,sell,5288.08,BTC-28JUN19-5000-P,53.96,0.067,0.1,1,1555722037541,17971398,323
2019-04-20 01:03:25.547,0.1,sell,5288.96,BTC-28JUN19-5000-P,53.96,0.067,0.1,1,1555722205547,17971410,324
2019-04-20 05:25:21.212,1.0,sell,5316.72,BTC-28JUN19-5000-P,53.86,0.064,1.0,2,1555737921212,17976248,325
2019-04-21 02:45:45.810,0.1,sell,5334.76,BTC-28JUN19-5000-P,53.87,0.0625,0.1,2,1555814745810,17997850,326
2019-04-21 21:28:48.101,3.0,sell,5265.61,BTC-28JUN19-5000-P,53.58,0.0675,3.0,0,1555882128101,18023407,327
2019-04-21 21:34:03.014,4.0,sell,5272.54,BTC-28JUN19-5000-P,53.08,0.066,4.0,2,1555882443014,18023512,329
2019-04-21 21:34:03.014,5.0,sell,5272.54,BTC-28JUN19-5000-P,53.39,0.0665,5.0,2,1555882443014,18023511,328
2019-04-21 21:34:33.222,1.0,sell,5272.14,BTC-28JUN19-5000-P,52.81,0.0655,1.0,2,1555882473222,18023523,330
2019-04-22 01:49:20.298,9.6,buy,5271.39,BTC-28JUN19-5000-P,55.18,0.0695,9.6,0,1555897760298,18028944,331
2019-04-22 02:58:35.419,1.3,buy,5262.5,BTC-28JUN19-5000-P,55.49,0.0705,1.3,0,1555901915419,18030095,332
2019-04-22 03:06:00.238,5.0,buy,5270.24,BTC-28JUN19-5000-P,55.51,0.07,5.0,2,1555902360238,18030170,333
2019-04-22 03:54:17.167,7.0,buy,5259.82,BTC-28JUN19-5000-P,55.8,0.0715,7.0,0,1555905257167,18030941,334
2019-04-22 17:55:37.599,3.5,sell,5359.2,BTC-28JUN19-5000-P,56.01,0.0625,3.5,2,1555955737599,18055740,335
2019-04-22 20:44:30.573,0.1,buy,5399.7,BTC-28JUN19-5000-P,57.06,0.061,0.1,2,1555965870573,18067739,336
2019-04-22 20:45:05.819,9.6,sell,5400.99,BTC-28JUN19-5000-P,57.1,0.061,9.6,3,1555965905819,18067759,337
2019-04-22 21:06:16.095,1.7,sell,5366.31,BTC-28JUN19-5000-P,55.64,0.061,1.7,3,1555967176095,18069075,339
2019-04-22 21:06:16.095,0.3,sell,5366.31,BTC-28JUN19-5000-P,55.64,0.061,0.3,3,1555967176095,18069074,338
2019-04-22 21:44:32.328,1.0,sell,5391.4,BTC-28JUN19-5000-P,55.39,0.059000000000000004,1.0,2,1555969472328,18069852,340
2019-04-23 08:31:40.115,0.1,sell,5570.66,BTC-28JUN19-5000-P,58.72,0.052000000000000005,0.1,2,1556008300115,18102672,341
2019-04-23 10:26:43.308,0.1,sell,5548.99,BTC-28JUN19-5000-P,58.09,0.052000000000000005,0.1,3,1556015203308,18105883,342
2019-04-23 10:50:22.275,0.8,sell,5552.22,BTC-28JUN19-5000-P,58.11,0.052000000000000005,0.8,3,1556016622275,18106305,343
2019-04-23 15:48:01.107,0.2,buy,5561.51,BTC-28JUN19-5000-P,59.38,0.0535,0.2,0,1556034481107,18114427,346
2019-04-23 15:48:01.107,0.1,buy,5561.51,BTC-28JUN19-5000-P,58.35,0.052000000000000005,0.1,3,1556034481107,18114426,345
2019-04-23 15:48:01.107,1.7,buy,5561.51,BTC-28JUN19-5000-P,58.35,0.052000000000000005,1.7,3,1556034481107,18114425,344
2019-04-23 15:48:32.154,5.0,buy,5562.31,BTC-28JUN19-5000-P,59.4,0.0535,5.0,1,1556034512154,18114438,347
2019-04-24 00:02:43.619,9.0,buy,5542.43,BTC-28JUN19-5000-P,59.7,0.055,9.0,0,1556064163619,18132995,348
2019-04-24 00:08:52.724,4.8,buy,5555.16,BTC-28JUN19-5000-P,60.31,0.055,4.8,1,1556064532724,18133267,350
2019-04-24 00:08:52.724,0.2,buy,5555.16,BTC-28JUN19-5000-P,60.31,0.055,0.2,1,1556064532724,18133266,349
2019-04-24 06:09:36.974,0.1,sell,5613.68,BTC-28JUN19-5000-P,59.1,0.05,0.1,2,1556086176974,18147035,351
2019-04-24 07:51:17.659,0.1,buy,5474.73,BTC-28JUN19-5000-P,57.54,0.0565,0.1,0,1556092277659,18156350,352
2019-04-24 11:02:52.129,0.1,sell,5431.59,BTC-28JUN19-5000-P,57.65,0.06,0.1,0,1556103772129,18171756,353
2019-04-25 21:50:25.043,5.0,buy,5410.6,BTC-28JUN19-5000-P,55.74,0.0585,5.0,2,1556229025043,18235799,354
2019-04-25 21:50:32.975,4.4,sell,5410.65,BTC-28JUN19-5000-P,56.08,0.059000000000000004,4.4,0,1556229032975,18235859,355
2019-04-25 21:56:40.348,0.6,buy,5402.53,BTC-28JUN19-5000-P,55.71,0.059000000000000004,0.6,1,1556229400348,18236639,356
2019-04-25 21:59:47.082,5.0,buy,5389.43,BTC-28JUN19-5000-P,55.82,0.06,5.0,0,1556229587082,18237658,357
2019-04-25 22:03:45.623,5.0,buy,5280.37,BTC-28JUN19-5000-P,58.99,0.0735,5.0,0,1556229825623,18242362,358
2019-04-25 22:05:13.738,5.0,buy,5152.57,BTC-28JUN19-5000-P,51.69,0.078,5.0,0,1556229913738,18246348,359
2019-04-25 22:05:19.482,9.4,buy,5153.37,BTC-28JUN19-5000-P,51.99,0.078,9.4,1,1556229919482,18246531,360
2019-04-25 23:30:08.480,1.0,sell,5152.33,BTC-28JUN19-5000-P,57.05,0.0835,1.0,0,1556235008480,18284849,361
2019-04-26 02:39:11.157,0.1,sell,5261.98,BTC-28JUN19-5000-P,58.81,0.075,0.1,2,1556246351157,18300409,362
2019-04-26 07:08:01.073,1.0,sell,5165.34,BTC-28JUN19-5000-P,57.38,0.0805,1.0,0,1556262481073,18317234,363
2019-04-26 07:36:44.201,0.2,buy,5154.02,BTC-28JUN19-5000-P,58.4,0.083,0.2,0,1556264204201,18318020,364
2019-04-26 11:04:40.998,1.0,buy,5152.46,BTC-28JUN19-5000-P,60.76,0.08800000000000001,1.0,0,1556276680998,18323873,365
2019-04-26 13:57:46.512,0.1,buy,5163.9,BTC-28JUN19-5000-P,60.06,0.0865,0.1,2,1556287066512,18330284,366
2019-04-26 18:42:14.236,0.2,sell,5080.49,BTC-28JUN19-5000-P,58.04,0.0905,0.2,0,1556304134236,18343945,367
2019-04-26 21:22:53.641,4.6000000000000005,sell,5102.2,BTC-28JUN19-5000-P,57.23,0.0865,4.6000000000000005,2,1556313773641,18348965,368
2019-04-26 21:22:53.646,0.4,buy,5102.2,BTC-28JUN19-5000-P,57.23,0.0865,0.4,3,1556313773646,18348966,369
2019-04-27 10:21:06.467,2.0,buy,5153.27,BTC-28JUN19-5000-P,58.45,0.0845,2.0,2,1556360466467,18362350,370
2019-04-27 10:22:09.936,0.1,buy,5151.63,BTC-28JUN19-5000-P,58.47,0.0845,0.1,3,1556360529936,18362353,371
2019-04-28 17:29:18.399,1.0,sell,5184.87,BTC-28JUN19-5000-P,57.54,0.08,1.0,2,1556472558399,18391842,372
2019-04-28 17:29:18.399,5.8,sell,5184.87,BTC-28JUN19-5000-P,56.27,0.078,5.8,2,1556472558399,18391843,373
2019-04-28 17:29:18.399,1.2,sell,5184.87,BTC-28JUN19-5000-P,55.96,0.0775,1.2,2,1556472558399,18391844,374
2019-04-29 11:19:27.412,0.1,buy,5148.86,BTC-28JUN19-5000-P,58.69,0.085,0.1,0,1556536767412,18416427,375
2019-04-29 13:00:53.678,0.9,sell,5128.1,BTC-28JUN19-5000-P,58.4,0.0865,0.9,0,1556542853678,18420730,376
2019-04-29 14:00:44.369,5.0,sell,5142.45,BTC-28JUN19-5000-P,56.61,0.0825,5.0,2,1556546444369,18426398,377
2019-04-29 14:11:47.084,1.0,sell,5151.18,BTC-28JUN19-5000-P,56.55,0.081,1.0,2,1556547107084,18427611,378
2019-04-29 14:13:26.412,12.0,sell,5150.72,BTC-28JUN19-5000-P,56.45,0.081,12.0,3,1556547206412,18427666,379
2019-04-29 14:13:26.414,5.0,buy,5150.72,BTC-28JUN19-5000-P,56.45,0.081,5.0,3,1556547206414,18427667,380
2019-04-29 14:15:53.438,5.0,sell,5154.2,BTC-28JUN19-5000-P,56.23,0.0805,5.0,2,1556547353438,18427698,381
2019-04-29 14:16:42.088,0.6,sell,5154.1,BTC-28JUN19-5000-P,55.85,0.08,0.6,2,1556547402088,18427704,382
2019-04-29 14:53:21.560,5.0,sell,5159.62,BTC-28JUN19-5000-P,57.48,0.08199999999999999,5.0,0,1556549601560,18428362,383
2019-04-29 15:09:56.492,0.6,sell,5158.12,BTC-28JUN19-5000-P,57.32,0.08199999999999999,0.6,1,1556550596492,18428585,384
2019-04-29 15:12:52.279,3.0,sell,5149.24,BTC-28JUN19-5000-P,57.12,0.0825,3.0,0,1556550772279,18428781,385
2019-04-29 15:14:54.824,2.0,sell,5149.25,BTC-28JUN19-5000-P,56.81,0.08199999999999999,2.0,2,1556550894824,18428800,386
2019-04-29 22:39:08.447,5.0,buy,5130.08,BTC-28JUN19-5000-P,58.88,0.0865,5.0,0,1556577548447,18441015,387
2019-04-30 13:27:21.211,0.4,buy,5239.95,BTC-28JUN19-5000-P,59.88,0.0775,0.4,2,1556630841211,18469701,388
2019-04-30 14:42:11.230,5.0,sell,5256.44,BTC-28JUN19-5000-P,55.67,0.07,5.0,2,1556635331230,18475411,389
2019-04-30 14:42:11.230,5.0,sell,5256.44,BTC-28JUN19-5000-P,55.67,0.07,5.0,3,1556635331230,18475412,390
2019-04-30 14:42:11.230,6.0,sell,5256.44,BTC-28JUN19-5000-P,55.67,0.07,6.0,3,1556635331230,18475413,391
2019-04-30 14:42:29.723,16.0,sell,5254.55,BTC-28JUN19-5000-P,55.55,0.07,16.0,3,1556635349723,18475435,392
2019-05-01 02:09:11.203,0.2,sell,5313.26,BTC-28JUN19-5000-P,58.5,0.069,0.2,2,1556676551203,18493954,393
2019-05-01 02:11:05.804,3.0,sell,5320.51,BTC-28JUN19-5000-P,56.1,0.065,3.0,2,1556676665804,18494119,394
2019-05-01 12:12:09.896,1.0,buy,5303.22,BTC-28JUN19-5000-P,57.87,0.0695,1.0,0,1556712729896,18505384,395
2019-05-01 12:52:40.016,10.0,sell,5291.16,BTC-28JUN19-5000-P,57.73,0.07,10.0,0,1556715160016,18507588,396
2019-05-01 13:53:50.411,0.3,buy,5285.84,BTC-28JUN19-5000-P,58.67,0.0715,0.3,0,1556718830411,18508464,397
2019-05-02 04:49:41.688,5.0,sell,5315.71,BTC-28JUN19-5000-P,55.66,0.065,5.0,2,1556772581688,18532395,398
2019-05-02 04:49:41.688,2.0,sell,5315.71,BTC-28JUN19-5000-P,55.66,0.065,2.0,3,1556772581688,18532396,399
2019-05-02 07:17:58.755,0.5,sell,5350.84,BTC-28JUN19-5000-P,57.76,0.065,0.5,3,1556781478755,18535029,400
2019-05-02 11:51:23.716,0.5,buy,5368.01,BTC-28JUN19-5000-P,58.21,0.064,0.5,2,1556797883716,18546781,401
2019-05-02 13:21:10.121,11.0,buy,5351.2,BTC-28JUN19-5000-P,58.35,0.0655,11.0,0,1556803270121,18550730,402
2019-05-02 16:55:04.140,1.0,sell,5381.91,BTC-28JUN19-5000-P,55.82,0.0595,1.0,2,1556816104140,18563721,403
2019-05-03 03:12:57.534,0.1,buy,5458.7,BTC-28JUN19-5000-P,58.61,0.0565,0.1,2,1556853177534,18592616,404
2019-05-03 05:50:21.403,2.5,sell,5493.02,BTC-28JUN19-5000-P,56.09,0.05,2.5,2,1556862621403,18599013,405
2019-05-03 07:46:41.305,0.1,sell,5594.52,BTC-28JUN19-5000-P,59.79,0.048,0.1,2,1556869601305,18614538,406
2019-05-03 07:58:07.924,0.1,sell,5579.67,BTC-28JUN19-5000-P,57.13,0.045,0.1,2,1556870287924,18616563,407
2019-05-03 07:59:19.942,1.0,buy,5581.82,BTC-28JUN19-5000-P,60.11,0.049,1.0,0,1556870359942,18616675,408
2019-05-03 09:07:25.812,0.1,buy,5669.02,BTC-28JUN19-5000-P,61.71,0.045,0.1,2,1556874445812,18638504,409
2019-05-03 09:17:09.115,5.0,sell,5688.05,BTC-28JUN19-5000-P,58.34,0.0395,5.0,2,1556875029115,18640860,410
2019-05-03 09:17:28.574,0.9,sell,5685.39,BTC-28JUN19-5000-P,58.15,0.0395,0.9,3,1556875048574,18640908,411
2019-05-03 09:49:48.062,1.0,buy,5752.74,BTC-28JUN19-5000-P,60.37,0.039,1.0,2,1556876988062,18651799,412
2019-05-03 10:01:53.412,5.0,buy,5762.48,BTC-28JUN19-5000-P,60.64,0.039,5.0,3,1556877713412,18655384,413
2019-05-03 10:10:18.381,7.0,buy,5704.17,BTC-28JUN19-5000-P,60.26,0.0415,7.0,0,1556878218381,18659133,414
2019-05-03 10:20:19.551,3.0,sell,5729.95,BTC-28JUN19-5000-P,60.87,0.040999999999999995,3.0,2,1556878819551,18660452,415
2019-05-03 10:28:22.842,0.1,buy,5726.27,BTC-28JUN19-5000-P,60.78,0.040999999999999995,0.1,3,1556879302842,18661853,416
2019-05-03 12:44:15.950,10.0,sell,5728.0,BTC-28JUN19-5000-P,59.88,0.0395,10.0,2,1556887455950,18675815,417
2019-05-03 13:01:45.551,7.0,buy,5714.73,BTC-28JUN19-5000-P,59.77,0.04,7.0,0,1556888505551,18676924,418
2019-05-03 18:26:45.002,1.0,sell,5658.26,BTC-28JUN19-5000-P,58.59,0.040999999999999995,1.0,0,1556908005002,18701929,419
2019-05-04 01:46:18.627,0.1,sell,5774.99,BTC-28JUN19-5000-P,61.39,0.038,0.1,2,1556934378627,18731804,420
2019-05-04 03:22:49.925,4.9,sell,5762.49,BTC-28JUN19-5000-P,58.3,0.035,4.9,3,1556940169925,18741141,423
2019-05-04 03:22:49.925,5.0,sell,5762.49,BTC-28JUN19-5000-P,58.72,0.0355,5.0,2,1556940169925,18741139,421
2019-05-04 03:22:49.925,0.1,sell,5762.49,BTC-28JUN19-5000-P,58.3,0.035,0.1,2,1556940169925,18741140,422
2019-05-04 22:45:24.706,5.0,sell,5809.37,BTC-28JUN19-5000-P,59.08,0.0335,5.0,2,1557009924706,18827457,424
2019-05-04 22:45:41.458,5.0,sell,5809.71,BTC-28JUN19-5000-P,58.26,0.0325,5.0,2,1557009941458,18827477,425
2019-05-05 19:23:31.637,3.0,buy,5705.34,BTC-28JUN19-5000-P,59.28,0.038,3.0,0,1557084211637,18894943,426
2019-05-05 19:44:09.213,3.0,buy,5704.39,BTC-28JUN19-5000-P,60.56,0.0395,3.0,0,1557085449213,18895138,427
2019-05-05 19:44:26.527,0.2,buy,5704.06,BTC-28JUN19-5000-P,60.46,0.0395,0.2,1,1557085466527,18895162,428
2019-05-05 19:44:38.984,1.8,buy,5703.86,BTC-28JUN19-5000-P,60.42,0.0395,1.8,1,1557085478984,18895163,429
2019-05-06 02:11:25.055,1.6,sell,5612.67,BTC-28JUN19-5000-P,62.5,0.047,1.6,0,1557108685055,18927298,430
2019-05-06 18:45:06.319,0.3,sell,5736.49,BTC-28JUN19-5000-P,63.22,0.04,0.3,2,1557168306319,18970445,431
2019-05-06 22:56:48.531,4.0,buy,5705.41,BTC-28JUN19-5000-P,62.37,0.0405,4.0,0,1557183408531,18985809,432
2019-05-07 01:11:25.717,0.1,sell,5777.64,BTC-28JUN19-5000-P,63.02,0.0375,0.1,2,1557191485717,18993152,433
2019-05-07 01:12:31.772,7.6,buy,5776.01,BTC-28JUN19-5000-P,63.08,0.0375,7.6,3,1557191551772,18993385,434
2019-05-07 02:26:02.671,0.1,sell,5812.28,BTC-28JUN19-5000-P,63.5,0.0365,0.1,2,1557195962671,18997679,435
2019-05-07 02:33:22.541,0.1,sell,5850.92,BTC-28JUN19-5000-P,64.16,0.0355,0.1,2,1557196402541,19000309,436
2019-05-07 02:41:20.213,1.0,buy,5827.53,BTC-28JUN19-5000-P,64.74,0.037000000000000005,1.0,0,1557196880213,19004030,437
2019-05-07 02:54:59.856,0.2,sell,5863.05,BTC-28JUN19-5000-P,64.31,0.035,0.2,2,1557197699856,19006616,438
2019-05-07 02:55:48.138,0.1,sell,5875.3,BTC-28JUN19-5000-P,64.31,0.0345,0.1,2,1557197748138,19006758,439
2019-05-07 02:55:50.337,0.1,sell,5879.25,BTC-28JUN19-5000-P,63.66,0.0335,0.1,2,1557197750337,19006772,440
2019-05-07 03:02:00.919,0.1,sell,5959.6,BTC-28JUN19-5000-P,65.75,0.0325,0.1,2,1557198120919,19011525,441
2019-05-07 04:24:46.325,10.0,buy,5867.24,BTC-28JUN19-5000-P,65.01,0.0355,10.0,0,1557203086325,19024177,442
2019-05-07 09:06:03.676,0.1,buy,5867.93,BTC-28JUN19-5000-P,65.17,0.0355,0.1,1,1557219963676,19034389,443
2019-05-07 09:37:11.917,0.1,sell,5900.79,BTC-28JUN19-5000-P,64.7,0.0335,0.1,2,1557221831917,19035877,444
2019-05-07 09:48:27.140,0.4,sell,5920.63,BTC-28JUN19-5000-P,64.89,0.033,0.4,2,1557222507140,19036515,445
2019-05-07 09:48:58.228,0.1,sell,5920.06,BTC-28JUN19-5000-P,64.34,0.0325,0.1,2,1557222538228,19036558,446
2019-05-07 12:10:10.108,1.0,sell,5899.97,BTC-28JUN19-5000-P,64.33,0.033,1.0,0,1557231010108,19039752,447
2019-05-07 12:19:29.845,1.0,sell,5905.31,BTC-28JUN19-5000-P,64.58,0.033,1.0,1,1557231569845,19040007,448
2019-05-07 13:00:13.045,6.2,buy,5911.15,BTC-28JUN19-5000-P,65.08,0.0335,6.2,0,1557234013045,19041021,449
2019-05-07 13:27:00.901,10.0,sell,5894.7,BTC-28JUN19-5000-P,64.62,0.0335,10.0,1,1557235620901,19042708,450
2019-05-07 13:39:25.232,10.0,buy,5906.91,BTC-28JUN19-5000-P,64.18,0.0325,10.0,2,1557236365232,19042991,451
2019-05-07 14:04:31.031,2.0,buy,5907.65,BTC-28JUN19-5000-P,64.64,0.033,2.0,0,1557237871031,19047225,452
2019-05-07 14:39:01.541,10.0,buy,5844.0,BTC-28JUN19-5000-P,65.41,0.037000000000000005,10.0,0,1557239941541,19061330,453
2019-05-07 14:54:19.161,1.0,buy,5834.28,BTC-28JUN19-5000-P,64.09,0.036000000000000004,1.0,2,1557240859161,19062259,454
2019-05-07 16:44:46.172,2.0,buy,5889.85,BTC-28JUN19-5000-P,65.39,0.035,2.0,2,1557247486172,19067218,455
2019-05-07 16:47:01.117,1.0,buy,5883.74,BTC-28JUN19-5000-P,65.13,0.035,1.0,3,1557247621117,19067300,456
2019-05-07 20:25:30.544,10.0,sell,5847.5,BTC-28JUN19-5000-P,63.31,0.0345,10.0,2,1557260730544,19079514,457
2019-05-07 20:28:29.061,10.0,buy,5851.13,BTC-28JUN19-5000-P,63.44,0.0345,10.0,3,1557260909061,19079622,458
2019-05-07 21:56:28.272,5.9,buy,5884.72,BTC-28JUN19-5000-P,64.22,0.0335,5.9,2,1557266188272,19082207,459
2019-05-07 22:32:59.806,10.0,buy,5877.12,BTC-28JUN19-5000-P,64.47,0.034,10.0,0,1557268379806,19083552,460
2019-05-07 22:34:32.293,2.0,buy,5874.64,BTC-28JUN19-5000-P,64.41,0.034,2.0,1,1557268472293,19083582,461
2019-05-07 23:52:23.110,0.1,buy,5737.21,BTC-28JUN19-5000-P,62.77,0.0395,0.1,0,1557273143110,19095712,462
2019-05-08 01:06:05.820,0.1,sell,5785.56,BTC-28JUN19-5000-P,63.66,0.039,0.1,2,1557277565820,19120648,463
2019-05-08 01:12:55.123,0.9,buy,5793.86,BTC-28JUN19-5000-P,65.38,0.0405,0.9,0,1557277975123,19121658,464
2019-05-08 03:11:50.437,0.1,buy,5775.43,BTC-28JUN19-5000-P,63.96,0.0395,0.1,2,1557285110437,19127731,465
2019-05-08 07:02:47.079,10.0,sell,5832.98,BTC-28JUN19-5000-P,63.96,0.0365,10.0,2,1557298967079,19133881,466
2019-05-08 07:02:48.505,10.0,buy,5833.91,BTC-28JUN19-5000-P,63.99,0.0365,10.0,3,1557298968505,19133882,467
2019-05-08 07:20:31.600,10.0,buy,5831.97,BTC-28JUN19-5000-P,63.9,0.0365,10.0,3,1557300031600,19134206,468
2019-05-08 07:34:39.131,10.0,sell,5825.0,BTC-28JUN19-5000-P,63.53,0.0365,10.0,3,1557300879131,19134863,469
2019-05-08 14:47:17.806,0.7000000000000001,sell,5858.01,BTC-28JUN19-5000-P,62.04,0.0335,0.7000000000000001,3,1557326837806,19150785,473
2019-05-08 14:47:17.806,0.1,sell,5858.01,BTC-28JUN19-5000-P,62.04,0.0335,0.1,2,1557326837806,19150784,472
2019-05-08 14:47:17.806,0.1,sell,5858.01,BTC-28JUN19-5000-P,62.93,0.0345,0.1,2,1557326837806,19150782,470
2019-05-08 14:47:17.806,0.1,sell,5858.01,BTC-28JUN19-5000-P,62.49,0.034,0.1,2,1557326837806,19150783,471
2019-05-08 14:49:38.633,5.0,sell,5860.21,BTC-28JUN19-5000-P,62.27,0.0335,5.0,3,1557326978633,19150879,474
2019-05-08 15:35:54.883,0.1,sell,5895.82,BTC-28JUN19-5000-P,63.19,0.033,0.1,2,1557329754883,19154285,475
2019-05-08 15:35:54.883,0.1,sell,5895.82,BTC-28JUN19-5000-P,62.74,0.0325,0.1,2,1557329754883,19154286,476
2019-05-08 15:35:54.883,0.7000000000000001,sell,5895.82,BTC-28JUN19-5000-P,62.28,0.032,0.7000000000000001,3,1557329754883,19154288,478
2019-05-08 15:35:54.883,0.1,sell,5895.82,BTC-28JUN19-5000-P,62.28,0.032,0.1,2,1557329754883,19154287,477
2019-05-08 15:40:48.427,2.0,buy,5884.16,BTC-28JUN19-5000-P,63.7,0.034,2.0,0,1557330048427,19154582,479
2019-05-08 18:58:47.000,10.0,buy,5884.03,BTC-28JUN19-5000-P,63.59,0.034,10.0,1,1557341927000,19164923,480
2019-05-08 19:35:00.766,0.1,sell,5901.15,BTC-28JUN19-5000-P,61.77,0.0315,0.1,2,1557344100766,19166503,481
2019-05-08 19:35:00.768,0.9,buy,5901.15,BTC-28JUN19-5000-P,61.77,0.0315,0.9,3,1557344100768,19166504,482
2019-05-08 23:25:23.168,0.1,sell,5983.48,BTC-28JUN19-5000-P,64.75,0.031,0.1,2,1557357923168,19180327,483
2019-05-09 02:39:41.182,0.1,sell,6051.67,BTC-28JUN19-5000-P,64.86,0.0285,0.1,2,1557369581182,19216550,484
2019-05-09 07:43:27.843,1.0,buy,6054.48,BTC-28JUN19-5000-P,66.53,0.03,1.0,0,1557387807843,19226992,485
2019-05-09 11:35:21.372,0.1,buy,6034.4,BTC-28JUN19-5000-P,68.53,0.033,0.1,0,1557401721372,19236359,486
2019-05-09 12:10:02.727,5.0,sell,6021.75,BTC-28JUN19-5000-P,64.62,0.0295,5.0,2,1557403802727,19238185,487
2019-05-09 12:11:00.318,5.0,sell,6022.01,BTC-28JUN19-5000-P,64.56,0.0295,5.0,3,1557403860318,19238195,488
2019-05-09 12:11:22.920,5.0,sell,6026.51,BTC-28JUN19-5000-P,64.31,0.028999999999999998,5.0,2,1557403882920,19238260,489
2019-05-09 12:11:41.604,5.0,sell,6026.34,BTC-28JUN19-5000-P,64.36,0.028999999999999998,5.0,3,1557403901604,19238350,490
2019-05-09 12:18:43.747,5.0,buy,6021.75,BTC-28JUN19-5000-P,64.67,0.0295,5.0,0,1557404323747,19238944,491
2019-05-09 14:01:57.178,10.0,buy,5998.91,BTC-28JUN19-5000-P,65.79,0.0315,10.0,0,1557410517178,19249010,492
2019-05-09 14:24:15.495,5.7,buy,6013.96,BTC-28JUN19-5000-P,65.94,0.031,5.7,3,1557411855495,19249448,494
2019-05-09 14:24:15.495,3.0,buy,6013.96,BTC-28JUN19-5000-P,65.94,0.031,3.0,2,1557411855495,19249447,493
2019-05-09 14:24:25.002,1.3,sell,6013.96,BTC-28JUN19-5000-P,65.96,0.031,1.3,3,1557411865002,19249449,495
2019-05-09 14:46:38.840,1.9,sell,5994.96,BTC-28JUN19-5000-P,65.35,0.031,1.9,3,1557413198840,19250034,496
2019-05-09 15:00:30.042,1.0,sell,5998.12,BTC-28JUN19-5000-P,65.41,0.031,1.0,3,1557414030042,19250355,497
2019-05-09 15:17:50.055,3.0,sell,5987.84,BTC-28JUN19-5000-P,65.04,0.031,3.0,3,1557415070055,19250853,498
2019-05-09 15:22:21.235,2.0,sell,5994.39,BTC-28JUN19-5000-P,65.28,0.031,2.0,3,1557415341235,19250974,499
2019-05-09 15:23:08.611,2.1,sell,5999.21,BTC-28JUN19-5000-P,65.43,0.031,2.1,3,1557415388611,19251049,500
2019-05-09 15:24:55.758,10.0,sell,6006.33,BTC-28JUN19-5000-P,65.7,0.031,10.0,3,1557415495758,19251206,501
2019-05-09 15:25:04.482,9.0,sell,6007.25,BTC-28JUN19-5000-P,64.74,0.03,9.0,3,1557415504482,19251212,503
2019-05-09 15:25:04.482,1.0,sell,6007.25,BTC-28JUN19-5000-P,64.74,0.03,1.0,2,1557415504482,19251211,502
2019-05-09 15:25:06.664,1.0,sell,6006.36,BTC-28JUN19-5000-P,64.74,0.03,1.0,3,1557415506664,19251216,504
2019-05-09 19:47:32.864,1.0,sell,6062.2,BTC-28JUN19-5000-P,62.92,0.026000000000000002,1.0,2,1557431252864,19260416,505
2019-05-09 20:00:50.594,1.0,sell,6058.13,BTC-28JUN19-5000-P,63.15,0.0265,1.0,0,1557432050594,19261083,506
2019-05-09 21:27:51.041,1.0,sell,6091.16,BTC-28JUN19-5000-P,63.77,0.026000000000000002,1.0,2,1557437271041,19265032,507
2019-05-09 21:38:06.559,9.0,sell,6135.98,BTC-28JUN19-5000-P,65.6,0.026000000000000002,9.0,3,1557437886559,19268562,508
2019-05-09 22:16:17.515,0.1,sell,6143.27,BTC-28JUN19-5000-P,65.7,0.026000000000000002,0.1,3,1557440177515,19272487,509
2019-05-09 22:43:37.419,0.1,sell,6150.26,BTC-28JUN19-5000-P,64.98,0.025,0.1,2,1557441817419,19274480,510
2019-05-10 02:27:25.886,3.0,sell,6231.31,BTC-28JUN19-5000-P,66.83,0.0245,3.0,2,1557455245886,19293907,511
2019-05-10 02:27:36.763,0.6,sell,6232.24,BTC-28JUN19-5000-P,66.99,0.0245,0.6,3,1557455256763,19294121,512
2019-05-10 02:27:40.510,3.2,sell,6232.16,BTC-28JUN19-5000-P,66.96,0.0245,3.2,3,1557455260510,19294147,513
2019-05-10 02:27:40.799,3.2,sell,6232.16,BTC-28JUN19-5000-P,66.96,0.0245,3.2,3,1557455260799,19294149,514
2019-05-10 02:45:24.619,0.1,sell,6248.29,BTC-28JUN19-5000-P,66.99,0.024,0.1,2,1557456324619,19297744,515
2019-05-10 03:56:24.502,1.0,sell,6284.19,BTC-28JUN19-5000-P,65.35,0.0215,1.0,2,1557460584502,19311054,516
2019-05-10 03:56:43.991,1.0,sell,6284.03,BTC-28JUN19-5000-P,65.32,0.0215,1.0,3,1557460603991,19311056,517
2019-05-10 07:09:53.404,5.0,sell,6280.93,BTC-28JUN19-5000-P,64.9,0.0215,5.0,3,1557472193404,19330490,518
2019-05-10 07:32:47.620,1.0,sell,6305.25,BTC-28JUN19-5000-P,65.79,0.0215,1.0,3,1557473567620,19332460,519
2019-05-10 07:42:26.254,1.0,sell,6327.61,BTC-28JUN19-5000-P,65.31,0.0205,1.0,2,1557474146254,19334458,520
2019-05-10 07:46:26.636,1.0,sell,6330.24,BTC-28JUN19-5000-P,65.42,0.0205,1.0,3,1557474386636,19335288,521
2019-05-10 12:36:37.341,1.6,sell,6274.1,BTC-28JUN19-5000-P,64.67,0.0215,1.6,0,1557491797341,19355892,522
2019-05-10 16:30:17.148,2.5,sell,6345.39,BTC-28JUN19-5000-P,66.78,0.021,2.5,2,1557505817148,19372927,523
2019-05-10 16:41:07.947,2.5,sell,6382.33,BTC-28JUN19-5000-P,67.96,0.021,2.5,3,1557506467947,19374875,524
2019-05-10 17:30:36.314,0.3,buy,6391.43,BTC-28JUN19-5000-P,68.17,0.021,0.3,3,1557509436314,19385406,525
2019-05-10 17:47:17.789,2.0,buy,6387.03,BTC-28JUN19-5000-P,69.12,0.022000000000000002,2.0,0,1557510437789,19386422,526
2019-05-10 20:07:11.966,0.1,buy,6370.66,BTC-28JUN19-5000-P,69.78,0.023,0.1,0,1557518831966,19395653,527
2019-05-10 22:57:39.509,3.0,sell,6382.46,BTC-28JUN19-5000-P,68.36,0.0215,3.0,2,1557529059509,19413734,528
2019-05-10 23:53:55.847,0.1,buy,6342.17,BTC-28JUN19-5000-P,70.75,0.0245,0.1,0,1557532435847,19416178,529
2019-05-11 03:55:03.444,1.0,buy,6554.61,BTC-28JUN19-5000-P,72.39,0.02,1.0,2,1557546903444,19441081,530
2019-05-11 05:08:23.227,1.0,buy,6684.28,BTC-28JUN19-5000-P,73.96,0.018000000000000002,1.0,2,1557551303227,19464087,531
2019-05-11 05:45:31.233,1.0,buy,6719.68,BTC-28JUN19-5000-P,74.36,0.0175,1.0,2,1557553531233,19472033,532
2019-05-11 06:12:01.501,3.2,sell,6859.12,BTC-28JUN19-5000-P,72.12,0.0135,3.2,2,1557555121501,19484029,533
2019-05-11 06:12:02.776,3.0,sell,6860.64,BTC-28JUN19-5000-P,72.21,0.0135,3.0,3,1557555122776,19484080,534
2019-05-11 06:12:03.632,3.1,sell,6859.46,BTC-28JUN19-5000-P,72.22,0.0135,3.1,3,1557555123632,19484093,535
2019-05-11 06:12:03.709,0.1,sell,6859.46,BTC-28JUN19-5000-P,72.22,0.0135,0.1,3,1557555123709,19484095,536
2019-05-11 06:12:07.024,0.3,sell,6864.03,BTC-28JUN19-5000-P,72.35,0.0135,0.3,3,1557555127024,19484255,537
2019-05-11 06:12:13.199,0.3,sell,6868.71,BTC-28JUN19-5000-P,72.45,0.0135,0.3,3,1557555133199,19484503,538
2019-05-11 06:18:23.290,1.0,buy,6845.9,BTC-28JUN19-5000-P,73.66,0.015,1.0,0,1557555503290,19489389,539
2019-05-11 08:02:56.481,0.1,buy,6813.89,BTC-28JUN19-5000-P,74.95,0.016,0.1,0,1557561776481,19530222,540
2019-05-11 11:28:25.070,10.0,sell,6812.78,BTC-28JUN19-5000-P,83.19,0.0215,10.0,0,1557574105070,19556588,541
2019-05-11 13:02:40.264,0.1,buy,6782.33,BTC-28JUN19-5000-P,88.66,0.026000000000000002,0.1,0,1557579760264,19566346,542
2019-05-11 13:20:45.082,0.8,sell,6806.24,BTC-28JUN19-5000-P,80.87,0.0195,0.8,2,1557580845082,19567470,543
2019-05-11 22:22:27.492,0.1,buy,7160.44,BTC-28JUN19-5000-P,86.62,0.016,0.1,2,1557613347492,19663144,544
2019-05-12 02:25:49.077,0.1,buy,7260.09,BTC-28JUN19-5000-P,94.44,0.02,0.1,0,1557627949077,19787511,545
2019-05-12 03:17:36.055,1.0,buy,7165.94,BTC-28JUN19-5000-P,98.82,0.0245,1.0,0,1557631056055,19796129,546
2019-05-12 03:17:36.055,0.4,buy,7165.94,BTC-28JUN19-5000-P,103.6,0.027999999999999997,0.4,0,1557631056055,19796130,547
2019-05-12 03:17:36.055,0.4,buy,7165.94,BTC-28JUN19-5000-P,106.24,0.03,0.4,0,1557631056055,19796131,548
2019-05-12 03:17:36.055,0.2,buy,7165.94,BTC-28JUN19-5000-P,173.38,0.09,0.2,0,1557631056055,19796132,549
2019-05-12 03:18:09.360,0.4,buy,7174.63,BTC-28JUN19-5000-P,106.39,0.03,0.4,2,1557631089360,19796240,550
2019-05-12 03:19:34.090,0.4,buy,7203.11,BTC-28JUN19-5000-P,105.24,0.0285,0.4,2,1557631174090,19796576,551
2019-05-12 03:19:52.686,0.2,buy,7203.55,BTC-28JUN19-5000-P,108.5,0.031,0.2,0,1557631192686,19796613,552
2019-05-12 06:20:06.634,0.1,sell,7336.18,BTC-28JUN19-5000-P,96.91,0.02,0.1,2,1557642006634,19820073,553
2019-05-12 06:20:06.634,0.1,sell,7336.18,BTC-28JUN19-5000-P,95.35,0.019,0.1,2,1557642006634,19820074,554
2019-05-12 07:15:29.334,1.0,sell,7521.48,BTC-28JUN19-5000-P,97.7,0.018000000000000002,1.0,2,1557645329334,19832784,555
2019-05-12 07:15:29.334,0.1,sell,7521.48,BTC-28JUN19-5000-P,97.7,0.018000000000000002,0.1,3,1557645329334,19832785,556
2019-05-12 07:48:59.186,0.1,sell,7515.67,BTC-28JUN19-5000-P,97.89,0.018000000000000002,0.1,3,1557647339186,19840537,557
2019-05-12 07:49:16.524,1.4,sell,7519.75,BTC-28JUN19-5000-P,98.02,0.018000000000000002,1.4,3,1557647356524,19840605,558
2019-05-12 07:54:12.631,0.1,sell,7517.58,BTC-28JUN19-5000-P,96.12,0.017,0.1,2,1557647652631,19841461,559
2019-05-12 07:57:10.735,0.2,buy,7513.99,BTC-28JUN19-5000-P,96.91,0.0175,0.2,0,1557647830735,19841717,560
2019-05-12 07:58:41.375,1.0,buy,7514.09,BTC-28JUN19-5000-P,96.9,0.0175,1.0,1,1557647921375,19841845,561
2019-05-12 08:11:45.560,0.1,buy,7512.72,BTC-28JUN19-5000-P,96.72,0.0175,0.1,1,1557648705560,19845236,562
2019-05-12 08:14:52.575,0.1,sell,7350.05,BTC-28JUN19-5000-P,86.04,0.0135,0.1,2,1557648892575,19852447,563
2019-05-12 08:40:54.785,2.0,sell,7351.25,BTC-28JUN19-5000-P,96.67,0.02,2.0,0,1557650454785,19866357,564
2019-05-12 08:41:27.874,1.3,sell,7365.84,BTC-28JUN19-5000-P,97.16,0.02,1.3,1,1557650487874,19866440,565
2019-05-12 09:30:05.187,5.0,sell,7512.21,BTC-28JUN19-5000-P,90.69,0.013999999999999999,5.0,2,1557653405187,19877661,566
2019-05-12 09:45:55.648,2.0,buy,7489.34,BTC-28JUN19-5000-P,93.75,0.016,2.0,0,1557654355648,19883393,567
