date_utc,amount,direction,indexPrice,instrument,iv,price,quantity,tickDirection,timeStamp,tradeId,tradeSeq
2019-03-21 13:51:52.771,2.0,sell,137.24,ETH-28JUN19-180-C,94.07,0.1,2.0,1,1553176312771,84757,1
2019-03-21 14:27:23.925,1.0,sell,136.74,ETH-28JUN19-180-C,90.73,0.092,1.0,2,1553178443925,85888,2
2019-03-21 14:28:22.201,2.0,sell,136.68,ETH-28JUN19-180-C,88.75,0.08800000000000001,2.0,2,1553178502201,85942,3
2019-03-21 14:39:21.936,30.0,sell,136.37,ETH-28JUN19-180-C,85.61,0.08199999999999999,30.0,2,1553179161936,86291,4
2019-03-21 15:15:42.469,2.0,sell,134.06,ETH-28JUN19-180-C,81.87,0.07,2.0,2,1553181342469,91781,5
2019-03-22 20:53:21.241,1.0,sell,136.39,ETH-28JUN19-180-C,71.84,0.054000000000000006,1.0,2,1553288001241,104711,6
2019-03-23 18:04:46.274,70.0,buy,135.97,ETH-28JUN19-180-C,71.09,0.053,70.0,2,1553364286274,115284,7
2019-03-24 21:09:21.974,1.0,sell,134.89,ETH-28JUN19-180-C,70.8,0.05,1.0,2,1553461761974,125581,8
2019-03-25 04:13:21.771,24.0,buy,135.53,ETH-28JUN19-180-C,73.57,0.055999999999999994,24.0,0,1553487201771,130219,9
2019-03-25 04:13:21.771,6.0,buy,135.53,ETH-28JUN19-180-C,73.57,0.055999999999999994,6.0,1,1553487201771,130220,10
2019-03-25 21:37:34.481,8.0,sell,132.0,ETH-28JUN19-180-C,73.35,0.05,8.0,2,1553549854481,147855,11
2019-03-26 15:46:02.900,1.0,sell,132.67,ETH-28JUN19-180-C,70.09,0.045,1.0,2,1553615162900,157347,12
2019-03-26 17:17:01.884,120.0,sell,132.54,ETH-28JUN19-180-C,68.4,0.042,120.0,2,1553620621884,158384,13
2019-03-26 20:40:33.066,120.0,sell,133.42,ETH-28JUN19-180-C,67.75,0.042,120.0,3,1553632833066,160512,14
2019-03-26 20:40:33.643,74.0,buy,133.42,ETH-28JUN19-180-C,67.75,0.042,74.0,3,1553632833643,160513,15
2019-03-26 20:46:33.794,116.0,sell,133.42,ETH-28JUN19-180-C,66.96,0.040999999999999995,116.0,2,1553633193794,160641,16
2019-03-26 20:47:35.586,120.0,sell,133.39,ETH-28JUN19-180-C,66.35,0.04,120.0,2,1553633255586,160663,17
2019-03-27 13:55:54.565,1.0,buy,137.8,ETH-28JUN19-180-C,67.49,0.049,1.0,0,1553694954565,174827,18
2019-03-27 13:56:17.925,9.0,buy,137.79,ETH-28JUN19-180-C,67.47,0.049,9.0,1,1553694977925,174830,19
2019-03-27 23:58:47.761,1.0,buy,139.03,ETH-28JUN19-180-C,68.26,0.052000000000000005,1.0,0,1553731127761,181203,20
2019-03-29 08:36:47.209,65.0,buy,138.14,ETH-28JUN19-180-C,63.56,0.042,65.0,2,1553848607209,193749,21
2019-03-29 15:39:16.266,1.0,buy,140.45,ETH-28JUN19-180-C,65.68,0.05,1.0,0,1553873956266,201484,22
2019-03-30 00:48:42.774,1.0,buy,145.3,ETH-28JUN19-180-C,66.26,0.059000000000000004,1.0,0,1553906922774,208994,23
2019-03-30 03:35:18.336,1.0,sell,143.1,ETH-28JUN19-180-C,62.63,0.049,1.0,2,1553916918336,211753,24
2019-03-31 00:18:43.669,1.0,buy,141.98,ETH-28JUN19-180-C,67.28,0.055999999999999994,1.0,0,1553991523669,222387,25
2019-04-01 15:36:46.535,20.0,buy,141.32,ETH-28JUN19-180-C,66.28,0.051,20.0,2,1554133006535,245625,26
2019-04-02 04:55:06.220,3.0,buy,153.17,ETH-28JUN19-180-C,57.89,0.06,3.0,0,1554180906220,260347,27
2019-04-02 19:16:19.313,379.0,buy,157.95,ETH-28JUN19-180-C,68.82,0.09,379.0,0,1554232579313,313636,28
2019-04-03 02:52:02.745,352.0,buy,175.07,ETH-28JUN19-180-C,73.76,0.13699999999999998,352.0,0,1554259922745,348141,29
2019-04-03 03:40:53.429,1.0,sell,175.26,ETH-28JUN19-180-C,67.85,0.128,1.0,2,1554262853429,353571,30
2019-04-03 04:02:51.085,18.0,buy,171.58,ETH-28JUN19-180-C,77.73,0.139,18.0,0,1554264171085,354729,31
2019-04-03 04:02:51.085,1232.0,buy,171.58,ETH-28JUN19-180-C,78.25,0.14,1232.0,0,1554264171085,354730,32
2019-04-03 04:02:59.358,18.0,buy,171.45,ETH-28JUN19-180-C,78.35,0.14,18.0,1,1554264179358,354766,33
2019-04-03 04:08:50.199,18.0,sell,170.47,ETH-28JUN19-180-C,79.79,0.14,18.0,1,1554264530199,355078,34
2019-04-03 07:35:01.090,8.0,buy,168.5,ETH-28JUN19-180-C,78.47,0.134,8.0,2,1554276901090,365461,35
2019-04-03 08:25:55.404,8.0,buy,165.26,ETH-28JUN19-180-C,79.39,0.13,8.0,2,1554279955404,367254,36
2019-04-03 11:18:38.787,50.0,buy,166.64,ETH-28JUN19-180-C,75.94,0.126,50.0,2,1554290318787,370047,37
2019-04-03 11:22:25.318,100.0,buy,166.76,ETH-28JUN19-180-C,78.22,0.131,100.0,0,1554290545318,370064,38
2019-04-03 17:44:06.145,50.0,buy,173.71,ETH-28JUN19-180-C,78.82,0.149,50.0,0,1554313446145,391188,39
2019-04-03 19:48:23.382,20.0,sell,174.1,ETH-28JUN19-180-C,73.02,0.139,20.0,2,1554320903382,396578,40
2019-04-03 20:19:31.761,50.0,sell,176.76,ETH-28JUN19-180-C,71.67,0.14300000000000002,50.0,0,1554322771761,399110,41
2019-04-03 21:03:27.237,207.0,buy,179.67,ETH-28JUN19-180-C,76.37,0.16,207.0,0,1554325407237,403447,42
2019-04-03 21:58:58.716,20.0,sell,175.11,ETH-28JUN19-180-C,77.24,0.15,20.0,2,1554328738716,407473,43
2019-04-03 23:06:17.387,2.0,sell,154.59,ETH-28JUN19-180-C,84.52,0.11,2.0,2,1554332777387,418594,44
2019-04-03 23:53:29.884,1.0,sell,160.29,ETH-28JUN19-180-C,76.05,0.107,1.0,2,1554335609884,425292,45
2019-04-04 02:08:17.846,50.0,sell,162.41,ETH-28JUN19-180-C,83.62,0.128,50.0,0,1554343697846,429586,46
2019-04-04 02:47:12.876,50.0,sell,161.98,ETH-28JUN19-180-C,82.97,0.125,50.0,2,1554346032876,430303,47
2019-04-04 02:47:17.832,50.0,sell,161.9,ETH-28JUN19-180-C,83.09,0.125,50.0,3,1554346037832,430305,48
2019-04-04 05:18:26.013,1.0,buy,163.62,ETH-28JUN19-180-C,81.22,0.126,1.0,0,1554355106013,434218,49
2019-04-04 11:28:43.100,50.0,buy,160.21,ETH-28JUN19-180-C,80.79,0.118,50.0,2,1554377323100,441393,50
2019-04-04 12:54:53.602,50.0,buy,162.12,ETH-28JUN19-180-C,82.08,0.124,50.0,0,1554382493602,442551,51
2019-04-05 07:49:51.553,1.0,buy,163.05,ETH-28JUN19-180-C,85.23,0.135,1.0,0,1554450591553,471128,52
2019-04-05 09:26:28.307,18.0,buy,163.31,ETH-28JUN19-180-C,77.73,0.12,18.0,2,1554456388307,473450,53
2019-04-05 09:27:39.454,50.0,buy,163.2,ETH-28JUN19-180-C,77.37,0.119,50.0,2,1554456459454,473473,54
2019-04-05 18:28:25.632,2.0,buy,164.71,ETH-28JUN19-180-C,76.59,0.12,2.0,0,1554488905632,485556,55
2019-04-06 18:41:33.307,1.0,sell,168.35,ETH-28JUN19-180-C,74.3,0.122,1.0,0,1554576093307,509383,56
2019-04-06 19:26:44.477,1.0,buy,171.76,ETH-28JUN19-180-C,79.98,0.141,1.0,0,1554578804477,511914,57
2019-04-07 15:37:03.525,10.0,buy,166.79,ETH-28JUN19-180-C,77.86,0.128,10.0,2,1554651423525,548314,58
2019-04-07 19:08:14.495,36.0,buy,168.36,ETH-28JUN19-180-C,78.72,0.131,36.0,0,1554664094495,554277,59
2019-04-08 02:07:20.980,30.0,buy,185.77,ETH-28JUN19-180-C,76.91,0.183,30.0,0,1554689240980,597362,60
2019-04-08 02:59:42.707,36.0,sell,182.67,ETH-28JUN19-180-C,82.3,0.184,36.0,0,1554692382707,602885,61
2019-04-08 09:01:42.919,36.0,buy,180.66,ETH-28JUN19-180-C,73.93,0.16,36.0,2,1554714102919,621299,62
2019-04-08 10:58:38.844,1.0,sell,178.07,ETH-28JUN19-180-C,68.67,0.14300000000000002,1.0,2,1554721118844,624404,63
2019-04-09 01:25:32.736,1.0,sell,177.01,ETH-28JUN19-180-C,80.45,0.161,1.0,0,1554773132736,673305,64
2019-04-09 05:39:13.389,36.0,buy,174.8,ETH-28JUN19-180-C,77.31,0.15,36.0,2,1554788353389,681724,65
2019-04-09 14:18:09.562,30.0,buy,177.14,ETH-28JUN19-180-C,76.45,0.153,30.0,0,1554819489562,700019,66
2019-04-10 04:11:54.272,54.0,buy,179.89,ETH-28JUN19-180-C,73.01,0.156,54.0,0,1554869514272,722279,67
2019-04-10 10:08:26.535,1.0,sell,180.08,ETH-28JUN19-180-C,73.45,0.156,1.0,1,1554890906535,730252,68
2019-04-10 20:31:02.918,3.0,sell,178.91,ETH-28JUN19-180-C,78.04,0.16,3.0,0,1554928262918,766856,69
2019-04-11 03:37:06.760,90.0,buy,171.84,ETH-28JUN19-180-C,76.65,0.138,90.0,2,1554953826760,794803,70
2019-04-11 04:48:25.548,24.0,buy,171.89,ETH-28JUN19-180-C,76.15,0.136,24.0,2,1554958105548,800181,71
2019-04-12 01:26:15.828,1.0,sell,161.44,ETH-28JUN19-180-C,73.15,0.098,1.0,2,1555032375828,852940,72
2019-04-12 01:40:23.696,5.0,sell,160.96,ETH-28JUN19-180-C,72.87,0.096,5.0,2,1555033223696,854434,73
2019-04-12 09:32:54.267,51.0,buy,162.82,ETH-28JUN19-180-C,68.71,0.094,51.0,2,1555061574267,871990,74
2019-04-12 09:32:57.119,90.0,buy,162.8,ETH-28JUN19-180-C,69.81,0.096,90.0,0,1555061577119,872006,75
2019-04-12 09:32:58.912,26.0,sell,162.84,ETH-28JUN19-180-C,71.43,0.099,26.0,0,1555061578912,872014,76
2019-04-12 09:32:59.092,9.0,buy,162.84,ETH-28JUN19-180-C,69.78,0.096,9.0,2,1555061579092,872015,77
2019-04-14 22:02:04.509,7.0,buy,165.29,ETH-28JUN19-180-C,69.7,0.09699999999999999,7.0,0,1555279324509,931161,78
2019-04-16 17:34:07.828,87.0,sell,166.71,ETH-28JUN19-180-C,71.19,0.1,87.0,0,1555436047828,1017372,79
2019-04-16 17:34:42.516,90.0,buy,167.03,ETH-28JUN19-180-C,71.89,0.102,90.0,0,1555436082516,1017430,80
2019-04-16 17:34:56.201,10.0,sell,166.86,ETH-28JUN19-180-C,72.07,0.102,10.0,1,1555436096201,1017461,81
2019-04-16 17:44:48.037,90.0,sell,165.98,ETH-28JUN19-180-C,71.76,0.1,90.0,2,1555436688037,1018114,82
2019-04-16 18:05:13.666,23.0,sell,166.96,ETH-28JUN19-180-C,70.78,0.1,23.0,3,1555437913666,1018903,83
2019-04-17 08:13:01.349,5.0,buy,166.5,ETH-28JUN19-180-C,69.79,0.09699999999999999,5.0,2,1555488781349,1034982,84
2019-04-17 11:40:22.041,90.0,buy,166.97,ETH-28JUN19-180-C,70.33,0.099,90.0,0,1555501222041,1037747,85
2019-04-18 04:14:10.492,1.0,buy,172.91,ETH-28JUN19-180-C,71.08,0.116,1.0,0,1555560850492,1058305,86
