date_utc,amount,direction,indexPrice,instrument,iv,price,quantity,tickDirection,timeStamp,tradeId,tradeSeq
2019-04-02 02:56:49.773,0.1,sell,4175.57,BTC-28JUN19-4250-P,49.96,0.1115,0.1,1,1554173809773,17017193,1
2019-04-02 10:41:21.246,2.0,sell,4765.76,BTC-28JUN19-4250-P,54.38,0.0545,2.0,2,1554201681246,17105152,2
2019-04-02 10:43:14.762,1.0,sell,4763.0,BTC-28JUN19-4250-P,54.48,0.055,1.0,0,1554201794762,17105228,3
2019-04-02 18:32:11.984,1.0,sell,4733.37,BTC-28JUN19-4250-P,57.23,0.0615,1.0,0,1554229931984,17126578,4
2019-04-02 23:47:03.536,9.0,sell,4938.57,BTC-28JUN19-4250-P,55.15,0.045,9.0,2,1554248823536,17150334,5
2019-04-02 23:53:18.113,10.0,sell,4882.78,BTC-28JUN19-4250-P,54.7,0.0475,10.0,0,1554249198113,17151614,6
2019-04-02 23:53:18.113,1.0,sell,4882.78,BTC-28JUN19-4250-P,54.39,0.047,1.0,2,1554249198113,17151615,7
2019-04-03 12:24:54.924,1.0,sell,5023.78,BTC-28JUN19-4250-P,62.0,0.0495,1.0,0,1554294294924,17197881,8
2019-04-03 21:11:30.379,0.1,buy,5304.17,BTC-28JUN19-4250-P,67.75,0.0435,0.1,2,1554325890379,17240089,9
2019-04-04 06:54:17.950,0.2,buy,5034.95,BTC-28JUN19-4250-P,69.71,0.0605,0.2,0,1554360857950,17294896,10
2019-04-04 07:02:23.241,0.2,buy,5044.52,BTC-28JUN19-4250-P,69.38,0.0595,0.2,2,1554361343241,17295003,11
2019-04-04 12:55:46.079,2.0,buy,5026.59,BTC-28JUN19-4250-P,68.69,0.0595,2.0,3,1554382546079,17307060,12
2019-04-04 21:17:28.509,1.4,sell,4894.54,BTC-28JUN19-4250-P,67.75,0.0655,1.4,0,1554412648509,17335441,13
2019-04-05 19:40:43.448,2.0,buy,5012.04,BTC-28JUN19-4250-P,66.84,0.057,2.0,2,1554493243448,17379976,14
2019-04-06 15:54:56.625,1.0,sell,5079.33,BTC-28JUN19-4250-P,67.9,0.053,1.0,2,1554566096625,17400532,15
2019-04-07 11:23:04.105,1.0,sell,5131.4,BTC-28JUN19-4250-P,65.42,0.0455,1.0,2,1554636184105,17465262,16
2019-04-07 22:26:12.556,0.1,sell,5185.07,BTC-28JUN19-4250-P,68.17,0.0465,0.1,0,1554675972556,17483500,17
2019-04-07 22:41:49.251,1.0,sell,5212.94,BTC-28JUN19-4250-P,65.61,0.042,1.0,2,1554676909251,17485916,18
2019-04-08 02:59:46.437,6.8,sell,5288.34,BTC-28JUN19-4250-P,69.73,0.0425,6.8,0,1554692386437,17508954,19
2019-04-08 15:28:46.189,1.0,sell,5243.69,BTC-28JUN19-4250-P,67.31,0.042,1.0,2,1554737326189,17534576,20
2019-04-08 15:46:48.179,2.0,buy,5225.13,BTC-28JUN19-4250-P,68.4,0.0445,2.0,0,1554738408179,17534950,21
2019-04-09 13:48:06.442,1.0,buy,5231.07,BTC-28JUN19-4250-P,69.36,0.045,1.0,0,1554817686442,17574679,22
2019-04-09 15:28:28.836,9.6,sell,5220.87,BTC-28JUN19-4250-P,66.12,0.0415,9.6,2,1554823708836,17577392,23
2019-04-09 19:57:28.082,0.2,sell,5213.71,BTC-28JUN19-4250-P,65.48,0.040999999999999995,0.2,2,1554839848082,17580613,24
2019-04-11 09:49:43.823,10.0,buy,5098.18,BTC-28JUN19-4250-P,62.35,0.042,10.0,0,1554976183823,17678264,25
2019-04-11 18:33:51.988,4.0,sell,5069.03,BTC-28JUN19-4250-P,59.27,0.04,4.0,2,1555007631988,17710477,26
2019-04-11 18:33:55.309,4.0,sell,5069.08,BTC-28JUN19-4250-P,59.28,0.04,4.0,3,1555007635309,17710479,27
2019-04-11 18:42:39.913,4.0,sell,5070.65,BTC-28JUN19-4250-P,58.98,0.0395,4.0,2,1555008159913,17710715,28
2019-04-11 18:42:41.058,4.0,sell,5070.73,BTC-28JUN19-4250-P,58.99,0.0395,4.0,3,1555008161058,17710716,29
2019-04-11 19:03:55.815,5.0,sell,5081.42,BTC-28JUN19-4250-P,56.27,0.0355,5.0,2,1555009435815,17712113,30
2019-04-11 19:03:57.088,5.0,sell,5081.26,BTC-28JUN19-4250-P,56.27,0.0355,5.0,3,1555009437088,17712114,31
2019-04-11 19:04:07.409,5.0,sell,5082.04,BTC-28JUN19-4250-P,56.32,0.0355,5.0,3,1555009447409,17712117,32
2019-04-13 01:38:48.638,1.0,sell,5080.55,BTC-28JUN19-4250-P,60.73,0.0405,1.0,0,1555119528638,17763841,33
2019-04-13 03:06:34.626,4.0,sell,5110.81,BTC-28JUN19-4250-P,61.57,0.0405,4.0,1,1555124794626,17765030,34
2019-04-13 08:00:34.978,1.0,sell,5098.29,BTC-28JUN19-4250-P,57.23,0.036000000000000004,1.0,2,1555142434978,17768703,35
2019-04-15 04:54:19.947,0.1,buy,5177.15,BTC-28JUN19-4250-P,58.99,0.033,0.1,2,1555304059947,17813311,36
2019-04-16 13:29:28.490,10.0,sell,5048.08,BTC-28JUN19-4250-P,58.25,0.0365,10.0,0,1555421368490,17858400,37
2019-04-16 22:41:25.588,1.0,sell,5191.72,BTC-28JUN19-4250-P,57.81,0.028999999999999998,1.0,2,1555454485588,17881731,38
2019-04-16 22:41:39.605,1.0,sell,5191.69,BTC-28JUN19-4250-P,57.82,0.028999999999999998,1.0,3,1555454499605,17881732,39
2019-04-17 00:00:03.097,2.0,buy,5202.09,BTC-28JUN19-4250-P,57.63,0.0285,2.0,2,1555459203097,17882894,40
2019-04-17 17:23:01.752,3.0,sell,5215.28,BTC-28JUN19-4250-P,57.27,0.027000000000000003,3.0,2,1555521781752,17905145,41
2019-04-17 21:36:24.896,1.0,sell,5230.77,BTC-28JUN19-4250-P,57.47,0.0265,1.0,2,1555536984896,17909109,42
2019-04-18 04:07:02.925,2.0,sell,5299.91,BTC-28JUN19-4250-P,59.73,0.0265,2.0,3,1555560422925,17916871,43
