date_utc,amount,direction,indexPrice,instrument,iv,price,quantity,tickDirection,timeStamp,tradeId,tradeSeq
2019-03-08 10:53:11.347,0.5,sell,3879.69,BTC-22MAR19-4000-C,41.4,0.0195,0.5,1,1552042391347,16381272,1
2019-03-08 12:45:44.569,5.4,sell,3879.76,BTC-22MAR19-4000-C,42.87,0.0205,5.4,0,1552049144569,16383679,2
2019-03-08 12:45:44.569,4.6000000000000005,sell,3879.76,BTC-22MAR19-4000-C,42.87,0.0205,4.6000000000000005,1,1552049144569,16383680,3
2019-03-08 12:58:09.262,4.7,sell,3877.77,BTC-22MAR19-4000-C,41.76,0.0195,4.7,2,1552049889262,16383958,4
2019-03-08 12:58:09.262,0.3,sell,3877.77,BTC-22MAR19-4000-C,41.08,0.019,0.3,2,1552049889262,16383959,5
2019-03-08 14:29:52.207,5.0,buy,3886.13,BTC-22MAR19-4000-C,44.89,0.0225,5.0,0,1552055392207,16386152,6
2019-03-08 18:29:06.278,1.0,sell,3885.99,BTC-22MAR19-4000-C,41.78,0.02,1.0,2,1552069746278,16390972,7
2019-03-08 19:54:33.074,2.0,buy,3893.84,BTC-22MAR19-4000-C,43.6,0.022000000000000002,2.0,0,1552074873074,16391885,8
2019-03-09 14:03:41.739,1.0,buy,3902.76,BTC-22MAR19-4000-C,46.46,0.024,1.0,0,1552140221739,16428760,9
2019-03-09 15:06:10.993,0.5,buy,3940.57,BTC-22MAR19-4000-C,43.33,0.0255,0.5,1,1552143970993,16433035,11
2019-03-09 15:06:10.993,0.3,buy,3940.57,BTC-22MAR19-4000-C,43.33,0.0255,0.3,0,1552143970993,16433034,10
2019-03-09 16:16:14.377,3.0,sell,3939.1,BTC-22MAR19-4000-C,41.58,0.024,3.0,2,1552148174377,16437823,12
2019-03-09 21:36:13.242,0.1,buy,3896.51,BTC-22MAR19-4000-C,45.08,0.022,0.1,2,1552167373242,16447142,13
2019-03-10 04:26:39.015,7.0,buy,3895.07,BTC-22MAR19-4000-C,46.52,0.0225,7.0,0,1552191999015,16452684,14
2019-03-10 17:22:51.297,1.0,sell,3885.81,BTC-22MAR19-4000-C,42.96,0.0185,1.0,2,1552238571297,16465130,15
2019-03-11 06:15:24.801,5.0,sell,3866.16,BTC-22MAR19-4000-C,42.74,0.016,5.0,2,1552284924801,16478162,16
2019-03-11 06:15:48.489,5.0,sell,3866.22,BTC-22MAR19-4000-C,43.52,0.0165,5.0,0,1552284948489,16478228,17
2019-03-11 13:03:23.102,0.1,buy,3820.98,BTC-22MAR19-4000-C,44.1,0.013000000000000001,0.1,2,1552309403102,16489585,18
2019-03-11 16:45:42.842,1.0,sell,3842.57,BTC-22MAR19-4000-C,42.58,0.0135,1.0,0,1552322742842,16494514,19
2019-03-11 17:37:21.082,0.5,buy,3847.4,BTC-22MAR19-4000-C,43.7,0.0145,0.5,0,1552325841082,16495136,20
2019-03-11 22:19:20.135,1.6,buy,3857.12,BTC-22MAR19-4000-C,45.31,0.016,1.6,1,1552342760135,16497812,22
2019-03-11 22:19:20.135,1.4,buy,3857.12,BTC-22MAR19-4000-C,45.31,0.016,1.4,0,1552342760135,16497811,21
2019-03-12 01:52:43.635,5.0,sell,3823.22,BTC-22MAR19-4000-C,43.19,0.012,5.0,2,1552355563635,16503442,23
2019-03-12 02:05:09.305,10.0,sell,3814.78,BTC-22MAR19-4000-C,42.44,0.011,10.0,2,1552356309305,16504327,24
2019-03-12 02:40:52.501,5.0,sell,3810.25,BTC-22MAR19-4000-C,43.04,0.011,5.0,3,1552358452501,16505411,25
2019-03-12 02:51:23.581,5.0,sell,3803.69,BTC-22MAR19-4000-C,42.92,0.0105,5.0,2,1552359083581,16506126,26
2019-03-12 02:52:34.080,5.0,sell,3805.71,BTC-22MAR19-4000-C,42.68,0.0105,5.0,3,1552359154080,16506264,27
2019-03-12 08:03:19.624,1.0,sell,3833.93,BTC-22MAR19-4000-C,41.5,0.0115,1.0,0,1552377799624,16511007,28
2019-03-12 08:03:22.167,1.0,buy,3835.7,BTC-22MAR19-4000-C,42.17,0.012,1.0,0,1552377802167,16511032,29
2019-03-12 08:03:42.492,0.2,buy,3837.07,BTC-22MAR19-4000-C,42.0,0.012,0.2,1,1552377822492,16511106,30
2019-03-12 08:03:53.798,0.2,buy,3838.54,BTC-22MAR19-4000-C,41.81,0.012,0.2,1,1552377833798,16511177,31
2019-03-12 08:03:53.819,0.2,buy,3838.54,BTC-22MAR19-4000-C,41.81,0.012,0.2,1,1552377833819,16511179,32
2019-03-12 08:03:54.020,0.2,buy,3838.54,BTC-22MAR19-4000-C,41.81,0.012,0.2,1,1552377834020,16511182,33
2019-03-12 08:03:54.073,0.2,buy,3838.54,BTC-22MAR19-4000-C,41.81,0.012,0.2,1,1552377834073,16511185,34
2019-03-12 08:04:13.662,1.0,buy,3836.79,BTC-22MAR19-4000-C,42.03,0.012,1.0,1,1552377853662,16511306,35
2019-03-12 08:04:44.622,1.0,buy,3839.4,BTC-22MAR19-4000-C,42.59,0.0125,1.0,0,1552377884622,16511370,36
2019-03-12 17:02:07.953,5.0,sell,3858.73,BTC-22MAR19-4000-C,41.73,0.013,5.0,0,1552410127953,16523961,37
2019-03-12 17:05:17.823,5.0,sell,3859.43,BTC-22MAR19-4000-C,41.64,0.013000000000000001,5.0,1,1552410317823,16523992,38
2019-03-13 02:03:39.585,0.3,sell,3859.91,BTC-22MAR19-4000-C,42.41,0.013,0.3,1,1552442619585,16527837,39
2019-03-13 08:37:40.586,1.0,buy,3857.81,BTC-22MAR19-4000-C,46.03,0.0145,1.0,1,1552466260586,16531185,41
2019-03-13 08:37:40.586,3.5,buy,3857.81,BTC-22MAR19-4000-C,46.03,0.0145,3.5,1,1552466260586,16531186,42
2019-03-13 08:37:40.586,0.5,buy,3857.81,BTC-22MAR19-4000-C,46.03,0.0145,0.5,0,1552466260586,16531184,40
2019-03-13 11:36:50.803,0.1,sell,3843.99,BTC-22MAR19-4000-C,42.76,0.0115,0.1,2,1552477010803,16535414,43
2019-03-13 21:35:48.412,0.2,sell,3846.22,BTC-22MAR19-4000-C,42.55,0.0115,0.2,3,1552512948412,16545442,44
2019-03-13 21:55:43.485,3.0,buy,3843.04,BTC-22MAR19-4000-C,46.01,0.012,3.0,0,1552514143485,16545889,45
2019-03-13 21:55:43.485,22.0,buy,3843.04,BTC-22MAR19-4000-C,46.01,0.012,22.0,1,1552514143485,16545890,46
2019-03-14 08:33:23.549,0.5,sell,3843.15,BTC-22MAR19-4000-C,44.79,0.0105,0.5,2,1552552403549,16551423,47
2019-03-14 10:05:44.634,0.2,sell,3843.65,BTC-22MAR19-4000-C,43.07,0.0105,0.2,3,1552557944634,16552086,48
2019-03-14 10:51:12.954,5.0,sell,3848.94,BTC-22MAR19-4000-C,41.88,0.0105,5.0,3,1552560672954,16552335,49
