date_utc,amount,direction,indexPrice,instrument,iv,price,quantity,tickDirection,timeStamp,tradeId,tradeSeq
2019-03-21 14:01:05.417,12.0,sell,137.2,ETH-28JUN19-160-C,93.34,0.135,12.0,1,1553176865417,84873,1
2019-03-21 14:27:12.312,1.0,sell,136.76,ETH-28JUN19-160-C,89.98,0.126,1.0,2,1553178432312,85886,2
2019-03-22 04:06:42.138,10.0,sell,134.39,ETH-28JUN19-160-C,75.64,0.091,10.0,2,1553227602138,97189,3
2019-03-22 09:47:16.100,10.0,sell,135.5,ETH-28JUN19-160-C,73.68,0.08900000000000001,10.0,2,1553248036100,99168,4
2019-03-22 10:43:47.727,10.0,sell,135.66,ETH-28JUN19-160-C,73.62,0.08900000000000001,10.0,3,1553251427727,99460,5
2019-03-22 14:33:35.700,1.0,buy,136.58,ETH-28JUN19-160-C,72.08,0.087,1.0,2,1553265215700,102093,6
2019-03-22 20:51:50.702,1.0,sell,136.4,ETH-28JUN19-160-C,71.03,0.084,1.0,2,1553287910702,104692,7
2019-03-25 19:35:21.375,100.0,sell,132.22,ETH-28JUN19-160-C,69.51,0.073,100.0,2,1553542521375,146045,8
2019-03-25 21:33:41.140,1.0,sell,132.03,ETH-28JUN19-160-C,71.86,0.077,1.0,0,1553549621140,147800,9
2019-03-27 10:40:06.789,100.0,buy,137.9,ETH-28JUN19-160-C,66.15,0.078,100.0,0,1553683206789,172254,10
2019-03-27 13:54:59.527,5.0,buy,137.74,ETH-28JUN19-160-C,66.09,0.078,5.0,1,1553694899527,174793,11
2019-03-27 13:55:47.385,2.0,buy,137.8,ETH-28JUN19-160-C,66.44,0.079,2.0,0,1553694947385,174816,12
2019-03-27 13:57:12.975,1.0,buy,137.79,ETH-28JUN19-160-C,66.36,0.079,1.0,1,1553695032975,174834,13
2019-03-27 15:00:18.468,100.0,sell,137.64,ETH-28JUN19-160-C,64.3,0.07400000000000001,100.0,2,1553698818468,175205,14
2019-03-28 04:02:04.732,2.0,sell,137.63,ETH-28JUN19-160-C,64.23,0.07400000000000001,2.0,3,1553745724732,182773,15
2019-03-29 08:36:46.979,110.0,sell,138.14,ETH-28JUN19-160-C,63.54,0.073,110.0,2,1553848606979,193747,16
2019-03-29 09:16:09.591,3.0,sell,141.49,ETH-28JUN19-160-C,60.33,0.076,3.0,0,1553850969591,195485,17
2019-03-31 00:18:56.059,1.0,buy,141.98,ETH-28JUN19-160-C,66.99,0.091,1.0,0,1553991536059,222389,18
2019-03-31 18:16:39.954,30.0,buy,140.63,ETH-28JUN19-160-C,68.01,0.08900000000000001,30.0,2,1554056199954,230357,19
2019-03-31 21:51:52.027,11.0,buy,140.8,ETH-28JUN19-160-C,65.68,0.085,11.0,3,1554069112027,231677,21
2019-03-31 21:51:52.027,89.0,buy,140.8,ETH-28JUN19-160-C,65.68,0.085,89.0,2,1554069112027,231676,20
2019-04-01 08:42:27.459,10.0,buy,142.07,ETH-28JUN19-160-C,64.27,0.084,10.0,2,1554108147459,242343,22
2019-04-01 20:24:07.969,1.0,sell,139.82,ETH-28JUN19-160-C,62.61,0.075,1.0,2,1554150247969,248187,23
2019-04-02 04:55:06.209,5.0,buy,153.17,ETH-28JUN19-160-C,56.59,0.1,5.0,0,1554180906209,260346,24
2019-04-02 18:46:12.850,165.0,sell,158.19,ETH-28JUN19-160-C,67.36,0.135,165.0,0,1554230772850,312667,25
2019-04-02 18:56:12.331,2.0,buy,157.93,ETH-28JUN19-160-C,70.68,0.14,2.0,0,1554231372331,312975,26
2019-04-02 18:56:56.681,164.0,sell,157.92,ETH-28JUN19-160-C,66.45,0.132,164.0,2,1554231416681,312991,27
2019-04-02 20:12:55.825,1.0,buy,162.47,ETH-28JUN19-160-C,70.58,0.152,1.0,0,1554235975825,319107,28
2019-04-03 02:53:03.922,18.0,buy,176.61,ETH-28JUN19-160-C,69.04,0.19,18.0,0,1554259983922,348747,29
2019-04-03 02:53:23.823,290.0,buy,175.92,ETH-28JUN19-160-C,69.87,0.19,290.0,1,1554260003823,348849,30
2019-04-03 20:24:00.086,1.0,sell,179.55,ETH-28JUN19-160-C,75.87,0.214,1.0,0,1554323040086,399839,31
2019-04-03 23:02:00.111,2.0,sell,163.92,ETH-28JUN19-160-C,69.11,0.156,2.0,2,1554332520111,416990,32
2019-04-03 23:44:56.301,2.0,sell,162.47,ETH-28JUN19-160-C,71.93,0.154,2.0,2,1554335096301,424140,33
2019-04-03 23:54:02.035,1.0,buy,160.63,ETH-28JUN19-160-C,84.55,0.171,1.0,0,1554335642035,425329,34
2019-04-04 00:09:22.356,1.0,buy,159.61,ETH-28JUN19-160-C,84.3,0.17,1.0,2,1554336562356,426133,35
2019-04-04 02:41:58.283,1.0,sell,162.3,ETH-28JUN19-160-C,74.73,0.159,1.0,2,1554345718283,430240,36
2019-04-04 04:32:36.655,4.0,buy,162.1,ETH-28JUN19-160-C,80.71,0.17,4.0,0,1554352356655,433256,37
2019-04-04 05:17:28.722,1.0,buy,163.62,ETH-28JUN19-160-C,80.76,0.174,1.0,0,1554355048722,434208,38
2019-04-04 19:18:33.287,1.0,buy,156.2,ETH-28JUN19-160-C,84.32,0.163,1.0,2,1554405513287,454676,39
2019-04-04 20:58:50.830,6.0,buy,155.9,ETH-28JUN19-160-C,83.03,0.161,6.0,2,1554411530830,458457,40
2019-04-05 09:26:28.297,18.0,buy,163.31,ETH-28JUN19-160-C,76.95,0.168,18.0,0,1554456388297,473449,41
2019-04-05 10:16:00.858,78.0,buy,163.87,ETH-28JUN19-160-C,76.95,0.16899999999999998,78.0,0,1554459360858,474039,42
2019-04-05 11:04:57.867,53.0,sell,163.86,ETH-28JUN19-160-C,77.54,0.171,53.0,0,1554462297867,475003,43
2019-04-05 23:03:11.302,36.0,buy,166.65,ETH-28JUN19-160-C,74.42,0.17,36.0,2,1554505391302,490182,44
2019-04-06 12:06:33.293,3.0,buy,163.41,ETH-28JUN19-160-C,80.42,0.172,3.0,0,1554552393293,498298,45
2019-04-06 18:43:25.351,1.0,sell,168.53,ETH-28JUN19-160-C,74.19,0.174,1.0,0,1554576205351,509401,46
2019-04-06 23:46:45.500,1.0,sell,165.98,ETH-28JUN19-160-C,76.37,0.17300000000000001,1.0,2,1554594405500,529457,47
2019-04-07 14:42:17.853,36.0,sell,167.36,ETH-28JUN19-160-C,77.16,0.179,36.0,0,1554648137853,546685,48
2019-04-08 02:59:42.695,12.0,sell,182.67,ETH-28JUN19-160-C,81.45,0.24,12.0,0,1554692382695,602884,49
2019-04-08 09:01:44.073,12.0,buy,180.66,ETH-28JUN19-160-C,73.64,0.218,12.0,2,1554714104073,621301,50
2019-04-08 10:30:36.426,1.0,sell,179.98,ETH-28JUN19-160-C,74.11,0.215,1.0,2,1554719436426,623489,51
2019-04-08 11:04:24.094,2.0,sell,177.16,ETH-28JUN19-160-C,75.11,0.21,2.0,2,1554721464094,625287,52
2019-04-08 11:04:24.094,1.0,sell,177.16,ETH-28JUN19-160-C,67.43,0.198,1.0,2,1554721464094,625288,53
2019-04-08 11:14:37.105,36.0,buy,178.52,ETH-28JUN19-160-C,76.78,0.216,36.0,0,1554722077105,626217,54
