date_utc,amount,direction,indexPrice,instrument,iv,price,quantity,tickDirection,timeStamp,tradeId,tradeSeq
2019-03-22 13:05:20.916,0.5,sell,3990.17,BTC-5APR19-4000-C,40.17,0.0295,0.5,1,1553259920916,16777900,1
2019-03-22 14:45:43.551,3.0,buy,3992.38,BTC-5APR19-4000-C,41.77,0.0305,3.0,0,1553265943551,16779092,2
2019-03-22 20:17:02.396,0.5,sell,3987.25,BTC-5APR19-4000-C,41.3,0.029,0.5,2,1553285822396,16781429,3
2019-03-23 05:02:17.692,3.0,buy,3985.11,BTC-5APR19-4000-C,42.7,0.03,3.0,0,1553317337692,16787709,4
2019-03-23 11:31:39.099,0.5,buy,3979.64,BTC-5APR19-4000-C,42.3,0.028999999999999998,0.5,2,1553340699099,16791688,5
2019-03-23 11:51:46.675,1.0,buy,3981.23,BTC-5APR19-4000-C,43.45,0.03,1.0,0,1553341906675,16791784,6
2019-03-23 12:45:41.154,6.7,sell,3982.52,BTC-5APR19-4000-C,40.85,0.027999999999999997,6.7,2,1553345141154,16792056,7
2019-03-23 12:45:41.154,43.3,sell,3982.52,BTC-5APR19-4000-C,40.85,0.027999999999999997,43.3,3,1553345141154,16792057,8
2019-03-24 17:47:11.720,0.1,sell,3965.18,BTC-5APR19-4000-C,42.11,0.0255,0.1,2,1553449631720,16802010,9
2019-03-25 01:50:46.659,0.1,buy,3970.56,BTC-5APR19-4000-C,40.69,0.0245,0.1,3,1553478646659,16807182,11
2019-03-25 01:50:46.659,1.0,buy,3970.56,BTC-5APR19-4000-C,40.69,0.0245,1.0,2,1553478646659,16807181,10
2019-03-25 02:38:45.783,1.0,sell,3972.97,BTC-5APR19-4000-C,39.66,0.024,1.0,2,1553481525783,16807626,12
2019-03-25 07:55:57.475,1.0,buy,3966.06,BTC-5APR19-4000-C,43.47,0.0255,1.0,0,1553500557475,16808976,13
2019-03-25 07:57:09.559,1.0,buy,3969.44,BTC-5APR19-4000-C,42.95,0.0255,1.0,1,1553500629559,16809044,14
2019-03-25 12:16:36.992,1.0,sell,3961.42,BTC-5APR19-4000-C,40.59,0.023,1.0,2,1553516196992,16810573,15
2019-03-25 12:18:03.297,5.4,sell,3959.36,BTC-5APR19-4000-C,41.03,0.023,5.4,3,1553516283297,16810757,16
2019-03-25 12:18:06.114,5.5,sell,3958.58,BTC-5APR19-4000-C,41.17,0.023,5.5,3,1553516286114,16810812,17
2019-03-25 12:24:14.479,5.6000000000000005,sell,3956.2,BTC-5APR19-4000-C,41.58,0.023,5.6000000000000005,3,1553516654479,16811125,18
2019-03-25 12:24:42.451,5.6000000000000005,sell,3956.21,BTC-5APR19-4000-C,41.62,0.023,5.6000000000000005,3,1553516682451,16811168,19
2019-03-25 12:33:15.719,0.5,sell,3958.71,BTC-5APR19-4000-C,41.18,0.023,0.5,3,1553517195719,16811342,20
2019-03-25 12:55:14.590,1.4,sell,3958.22,BTC-5APR19-4000-C,41.52,0.023,1.4,3,1553518514590,16811631,21
2019-03-25 14:15:33.758,1.0,buy,3960.83,BTC-5APR19-4000-C,42.03,0.0235,1.0,0,1553523333758,16812261,22
2019-03-25 15:28:34.803,5.0,sell,3960.09,BTC-5APR19-4000-C,38.57,0.021,5.0,2,1553527714803,16812908,23
2019-03-25 19:32:40.708,0.5,buy,3899.34,BTC-5APR19-4000-C,45.85,0.0195,0.5,2,1553542360708,16825761,24
2019-03-25 20:24:04.551,16.0,sell,3875.21,BTC-5APR19-4000-C,45.94,0.0175,16.0,2,1553545444551,16826856,25
2019-03-25 20:24:05.252,9.0,sell,3875.21,BTC-5APR19-4000-C,45.94,0.0175,9.0,3,1553545445252,16826857,26
2019-03-25 20:24:52.181,2.0,buy,3875.84,BTC-5APR19-4000-C,43.2,0.016,2.0,2,1553545492181,16826935,27
2019-03-25 20:40:01.801,0.4,buy,3879.9,BTC-5APR19-4000-C,45.68,0.018000000000000002,0.4,0,1553546401801,16827167,28
2019-03-25 20:40:01.801,0.6,buy,3879.9,BTC-5APR19-4000-C,45.68,0.018000000000000002,0.6,1,1553546401801,16827168,29
2019-03-25 21:01:07.756,0.5,sell,3886.98,BTC-5APR19-4000-C,42.54,0.0165,0.5,2,1553547667756,16827613,30
2019-03-25 22:00:01.404,1.0,sell,3885.33,BTC-5APR19-4000-C,43.82,0.017,1.0,0,1553551201404,16828387,31
2019-03-26 05:19:43.856,5.0,sell,3914.74,BTC-5APR19-4000-C,42.06,0.018000000000000002,5.0,0,1553577583856,16832877,32
2019-03-26 05:37:39.842,2.0,sell,3912.49,BTC-5APR19-4000-C,42.49,0.018000000000000002,2.0,1,1553578659842,16832999,33
2019-03-26 05:37:45.815,2.0,sell,3912.49,BTC-5APR19-4000-C,42.49,0.018000000000000002,2.0,1,1553578665815,16833001,34
2019-03-26 07:23:36.371,1.0,sell,3898.0,BTC-5APR19-4000-C,41.39,0.016,1.0,2,1553585016371,16834109,35
2019-03-26 12:21:01.902,1.0,sell,3894.94,BTC-5APR19-4000-C,42.29,0.016,1.0,3,1553602861902,16836105,36
2019-03-26 14:08:33.422,1.0,sell,3896.46,BTC-5APR19-4000-C,42.94,0.0165,1.0,0,1553609313422,16837664,37
2019-03-26 17:46:32.200,0.1,sell,3914.34,BTC-5APR19-4000-C,41.57,0.017,0.1,0,1553622392200,16840547,38
2019-03-26 17:46:48.158,0.1,sell,3914.1,BTC-5APR19-4000-C,41.58,0.017,0.1,1,1553622408158,16840548,39
2019-03-26 18:29:54.934,0.2,buy,3915.34,BTC-5APR19-4000-C,43.09,0.018000000000000002,0.2,0,1553624994934,16840849,40
2019-03-26 18:55:19.878,7.0,buy,3917.98,BTC-5APR19-4000-C,44.23,0.019,7.0,0,1553626519878,16840989,41
2019-03-26 21:24:30.357,1.0,sell,3911.8,BTC-5APR19-4000-C,44.09,0.018000000000000002,1.0,2,1553635470357,16842107,42
2019-03-27 00:14:55.372,7.6,sell,3916.18,BTC-5APR19-4000-C,42.57,0.0175,7.6,2,1553645695372,16843325,43
2019-03-27 00:20:00.676,7.6,sell,3916.41,BTC-5APR19-4000-C,42.64,0.0175,7.6,3,1553646000676,16843351,44
2019-03-27 01:01:02.011,0.2,buy,3943.44,BTC-5APR19-4000-C,42.32,0.02,0.2,0,1553648462011,16844733,45
2019-03-27 01:37:16.978,5.7,buy,3965.4,BTC-5APR19-4000-C,42.41,0.0225,5.7,0,1553650636978,16849107,46
2019-03-27 04:56:46.357,5.0,buy,3975.2,BTC-5APR19-4000-C,44.69,0.0245,5.0,0,1553662606357,16852930,47
2019-03-27 07:20:34.134,1.0,sell,3984.13,BTC-5APR19-4000-C,42.36,0.024,1.0,2,1553671234134,16854635,48
2019-03-27 09:04:59.967,0.5,sell,3985.15,BTC-5APR19-4000-C,40.69,0.023,0.5,2,1553677499967,16855461,49
2019-03-27 09:06:08.938,1.0,buy,3985.38,BTC-5APR19-4000-C,41.44,0.0235,1.0,0,1553677568938,16855475,50
2019-03-27 09:51:50.211,0.4,sell,3983.59,BTC-5APR19-4000-C,42.53,0.024,0.4,0,1553680310211,16856039,51
2019-03-27 09:53:18.099,0.6,sell,3983.73,BTC-5APR19-4000-C,42.52,0.024,0.6,1,1553680398099,16856047,52
2019-03-27 09:53:54.531,0.4,sell,3983.98,BTC-5APR19-4000-C,42.49,0.024,0.4,1,1553680434531,16856049,53
2019-03-27 09:58:27.772,0.4,sell,3984.64,BTC-5APR19-4000-C,42.51,0.024,0.4,1,1553680707772,16856059,54
2019-03-27 10:00:29.600,0.2,buy,3984.9,BTC-5APR19-4000-C,43.33,0.0245,0.2,0,1553680829600,16856065,55
2019-03-27 10:01:32.519,0.5,buy,3984.94,BTC-5APR19-4000-C,43.9,0.025,0.5,0,1553680892519,16856075,56
2019-03-27 10:26:49.788,1.0,buy,4012.35,BTC-5APR19-4000-C,44.04,0.027999999999999997,1.0,0,1553682409788,16858815,57
2019-03-27 10:32:23.388,0.2,sell,4010.68,BTC-5APR19-4000-C,41.0,0.026000000000000002,0.2,2,1553682743388,16859335,58
2019-03-27 10:36:18.186,0.3,sell,4011.53,BTC-5APR19-4000-C,40.95,0.026000000000000002,0.3,3,1553682978186,16859409,59
2019-03-27 10:38:29.658,0.2,buy,4014.93,BTC-5APR19-4000-C,41.98,0.027000000000000003,0.2,0,1553683109658,16859455,60
2019-03-27 10:40:37.291,0.2,buy,4016.68,BTC-5APR19-4000-C,43.88,0.0285,0.2,0,1553683237291,16859541,61
2019-03-27 11:11:32.000,1.0,sell,4013.14,BTC-5APR19-4000-C,40.05,0.026000000000000002,1.0,2,1553685092000,16860232,62
2019-03-27 13:24:43.810,7.0,buy,4009.11,BTC-5APR19-4000-C,42.78,0.027000000000000003,7.0,0,1553693083810,16863494,63
2019-03-27 13:25:20.298,1.8,buy,4009.09,BTC-5APR19-4000-C,43.75,0.0275,1.8,0,1553693120298,16863497,64
2019-03-27 13:25:20.298,6.2,buy,4009.09,BTC-5APR19-4000-C,44.56,0.027999999999999997,6.2,0,1553693120298,16863498,65
2019-03-27 17:02:59.114,0.3,buy,4007.18,BTC-5APR19-4000-C,44.25,0.0275,0.3,2,1553706179114,16866787,66
2019-03-27 18:43:50.371,0.3,sell,4008.46,BTC-5APR19-4000-C,41.17,0.0255,0.3,2,1553712230371,16867627,67
