date_utc,amount,direction,indexPrice,instrument,iv,price,quantity,tickDirection,timeStamp,tradeId,tradeSeq
2019-04-09 18:09:57.669,0.2,sell,5210.37,BTC-31MAY19-7000-C,67.87,0.018000000000000002,0.2,1,1554833397669,17579678,1
2019-04-09 19:24:17.870,0.1,sell,5216.62,BTC-31MAY19-7000-C,67.15,0.0175,0.1,2,1554837857870,17580337,2
2019-04-10 21:47:06.350,0.1,sell,5264.23,BTC-31MAY19-7000-C,68.18,0.019,0.1,0,1554932826350,17646755,3
2019-04-11 17:11:09.827,1.0,buy,5038.92,BTC-31MAY19-7000-C,69.92,0.0145,1.0,2,1555002669827,17709000,4
2019-04-11 21:59:49.072,0.5,sell,5026.63,BTC-31MAY19-7000-C,65.53,0.011000000000000001,0.5,2,1555019989072,17718163,5
2019-04-12 15:09:48.248,1.0,buy,5078.58,BTC-31MAY19-7000-C,64.54,0.011000000000000001,1.0,3,1555081788248,17750855,6
2019-04-13 12:07:29.535,5.0,sell,5069.29,BTC-31MAY19-7000-C,63.86,0.01,5.0,2,1555157249535,17773149,7
2019-04-14 22:40:40.668,1.0,sell,5164.1,BTC-31MAY19-7000-C,62.93,0.0105,1.0,0,1555281640668,17807863,8
2019-04-15 00:17:11.225,1.0,sell,5162.81,BTC-31MAY19-7000-C,63.01,0.0105,1.0,1,1555287431225,17810417,9
2019-04-15 01:26:42.004,0.5,buy,5178.82,BTC-31MAY19-7000-C,63.34,0.011000000000000001,0.5,0,1555291602004,17811382,10
2019-04-16 20:08:24.109,0.1,sell,5183.8,BTC-31MAY19-7000-C,58.67,0.0075,0.1,2,1555445304109,17879111,11
2019-04-16 20:16:03.622,0.3,buy,5179.67,BTC-31MAY19-7000-C,59.68,0.008,0.3,0,1555445763622,17879187,12
2019-04-18 01:36:27.985,1.0,buy,5282.75,BTC-31MAY19-7000-C,59.3,0.009000000000000001,1.0,0,1555551387985,17913322,13
2019-04-18 08:34:58.985,1.0,sell,5240.19,BTC-31MAY19-7000-C,59.01,0.008,1.0,2,1555576498985,17919754,14
2019-04-18 18:41:31.181,0.1,buy,5282.04,BTC-31MAY19-7000-C,60.63,0.0095,0.1,0,1555612891181,17930972,15
2019-04-19 03:09:12.554,1.0,sell,5215.0,BTC-31MAY19-7000-C,60.27,0.008,1.0,2,1555643352554,17945123,16
2019-04-19 03:15:30.892,9.0,buy,5211.84,BTC-31MAY19-7000-C,59.45,0.0075,9.0,2,1555643730892,17945339,17
2019-04-19 03:23:42.607,10.0,sell,5226.16,BTC-31MAY19-7000-C,57.13,0.0065,10.0,2,1555644222607,17945530,18
2019-04-19 09:03:11.827,0.2,sell,5257.54,BTC-31MAY19-7000-C,55.41,0.006,0.2,2,1555664591827,17948722,19
2019-04-22 11:54:10.073,1.0,sell,5309.71,BTC-31MAY19-7000-C,58.13,0.006999999999999999,1.0,0,1555934050073,18036553,20
2019-04-23 04:37:23.118,16.0,sell,5538.76,BTC-31MAY19-7000-C,56.99,0.01,16.0,0,1555994243118,18091797,21
2019-04-23 04:37:23.118,4.0,sell,5538.76,BTC-31MAY19-7000-C,56.99,0.01,4.0,1,1555994243118,18091798,22
2019-04-23 17:28:41.260,0.3,buy,5610.28,BTC-31MAY19-7000-C,60.21,0.0135,0.3,0,1556040521260,18117158,23
2019-04-23 22:09:14.104,10.0,sell,5552.53,BTC-31MAY19-7000-C,62.24,0.0135,10.0,1,1556057354104,18124886,24
2019-04-23 22:09:14.104,6.0,sell,5552.53,BTC-31MAY19-7000-C,62.24,0.0135,6.0,1,1556057354104,18124887,25
2019-04-23 22:17:06.509,4.0,sell,5534.23,BTC-31MAY19-7000-C,62.84,0.0135,4.0,1,1556057826509,18126898,26
2019-04-24 06:23:03.583,2.0,sell,5605.18,BTC-31MAY19-7000-C,60.13,0.013,2.0,2,1556086983583,18147467,27
2019-04-24 07:57:36.587,10.0,sell,5462.94,BTC-31MAY19-7000-C,63.32,0.012,10.0,2,1556092656587,18158007,28
2019-04-24 08:56:10.516,15.0,sell,5483.71,BTC-31MAY19-7000-C,62.69,0.012,15.0,3,1556096170516,18163023,29
2019-04-25 06:07:19.689,1.5,sell,5419.06,BTC-31MAY19-7000-C,62.38,0.01,1.5,2,1556172439689,18208335,30
2019-04-26 04:08:52.251,1.0,buy,5224.67,BTC-31MAY19-7000-C,66.69,0.0085,1.0,2,1556251732251,18309629,31
2019-04-26 17:15:42.694,1.2,buy,5089.53,BTC-31MAY19-7000-C,69.48,0.0075,1.2,2,1556298942694,18341775,32
2019-04-28 20:54:06.205,12.2,buy,5139.9,BTC-31MAY19-7000-C,70.11,0.0075,12.2,0,1556484846205,18400985,34
2019-04-28 20:54:06.205,7.8,buy,5139.9,BTC-31MAY19-7000-C,69.01,0.006999999999999999,7.8,2,1556484846205,18400984,33
2019-04-29 19:57:12.427,10.0,buy,5151.32,BTC-31MAY19-7000-C,68.53,0.0065,10.0,2,1556567832427,18435842,35
2019-04-29 19:57:12.427,10.0,buy,5151.32,BTC-31MAY19-7000-C,69.68,0.006999999999999999,10.0,0,1556567832427,18435843,36
2019-04-30 13:55:05.685,0.4,buy,5253.43,BTC-31MAY19-7000-C,67.17,0.006999999999999999,0.4,1,1556632505685,18471506,37
2019-04-30 13:59:12.260,9.6,sell,5252.97,BTC-31MAY19-7000-C,67.18,0.006999999999999999,9.6,1,1556632752260,18471573,38
2019-04-30 15:27:19.293,0.4,buy,5255.96,BTC-31MAY19-7000-C,68.24,0.0075,0.4,0,1556638039293,18477304,39
2019-04-30 15:27:19.322,0.4,buy,5255.96,BTC-31MAY19-7000-C,68.24,0.0075,0.4,1,1556638039322,18477306,40
2019-04-30 15:27:19.963,0.4,buy,5255.96,BTC-31MAY19-7000-C,68.24,0.0075,0.4,1,1556638039963,18477307,41
2019-04-30 15:27:19.988,0.4,buy,5255.96,BTC-31MAY19-7000-C,68.24,0.0075,0.4,1,1556638039988,18477309,42
2019-04-30 15:27:20.629,0.4,buy,5255.96,BTC-31MAY19-7000-C,68.24,0.0075,0.4,1,1556638040629,18477310,43
2019-04-30 15:27:20.647,0.4,buy,5255.96,BTC-31MAY19-7000-C,68.24,0.0075,0.4,1,1556638040647,18477312,44
2019-04-30 15:27:20.690,0.4,buy,5255.75,BTC-31MAY19-7000-C,68.25,0.0075,0.4,1,1556638040690,18477314,45
2019-04-30 15:27:20.708,0.4,buy,5255.75,BTC-31MAY19-7000-C,68.25,0.0075,0.4,1,1556638040708,18477316,46
2019-04-30 15:27:20.729,0.4,buy,5255.75,BTC-31MAY19-7000-C,68.25,0.0075,0.4,1,1556638040729,18477318,47
2019-04-30 15:27:20.745,0.4,buy,5255.75,BTC-31MAY19-7000-C,68.25,0.0075,0.4,1,1556638040745,18477320,48
2019-04-30 15:27:20.768,0.4,buy,5255.75,BTC-31MAY19-7000-C,68.25,0.0075,0.4,1,1556638040768,18477322,49
2019-04-30 15:27:20.785,0.4,buy,5255.75,BTC-31MAY19-7000-C,68.25,0.0075,0.4,1,1556638040785,18477324,50
2019-04-30 15:27:20.800,0.4,buy,5255.75,BTC-31MAY19-7000-C,68.25,0.0075,0.4,1,1556638040800,18477327,51
2019-04-30 15:27:20.814,0.4,buy,5255.75,BTC-31MAY19-7000-C,68.25,0.0075,0.4,1,1556638040814,18477329,52
2019-04-30 15:27:20.831,0.4,buy,5255.75,BTC-31MAY19-7000-C,68.25,0.0075,0.4,1,1556638040831,18477330,53
2019-04-30 15:27:20.844,0.4,buy,5255.75,BTC-31MAY19-7000-C,68.25,0.0075,0.4,1,1556638040844,18477331,54
2019-04-30 15:27:20.858,0.4,buy,5255.75,BTC-31MAY19-7000-C,68.25,0.0075,0.4,1,1556638040858,18477332,55
2019-04-30 15:27:20.879,0.4,buy,5255.75,BTC-31MAY19-7000-C,68.25,0.0075,0.4,1,1556638040879,18477333,56
2019-04-30 15:27:20.903,0.4,buy,5255.75,BTC-31MAY19-7000-C,68.25,0.0075,0.4,1,1556638040903,18477334,57
2019-04-30 15:27:20.917,0.4,buy,5255.75,BTC-31MAY19-7000-C,68.25,0.0075,0.4,1,1556638040917,18477335,58
2019-04-30 15:27:20.929,0.4,buy,5255.75,BTC-31MAY19-7000-C,68.25,0.0075,0.4,1,1556638040929,18477336,59
2019-04-30 15:27:20.946,0.4,buy,5255.75,BTC-31MAY19-7000-C,68.25,0.0075,0.4,1,1556638040946,18477337,60
2019-04-30 15:27:21.026,0.4,buy,5255.75,BTC-31MAY19-7000-C,68.25,0.0075,0.4,1,1556638041026,18477338,61
2019-04-30 15:27:21.416,0.4,buy,5255.75,BTC-31MAY19-7000-C,68.25,0.0075,0.4,1,1556638041416,18477339,62
2019-04-30 15:27:22.330,0.4,buy,5255.75,BTC-31MAY19-7000-C,68.25,0.0075,0.4,1,1556638042330,18477341,63
2019-04-30 15:27:25.365,0.4,buy,5255.75,BTC-31MAY19-7000-C,69.31,0.008,0.4,0,1556638045365,18477352,64
2019-04-30 15:27:25.407,0.4,buy,5255.75,BTC-31MAY19-7000-C,69.31,0.008,0.4,1,1556638045407,18477356,65
2019-04-30 15:58:14.037,0.4,sell,5259.67,BTC-31MAY19-7000-C,67.05,0.006999999999999999,0.4,3,1556639894037,18477955,67
2019-04-30 15:58:14.037,1.0,sell,5259.67,BTC-31MAY19-7000-C,67.05,0.006999999999999999,1.0,2,1556639894037,18477954,66
2019-05-02 07:16:59.840,1.0,buy,5341.65,BTC-31MAY19-7000-C,66.16,0.006999999999999999,1.0,3,1556781419840,18534340,69
2019-05-02 07:16:59.840,10.0,buy,5341.65,BTC-31MAY19-7000-C,66.16,0.006999999999999999,10.0,3,1556781419840,18534339,68
2019-05-02 07:17:00.116,1.0,sell,5341.65,BTC-31MAY19-7000-C,66.16,0.006999999999999999,1.0,3,1556781420116,18534343,70
2019-05-02 07:17:00.176,1.0,sell,5341.65,BTC-31MAY19-7000-C,66.16,0.006999999999999999,1.0,3,1556781420176,18534345,71
2019-05-02 07:17:00.246,1.0,sell,5341.65,BTC-31MAY19-7000-C,66.16,0.006999999999999999,1.0,3,1556781420246,18534346,72
2019-05-02 09:11:37.781,0.1,sell,5358.79,BTC-31MAY19-7000-C,65.67,0.006999999999999999,0.1,3,1556788297781,18542721,73
2019-05-03 06:37:25.064,0.1,buy,5539.7,BTC-31MAY19-7000-C,60.55,0.006999999999999999,0.1,3,1556865445064,18605709,74
2019-05-03 07:41:08.459,0.2,buy,5570.53,BTC-31MAY19-7000-C,61.6,0.008,0.2,0,1556869268459,18613577,75
2019-05-03 09:35:25.677,0.1,buy,5721.64,BTC-31MAY19-7000-C,61.74,0.011,0.1,0,1556876125677,18645158,76
2019-05-03 09:35:26.712,0.1,buy,5721.7,BTC-31MAY19-7000-C,61.74,0.011000000000000001,0.1,1,1556876126712,18645161,77
2019-05-04 04:23:06.670,0.4,sell,5708.23,BTC-31MAY19-7000-C,61.4,0.01,0.4,2,1556943786670,18748131,78
2019-05-04 04:38:29.753,0.5,buy,5721.53,BTC-31MAY19-7000-C,61.8,0.0105,0.5,0,1556944709753,18748680,79
2019-05-04 10:27:57.432,0.1,buy,5712.03,BTC-31MAY19-7000-C,61.55,0.01,0.1,2,1556965677432,18759479,80
2019-05-04 11:54:10.565,0.1,buy,5719.92,BTC-31MAY19-7000-C,62.2,0.0105,0.1,0,1556970850565,18761254,81
2019-05-04 13:37:01.675,8.3,sell,5670.26,BTC-31MAY19-7000-C,61.41,0.009000000000000001,8.3,2,1556977021675,18765409,82
2019-05-04 13:48:37.731,0.1,sell,5615.98,BTC-31MAY19-7000-C,61.42,0.008,0.1,2,1556977717731,18768951,83
2019-05-04 13:49:12.782,0.5,sell,5585.41,BTC-31MAY19-7000-C,61.48,0.0075,0.5,2,1556977752782,18769959,84
2019-05-04 22:43:13.025,0.1,sell,5807.71,BTC-31MAY19-7000-C,61.13,0.0115,0.1,0,1557009793025,18827396,85
2019-05-04 23:37:05.785,0.4,sell,5762.45,BTC-31MAY19-7000-C,62.05,0.011,0.4,2,1557013025785,18832812,86
2019-05-06 07:13:32.549,0.1,buy,5621.29,BTC-31MAY19-7000-C,69.06,0.011,0.1,3,1557126812549,18938136,87
2019-05-06 09:17:51.658,0.1,sell,5622.77,BTC-31MAY19-7000-C,65.38,0.009000000000000001,0.1,2,1557134271658,18944856,88
2019-05-06 13:42:20.257,0.3,sell,5634.26,BTC-31MAY19-7000-C,67.11,0.01,0.3,0,1557150140257,18952202,89
2019-05-06 13:42:20.257,7.3,sell,5634.26,BTC-31MAY19-7000-C,67.11,0.01,7.3,1,1557150140257,18952203,90
2019-05-06 13:42:30.501,2.4,buy,5634.1,BTC-31MAY19-7000-C,67.11,0.01,2.4,1,1557150150501,18952204,91
2019-05-06 17:50:46.407,0.1,buy,5702.52,BTC-31MAY19-7000-C,68.28,0.012,0.1,0,1557165046407,18967633,92
2019-05-06 19:15:57.685,1.0,sell,5724.11,BTC-31MAY19-7000-C,67.52,0.012,1.0,1,1557170157685,18973622,93
2019-05-06 19:16:02.359,1.4,sell,5719.91,BTC-31MAY19-7000-C,67.68,0.012,1.4,1,1557170162359,18973781,94
2019-05-07 02:35:34.572,0.1,buy,5864.13,BTC-31MAY19-7000-C,64.02,0.013,0.1,0,1557196534572,19001373,95
2019-05-07 02:58:45.916,0.1,buy,5907.87,BTC-31MAY19-7000-C,63.84,0.014,0.1,0,1557197925916,19008927,96
2019-05-07 02:59:58.726,0.1,buy,5916.39,BTC-31MAY19-7000-C,64.25,0.0145,0.1,0,1557197998726,19009867,97
2019-05-07 03:00:15.622,0.1,buy,5921.23,BTC-31MAY19-7000-C,64.8,0.015,0.1,0,1557198015622,19010163,98
2019-05-07 03:01:16.793,0.1,buy,5930.12,BTC-31MAY19-7000-C,64.43,0.015,0.1,1,1557198076793,19010654,99
2019-05-07 03:30:35.985,5.0,buy,5903.22,BTC-31MAY19-7000-C,68.49,0.017,5.0,0,1557199835985,19020108,100
2019-05-07 03:32:09.172,5.0,buy,5899.84,BTC-31MAY19-7000-C,68.63,0.017,5.0,1,1557199929172,19020254,101
2019-05-07 09:28:50.141,10.0,sell,5889.96,BTC-31MAY19-7000-C,64.93,0.014,10.0,2,1557221330141,19035636,102
2019-05-07 09:46:17.221,2.0,buy,5914.11,BTC-31MAY19-7000-C,65.47,0.015,2.0,0,1557222377221,19036410,103
2019-05-07 14:00:06.904,0.1,buy,5947.98,BTC-31MAY19-7000-C,65.78,0.016,0.1,0,1557237606904,19045519,104
2019-05-07 18:13:49.299,1.2,buy,5884.24,BTC-31MAY19-7000-C,65.66,0.013999999999999999,1.2,2,1557252829299,19070249,105
2019-05-07 22:02:47.326,5.0,buy,5887.29,BTC-31MAY19-7000-C,65.76,0.013999999999999999,5.0,3,1557266567326,19082363,106
2019-05-07 22:03:25.030,5.0,buy,5889.79,BTC-31MAY19-7000-C,65.66,0.013999999999999999,5.0,3,1557266605030,19082431,107
2019-05-08 04:43:20.827,1.0,sell,5798.38,BTC-31MAY19-7000-C,65.66,0.0115,1.0,2,1557290600827,19130276,108
2019-05-08 08:54:54.175,1.2,sell,5800.65,BTC-31MAY19-7000-C,66.68,0.012,1.2,0,1557305694175,19138314,109
2019-05-08 08:55:34.987,0.2,sell,5804.77,BTC-31MAY19-7000-C,66.52,0.012,0.2,1,1557305734987,19138389,110
2019-05-09 03:49:30.822,0.4,sell,6035.05,BTC-31MAY19-7000-C,64.28,0.016,0.4,0,1557373770822,19219148,111
2019-05-09 04:28:47.048,0.6,buy,6041.75,BTC-31MAY19-7000-C,64.03,0.016,0.6,1,1557376127048,19219959,112
2019-05-09 05:15:38.038,5.0,buy,6070.88,BTC-31MAY19-7000-C,63.52,0.0165,5.0,0,1557378938038,19222056,113
2019-05-09 07:10:16.638,0.1,sell,6069.54,BTC-31MAY19-7000-C,63.7,0.0165,0.1,1,1557385816638,19225926,114
2019-05-09 08:20:11.087,0.1,sell,6060.53,BTC-31MAY19-7000-C,63.44,0.016,0.1,2,1557390011087,19227832,115
2019-05-09 12:52:23.047,1.0,sell,5989.65,BTC-31MAY19-7000-C,62.98,0.0135,1.0,2,1557406343047,19242780,116
2019-05-09 17:06:39.592,0.1,sell,6040.32,BTC-31MAY19-7000-C,62.61,0.0145,0.1,0,1557421599592,19255076,117
2019-05-09 19:00:53.772,19.3,buy,6047.37,BTC-31MAY19-7000-C,64.67,0.016,19.3,0,1557428453772,19259282,119
2019-05-09 19:00:53.772,0.4,buy,6047.37,BTC-31MAY19-7000-C,63.93,0.0155,0.4,0,1557428453772,19259281,118
2019-05-09 19:45:53.727,0.3,buy,6061.55,BTC-31MAY19-7000-C,65.55,0.017,0.3,0,1557431153727,19260349,120
2019-05-09 21:58:26.670,0.6,sell,6107.96,BTC-31MAY19-7000-C,61.42,0.0155,0.6,3,1557439106670,19271199,122
2019-05-09 21:58:26.670,0.4,sell,6107.96,BTC-31MAY19-7000-C,61.42,0.0155,0.4,2,1557439106670,19271198,121
2019-05-09 22:42:01.010,0.4,buy,6144.82,BTC-31MAY19-7000-C,61.97,0.017,0.4,0,1557441721010,19274090,123
2019-05-09 22:43:18.503,4.6000000000000005,buy,6146.66,BTC-31MAY19-7000-C,61.89,0.017,4.6000000000000005,1,1557441798503,19274316,124
2019-05-10 02:47:20.367,1.0,sell,6245.79,BTC-31MAY19-7000-C,61.64,0.02,1.0,0,1557456440367,19298356,125
2019-05-10 02:52:45.366,5.0,sell,6234.68,BTC-31MAY19-7000-C,62.17,0.02,5.0,1,1557456765366,19299334,126
2019-05-10 03:11:52.751,0.1,buy,6278.64,BTC-31MAY19-7000-C,62.69,0.022000000000000002,0.1,0,1557457912751,19302239,127
2019-05-10 04:38:12.679,5.0,buy,6231.78,BTC-31MAY19-7000-C,63.08,0.0205,5.0,2,1557463092679,19318745,128
2019-05-10 05:04:14.666,10.0,sell,6270.6,BTC-31MAY19-7000-C,63.83,0.0225,10.0,0,1557464654666,19322447,129
2019-05-10 06:16:40.191,0.1,sell,6269.27,BTC-31MAY19-7000-C,62.69,0.0215,0.1,2,1557469000191,19326456,130
2019-05-10 06:35:51.468,0.1,buy,6284.81,BTC-31MAY19-7000-C,63.87,0.023,0.1,0,1557470151468,19327056,131
2019-05-10 07:06:48.208,0.3,buy,6308.01,BTC-31MAY19-7000-C,65.27,0.025,0.3,0,1557472008208,19329205,132
2019-05-10 07:41:17.153,1.0,sell,6322.14,BTC-31MAY19-7000-C,63.98,0.0245,1.0,2,1557474077153,19334190,133
2019-05-10 07:43:53.928,1.0,sell,6326.22,BTC-31MAY19-7000-C,63.16,0.024,1.0,2,1557474233928,19335014,134
2019-05-10 08:07:57.064,10.0,sell,6328.85,BTC-31MAY19-7000-C,63.67,0.0245,10.0,0,1557475677064,19336803,135
2019-05-10 15:31:52.132,0.4,buy,6272.92,BTC-31MAY19-7000-C,62.44,0.021,0.4,2,1557502312132,19365583,136
2019-05-10 16:07:30.066,10.0,sell,6322.29,BTC-31MAY19-7000-C,58.76,0.02,10.0,2,1557504450066,19368715,137
2019-05-10 18:37:39.074,29.6,buy,6397.85,BTC-31MAY19-7000-C,62.67,0.026000000000000002,29.6,1,1557513459074,19389807,139
2019-05-10 18:37:39.074,0.4,buy,6397.85,BTC-31MAY19-7000-C,62.67,0.026000000000000002,0.4,0,1557513459074,19389806,138
2019-05-10 20:43:07.261,2.0,sell,6293.15,BTC-31MAY19-7000-C,63.73,0.0225,2.0,2,1557520987261,19400773,140
2019-05-11 01:54:22.396,0.1,buy,6464.37,BTC-31MAY19-7000-C,61.45,0.0275,0.1,0,1557539662396,19423446,141
2019-05-11 02:58:15.920,0.1,sell,6504.82,BTC-31MAY19-7000-C,59.94,0.027999999999999997,0.1,0,1557543495920,19433212,142
2019-05-11 03:12:06.010,0.6,buy,6546.1,BTC-31MAY19-7000-C,65.75,0.035,0.6,0,1557544326010,19435958,144
2019-05-11 03:12:06.010,0.4,buy,6546.1,BTC-31MAY19-7000-C,62.9,0.0325,0.4,0,1557544326010,19435957,143
2019-05-11 03:53:05.508,1.0,buy,6567.53,BTC-31MAY19-7000-C,64.02,0.0345,1.0,2,1557546785508,19440698,145
2019-05-11 04:57:05.448,0.4,sell,6712.9,BTC-31MAY19-7000-C,62.74,0.041,0.4,0,1557550625448,19459082,146
2019-05-11 04:58:29.160,0.4,buy,6723.19,BTC-31MAY19-7000-C,63.75,0.0425,0.4,0,1557550709160,19459938,147
2019-05-11 06:09:01.429,0.1,buy,6817.81,BTC-31MAY19-7000-C,59.49,0.044000000000000004,0.1,0,1557554941429,19480994,148
2019-05-11 06:11:35.569,9.9,buy,6832.58,BTC-31MAY19-7000-C,58.54,0.044000000000000004,9.9,1,1557555095569,19483082,149
2019-05-11 06:25:46.132,0.2,sell,6919.63,BTC-31MAY19-7000-C,66.11,0.0565,0.2,0,1557555946132,19494861,150
2019-05-11 06:30:39.647,0.1,sell,6963.78,BTC-31MAY19-7000-C,66.25,0.0595,0.1,0,1557556239647,19498807,151
2019-05-11 06:31:12.747,0.1,buy,6955.8,BTC-31MAY19-7000-C,66.81,0.0595,0.1,1,1557556272747,19499121,152
2019-05-11 06:42:30.133,0.4,buy,6816.71,BTC-31MAY19-7000-C,64.44,0.0485,0.4,2,1557556950133,19507297,153
2019-05-11 06:42:30.134,0.6,sell,6816.71,BTC-31MAY19-7000-C,64.97,0.049,0.6,0,1557556950134,19507298,154
2019-05-11 06:51:22.073,1.0,buy,6763.2,BTC-31MAY19-7000-C,67.34,0.048,1.0,2,1557557482073,19514635,155
2019-05-11 06:54:11.101,0.2,buy,6801.99,BTC-31MAY19-7000-C,63.79,0.047,0.2,2,1557557651101,19515803,156
2019-05-11 07:03:36.061,1.0,sell,6795.59,BTC-31MAY19-7000-C,62.05,0.045,1.0,2,1557558216061,19519560,157
2019-05-11 07:08:57.815,1.0,sell,6794.42,BTC-31MAY19-7000-C,62.13,0.045,1.0,3,1557558537815,19520761,158
2019-05-11 07:09:44.133,1.0,buy,6799.46,BTC-31MAY19-7000-C,61.81,0.045,1.0,3,1557558584133,19520918,159
2019-05-11 07:15:32.810,1.0,buy,6811.1,BTC-31MAY19-7000-C,61.07,0.045,1.0,3,1557558932810,19522199,160
2019-05-11 10:01:46.212,0.4,buy,6803.58,BTC-31MAY19-7000-C,64.97,0.048,0.4,0,1557568906212,19546819,161
2019-05-11 10:02:17.871,0.1,buy,6816.02,BTC-31MAY19-7000-C,64.17,0.048,0.1,1,1557568937871,19546977,162
2019-05-11 10:26:11.956,3.0,sell,6820.51,BTC-31MAY19-7000-C,70.9,0.0545,3.0,0,1557570371956,19550528,163
2019-05-11 10:29:02.774,3.0,buy,6831.28,BTC-31MAY19-7000-C,71.28,0.0555,3.0,0,1557570542774,19550739,164
2019-05-11 10:36:42.473,0.9,buy,6839.85,BTC-31MAY19-7000-C,71.26,0.055999999999999994,0.9,0,1557571002473,19551494,165
2019-05-11 10:36:57.496,0.5,buy,6838.53,BTC-31MAY19-7000-C,71.34,0.055999999999999994,0.5,1,1557571017496,19551515,166
2019-05-11 10:38:17.807,1.0,buy,6835.94,BTC-31MAY19-7000-C,71.52,0.055999999999999994,1.0,1,1557571097807,19551615,167
2019-05-11 10:39:07.352,0.5,buy,6828.59,BTC-31MAY19-7000-C,71.47,0.0555,0.5,2,1557571147352,19551702,168
2019-05-11 10:51:59.199,0.4,sell,6830.93,BTC-31MAY19-7000-C,68.1,0.0525,0.4,2,1557571919199,19553474,169
2019-05-11 12:13:59.066,0.4,buy,6742.59,BTC-31MAY19-7000-C,76.08,0.0545,0.4,0,1557576839066,19561632,170
2019-05-11 12:14:31.703,0.4,buy,6739.85,BTC-31MAY19-7000-C,77.88,0.055999999999999994,0.4,0,1557576871703,19561758,171
2019-05-11 12:30:51.874,0.4,sell,6771.67,BTC-31MAY19-7000-C,75.86,0.055999999999999994,0.4,1,1557577851874,19563553,172
2019-05-11 12:30:51.945,0.4,sell,6771.67,BTC-31MAY19-7000-C,75.86,0.055999999999999994,0.4,1,1557577851945,19563554,173
2019-05-11 12:37:45.797,0.4,sell,6766.06,BTC-31MAY19-7000-C,76.23,0.055999999999999994,0.4,1,1557578265797,19564002,174
2019-05-11 12:40:25.218,1.0,sell,6759.79,BTC-31MAY19-7000-C,76.64,0.055999999999999994,1.0,1,1557578425218,19564262,175
2019-05-11 12:52:11.550,0.4,sell,6762.63,BTC-31MAY19-7000-C,71.06,0.051,0.4,2,1557579131550,19565265,176
2019-05-11 12:52:11.550,20.0,sell,6762.63,BTC-31MAY19-7000-C,69.43,0.0495,20.0,2,1557579131550,19565266,177
2019-05-11 14:32:57.350,0.1,sell,6773.05,BTC-31MAY19-7000-C,68.34,0.049,0.1,2,1557585177350,19573369,178
2019-05-11 15:57:07.994,2.0,buy,6921.65,BTC-31MAY19-7000-C,77.97,0.067,2.0,0,1557590227994,19587980,179
2019-05-11 16:33:13.573,0.4,sell,6967.28,BTC-31MAY19-7000-C,75.9,0.068,0.4,0,1557592393573,19605102,180
2019-05-11 16:45:11.834,1.0,sell,6954.04,BTC-31MAY19-7000-C,75.77,0.067,1.0,2,1557593111834,19606606,181
2019-05-11 16:52:47.885,1.0,sell,6925.5,BTC-31MAY19-7000-C,76.16,0.0655,1.0,2,1557593567885,19610053,182
2019-05-11 19:06:12.623,1.0,sell,6942.06,BTC-31MAY19-7000-C,75.18,0.0655,1.0,3,1557601572623,19629730,183
2019-05-11 19:21:49.344,1.0,sell,6944.12,BTC-31MAY19-7000-C,74.52,0.065,1.0,2,1557602509344,19630983,184
2019-05-11 19:57:51.585,1.0,buy,6948.62,BTC-31MAY19-7000-C,78.59,0.069,1.0,0,1557604671585,19634162,185
2019-05-11 22:06:42.199,0.6,sell,7155.55,BTC-31MAY19-7000-C,63.22,0.069,0.6,2,1557612402199,19654885,187
2019-05-11 22:06:42.199,0.4,sell,7155.55,BTC-31MAY19-7000-C,79.91,0.084,0.4,0,1557612402199,19654884,186
2019-05-11 22:12:33.970,0.5,buy,7135.34,BTC-31MAY19-7000-C,79.82,0.0825,0.5,0,1557612753970,19659327,188
2019-05-11 22:24:08.701,0.4,buy,7221.44,BTC-31MAY19-7000-C,90.44,0.098,0.4,0,1557613448701,19665002,189
2019-05-11 22:24:08.701,0.1,buy,7221.44,BTC-31MAY19-7000-C,91.0,0.0985,0.1,0,1557613448701,19665003,190
2019-05-11 22:34:48.645,0.2,buy,7309.64,BTC-31MAY19-7000-C,93.66,0.107,0.2,0,1557614088645,19673999,191
2019-05-11 23:11:43.344,0.4,sell,7407.93,BTC-31MAY19-7000-C,89.08,0.11,0.4,0,1557616303344,19696939,192
2019-05-11 23:11:44.226,0.4,buy,7409.7,BTC-31MAY19-7000-C,88.35,0.1095,0.4,2,1557616304226,19696960,193
2019-05-11 23:11:44.290,0.2,buy,7409.7,BTC-31MAY19-7000-C,88.35,0.1095,0.2,3,1557616304290,19696963,194
2019-05-11 23:30:58.520,0.4,buy,7413.87,BTC-31MAY19-7000-C,97.95,0.11800000000000001,0.4,0,1557617458520,19711838,195
2019-05-12 00:08:10.333,0.4,sell,7285.27,BTC-31MAY19-7000-C,86.66,0.099,0.4,2,1557619690333,19734996,196
2019-05-12 00:08:36.508,0.1,buy,7296.05,BTC-31MAY19-7000-C,85.78,0.099,0.1,3,1557619716508,19735091,197
2019-05-12 00:14:16.871,0.4,buy,7293.39,BTC-31MAY19-7000-C,86.58,0.0995,0.4,0,1557620056871,19737399,198
2019-05-12 01:45:59.021,0.4,buy,7228.75,BTC-31MAY19-7000-C,91.89,0.0995,0.4,1,1557625559021,19780349,199
2019-05-12 01:45:59.115,0.4,buy,7228.75,BTC-31MAY19-7000-C,91.89,0.0995,0.4,1,1557625559115,19780350,200
2019-05-12 02:10:55.919,0.5,buy,7243.05,BTC-31MAY19-7000-C,90.81,0.0995,0.5,1,1557627055919,19785351,201
2019-05-12 04:17:30.479,0.1,buy,7208.89,BTC-31MAY19-7000-C,88.62,0.095,0.1,2,1557634650479,19803878,202
2019-05-12 05:29:27.800,1.0,buy,7270.28,BTC-31MAY19-7000-C,88.95,0.0995,1.0,0,1557638967800,19810622,203
2019-05-12 05:29:31.343,1.0,buy,7269.75,BTC-31MAY19-7000-C,89.0,0.0995,1.0,1,1557638971343,19810645,204
2019-05-12 05:29:41.081,0.4,buy,7271.7,BTC-31MAY19-7000-C,88.84,0.0995,0.4,1,1557638981081,19810679,205
2019-05-12 05:29:50.045,0.4,buy,7277.63,BTC-31MAY19-7000-C,88.36,0.0995,0.4,1,1557638990045,19810723,206
2019-05-12 05:29:50.084,0.4,buy,7277.63,BTC-31MAY19-7000-C,88.36,0.0995,0.4,1,1557638990084,19810724,207
2019-05-12 05:29:50.111,0.4,buy,7277.63,BTC-31MAY19-7000-C,88.36,0.0995,0.4,1,1557638990111,19810725,208
2019-05-12 05:37:01.537,0.1,buy,7297.48,BTC-31MAY19-7000-C,86.75,0.0995,0.1,1,1557639421537,19812407,209
2019-05-12 05:40:36.979,0.4,buy,7345.54,BTC-31MAY19-7000-C,87.39,0.1035,0.4,0,1557639636979,19813766,210
2019-05-12 05:40:44.097,1.0,buy,7345.99,BTC-31MAY19-7000-C,87.35,0.1035,1.0,1,1557639644097,19813834,211
2019-05-12 05:40:46.813,1.0,buy,7346.7,BTC-31MAY19-7000-C,87.29,0.1035,1.0,1,1557639646813,19813877,212
2019-05-12 05:42:40.184,0.2,buy,7344.03,BTC-31MAY19-7000-C,94.47,0.1095,0.2,0,1557639760184,19814462,213
2019-05-12 06:31:28.192,0.4,sell,7402.27,BTC-31MAY19-7000-C,94.39,0.1135,0.4,0,1557642688192,19822783,214
2019-05-12 07:42:37.398,0.1,buy,7524.1,BTC-31MAY19-7000-C,101.99,0.1285,0.1,0,1557646957398,19838935,215
2019-05-12 09:43:02.046,0.4,sell,7479.04,BTC-31MAY19-7000-C,85.04,0.111,0.4,2,1557654182046,19881964,216
2019-05-12 09:43:08.021,0.4,buy,7489.47,BTC-31MAY19-7000-C,83.49,0.1105,0.4,2,1557654188021,19882021,217
2019-05-12 09:43:53.522,1.0,buy,7473.8,BTC-31MAY19-7000-C,84.91,0.1105,1.0,3,1557654233522,19882617,218
2019-05-12 09:43:56.021,1.0,buy,7475.65,BTC-31MAY19-7000-C,84.75,0.1105,1.0,3,1557654236021,19882635,219
2019-05-12 09:44:31.498,0.4,buy,7489.88,BTC-31MAY19-7000-C,83.45,0.1105,0.4,3,1557654271498,19882828,220
2019-05-12 09:44:47.331,16.8,buy,7496.47,BTC-31MAY19-7000-C,82.85,0.1105,16.8,3,1557654287331,19882889,221
2019-05-12 09:46:50.418,0.2,sell,7355.79,BTC-31MAY19-7000-C,95.09,0.1105,0.2,3,1557654410418,19884748,222
2019-05-12 10:30:21.011,3.0,sell,7346.94,BTC-31MAY19-7000-C,88.9,0.1045,3.0,2,1557657021011,19906477,223
2019-05-12 10:35:27.401,0.9,sell,7305.21,BTC-31MAY19-7000-C,92.37,0.1045,0.9,3,1557657327401,19909002,224
2019-05-12 10:35:59.853,0.1,sell,7279.62,BTC-31MAY19-7000-C,92.72,0.10300000000000001,0.1,2,1557657359853,19909569,225
2019-05-12 10:37:25.137,0.4,sell,7314.3,BTC-31MAY19-7000-C,82.34,0.0965,0.4,2,1557657445137,19910383,226
2019-05-12 12:12:09.836,20.0,buy,7120.58,BTC-31MAY19-7000-C,92.29,0.0915,20.0,2,1557663129836,19958497,227
2019-05-12 13:37:40.655,0.2,buy,7205.47,BTC-31MAY19-7000-C,86.39,0.092,0.2,0,1557668260655,19974957,228
2019-05-12 13:52:02.163,0.4,sell,7148.84,BTC-31MAY19-7000-C,79.57,0.08199999999999999,0.4,2,1557669122163,19978765,229
2019-05-12 13:56:07.743,0.4,sell,7109.64,BTC-31MAY19-7000-C,78.14,0.078,0.4,2,1557669367743,19979715,230
2019-05-12 15:45:31.385,1.2,buy,6828.72,BTC-31MAY19-7000-C,78.74,0.06,1.2,2,1557675931385,20013899,231
2019-05-12 15:51:55.954,0.3,sell,6818.52,BTC-31MAY19-7000-C,74.44,0.0555,0.3,2,1557676315954,20017164,232
2019-05-12 16:50:59.819,1.0,sell,6841.02,BTC-31MAY19-7000-C,76.32,0.0585,1.0,0,1557679859819,20031998,233
2019-05-12 17:27:18.590,0.1,buy,6916.4,BTC-31MAY19-7000-C,81.65,0.068,0.1,0,1557682038590,20040116,234
2019-05-12 17:36:34.137,0.1,sell,6871.29,BTC-31MAY19-7000-C,79.29,0.063,0.1,2,1557682594137,20042755,235
2019-05-12 23:34:29.724,0.3,buy,6910.11,BTC-31MAY19-7000-C,84.35,0.0695,0.3,0,1557704069724,20106431,236
2019-05-13 00:35:31.887,2.0,sell,6911.91,BTC-31MAY19-7000-C,78.72,0.0645,2.0,2,1557707731887,20113084,237
2019-05-13 03:42:10.771,0.1,buy,7012.83,BTC-31MAY19-7000-C,83.97,0.0755,0.1,0,1557718930771,20126904,238
2019-05-13 05:43:36.736,10.0,buy,7090.89,BTC-31MAY19-7000-C,85.58,0.08199999999999999,10.0,0,1557726216736,20134561,239
2019-05-13 09:36:07.093,0.2,buy,7100.59,BTC-31MAY19-7000-C,88.65,0.085,0.2,0,1557740167093,20149154,240
2019-05-13 10:55:13.066,10.0,buy,7096.18,BTC-31MAY19-7000-C,86.83,0.083,10.0,2,1557744913066,20153959,241
2019-05-13 10:59:31.737,0.4,sell,7102.25,BTC-31MAY19-7000-C,81.19,0.0785,0.4,2,1557745171737,20154059,242
2019-05-13 10:59:40.326,4.6000000000000005,buy,7101.99,BTC-31MAY19-7000-C,81.22,0.0785,4.6000000000000005,3,1557745180326,20154103,243
2019-05-13 11:35:40.641,0.1,sell,7246.66,BTC-31MAY19-7000-C,80.44,0.08800000000000001,0.1,0,1557747340641,20160533,244
2019-05-13 11:40:41.987,0.4,buy,7294.12,BTC-31MAY19-7000-C,81.1,0.092,0.4,0,1557747641987,20162367,245
2019-05-13 11:40:42.036,0.4,buy,7294.12,BTC-31MAY19-7000-C,81.1,0.092,0.4,1,1557747642036,20162368,246
2019-05-13 12:29:02.349,0.1,buy,7327.37,BTC-31MAY19-7000-C,84.26,0.09699999999999999,0.1,0,1557750542349,20174048,247
2019-05-13 12:36:25.850,0.4,sell,7306.48,BTC-31MAY19-7000-C,83.1,0.0945,0.4,2,1557750985850,20175204,248
2019-05-13 12:36:54.166,0.4,sell,7315.19,BTC-31MAY19-7000-C,81.74,0.094,0.4,2,1557751014166,20175252,249
2019-05-13 12:36:54.166,2.2,sell,7315.19,BTC-31MAY19-7000-C,80.54,0.09300000000000001,2.2,2,1557751014166,20175253,250
2019-05-13 12:43:46.791,5.6000000000000005,sell,7321.02,BTC-31MAY19-7000-C,80.03,0.09300000000000001,5.6000000000000005,2,1557751426791,20176095,252
2019-05-13 12:43:46.791,0.4,sell,7321.02,BTC-31MAY19-7000-C,80.63,0.0935,0.4,0,1557751426791,20176094,251
2019-05-13 13:04:26.925,0.4,buy,7377.7,BTC-31MAY19-7000-C,88.93,0.1045,0.4,0,1557752666925,20179141,253
2019-05-13 13:04:26.925,12.0,buy,7377.7,BTC-31MAY19-7000-C,88.93,0.1045,12.0,1,1557752666925,20179142,254
2019-05-13 13:04:26.925,2.6,buy,7377.7,BTC-31MAY19-7000-C,88.93,0.1045,2.6,1,1557752666925,20179143,255
2019-05-13 13:26:48.805,2.9,sell,7375.43,BTC-31MAY19-7000-C,81.26,0.098,2.9,2,1557754008805,20184005,256
2019-05-13 14:22:09.852,0.4,sell,7426.73,BTC-31MAY19-7000-C,83.39,0.1035,0.4,0,1557757329852,20191558,257
2019-05-13 14:22:22.610,1.6,buy,7428.66,BTC-31MAY19-7000-C,82.59,0.10300000000000001,1.6,2,1557757342610,20191610,258
2019-05-13 14:38:25.361,1.0,buy,7500.54,BTC-31MAY19-7000-C,84.59,0.11,1.0,0,1557758305361,20196070,259
2019-05-13 14:41:39.162,0.4,sell,7479.97,BTC-31MAY19-7000-C,82.78,0.107,0.4,2,1557758499162,20197500,260
2019-05-13 14:41:39.162,0.4,sell,7479.97,BTC-31MAY19-7000-C,81.52,0.106,0.4,2,1557758499162,20197501,261
2019-05-13 14:56:49.452,0.2,sell,7482.52,BTC-31MAY19-7000-C,81.29,0.106,0.2,3,1557759409452,20202753,262
2019-05-13 15:54:20.150,0.2,buy,7793.15,BTC-31MAY19-7000-C,101.11,0.1445,0.2,0,1557762860150,20246451,263
2019-05-13 15:57:25.232,0.1,sell,7823.51,BTC-31MAY19-7000-C,101.45,0.147,0.1,0,1557763045232,20247118,264
2019-05-13 15:59:22.676,0.2,buy,7852.01,BTC-31MAY19-7000-C,101.98,0.1495,0.2,0,1557763162676,20247785,265
2019-05-13 16:07:05.700,8.0,sell,7957.59,BTC-31MAY19-7000-C,95.62,0.153,8.0,0,1557763625700,20251784,266
2019-05-13 16:08:09.930,2.0,sell,7888.15,BTC-31MAY19-7000-C,101.02,0.1515,2.0,2,1557763689930,20252595,267
2019-05-13 16:26:50.009,1.0,sell,7865.51,BTC-31MAY19-7000-C,111.66,0.1575,1.0,0,1557764810009,20260125,268
2019-05-13 17:18:47.690,1.5,buy,7914.19,BTC-31MAY19-7000-C,96.22,0.15,1.5,2,1557767927690,20276658,269
2019-05-13 17:44:21.689,2.0,sell,7856.75,BTC-31MAY19-7000-C,105.16,0.152,2.0,0,1557769461689,20285478,270
2019-05-13 17:57:15.108,1.0,buy,7816.79,BTC-31MAY19-7000-C,107.15,0.1505,1.0,2,1557770235108,20287886,271
2019-05-13 18:05:35.808,2.0,buy,7802.02,BTC-31MAY19-7000-C,94.26,0.14,2.0,2,1557770735808,20289335,272
2019-05-13 18:57:10.320,1.0,buy,7864.22,BTC-31MAY19-7000-C,94.71,0.145,1.0,0,1557773830320,20294776,273
2019-05-13 19:44:55.477,4.0,buy,7933.19,BTC-31MAY19-7000-C,100.2,0.154,4.0,0,1557776695477,20299451,274
2019-05-13 20:07:14.242,4.0,buy,7849.32,BTC-31MAY19-7000-C,98.57,0.1465,4.0,2,1557778034242,20304350,275
2019-05-13 23:25:27.767,6.0,sell,7734.89,BTC-31MAY19-7000-C,108.46,0.145,6.0,2,1557789927767,20363159,276
2019-05-13 23:33:34.999,6.0,buy,7835.13,BTC-31MAY19-7000-C,101.17,0.147,6.0,0,1557790414999,20365570,277
2019-05-14 02:59:50.018,0.5,sell,7912.05,BTC-31MAY19-7000-C,107.64,0.157,0.5,0,1557802790018,20404877,278
2019-05-14 08:00:16.026,0.8,sell,8333.69,BTC-31MAY19-7000-C,119.46,0.195,0.8,0,1557820816026,20460004,279
2019-05-14 14:08:14.682,5.0,sell,8161.82,BTC-31MAY19-7000-C,103.59,0.172,5.0,2,1557842894682,20525096,280
2019-05-14 14:13:49.923,5.0,sell,8179.66,BTC-31MAY19-7000-C,103.04,0.17300000000000001,5.0,0,1557843229923,20525507,281
2019-05-14 19:02:56.699,5.0,sell,7824.08,BTC-31MAY19-7000-C,110.44,0.151,5.0,2,1557860576699,20590386,282
2019-05-15 02:10:45.209,0.7000000000000001,buy,8012.59,BTC-31MAY19-7000-C,94.6,0.154,0.7000000000000001,0,1557886245209,20660027,283
2019-05-15 18:59:49.235,0.5,buy,8229.25,BTC-31MAY19-7000-C,94.82,0.17,0.5,0,1557946789235,20757550,284
2019-05-16 00:49:30.200,0.1,buy,8316.67,BTC-31MAY19-7000-C,101.5,0.18,0.1,0,1557967770200,20814325,285
2019-05-16 07:17:25.447,0.1,buy,8075.56,BTC-31MAY19-7000-C,100.16,0.16,0.1,2,1557991045447,20881029,286
2019-05-16 10:23:04.488,10.0,buy,7867.83,BTC-31MAY19-7000-C,103.89,0.146,10.0,2,1558002184488,20906503,287
2019-05-16 13:15:24.527,2.0,buy,7820.36,BTC-31MAY19-7000-C,100.65,0.14,2.0,2,1558012524527,20930052,288
2019-05-16 14:30:24.060,5.0,buy,8001.74,BTC-31MAY19-7000-C,104.07,0.156,5.0,0,1558017024060,20938348,289
2019-05-16 14:30:39.128,5.0,buy,8005.93,BTC-31MAY19-7000-C,103.54,0.156,5.0,1,1558017039128,20938437,290
2019-05-17 00:37:45.260,2.0,sell,7929.07,BTC-31MAY19-7000-C,109.75,0.153,2.0,2,1558053465260,21004403,291
2019-05-17 03:14:58.089,1.0,sell,7118.57,BTC-31MAY19-7000-C,117.44,0.1,1.0,2,1558062898089,21059436,292
2019-05-17 04:07:49.065,3.0,buy,7429.97,BTC-31MAY19-7000-C,112.95,0.11800000000000001,3.0,0,1558066069065,21092291,293
2019-05-17 04:07:49.146,0.9,sell,7430.02,BTC-31MAY19-7000-C,112.94,0.118,0.9,1,1558066069146,21092294,294
2019-05-17 04:38:49.840,0.1,buy,7307.68,BTC-31MAY19-7000-C,126.53,0.1195,0.1,0,1558067929840,21101107,295
2019-05-17 09:43:18.388,0.4,buy,7296.73,BTC-31MAY19-7000-C,102.33,0.1,0.4,2,1558086198388,21138093,296
2019-05-17 09:43:40.016,0.1,buy,7312.86,BTC-31MAY19-7000-C,100.78,0.1,0.1,3,1558086220016,21138275,297
2019-05-17 09:44:48.686,0.4,buy,7287.08,BTC-31MAY19-7000-C,99.23,0.09699999999999999,0.4,2,1558086288686,21138650,298
2019-05-17 12:19:09.448,0.2,sell,7024.7,BTC-31MAY19-7000-C,101.11,0.08,0.2,2,1558095549448,21162453,299
2019-05-17 17:57:09.213,1.0,buy,7047.52,BTC-31MAY19-7000-C,111.79,0.08900000000000001,1.0,0,1558115829213,21211096,300
2019-05-17 18:30:30.978,0.5,sell,7046.57,BTC-31MAY19-7000-C,109.34,0.087,0.5,2,1558117830978,21217905,301
2019-05-17 18:33:11.174,0.5,sell,7067.78,BTC-31MAY19-7000-C,110.13,0.08900000000000001,0.5,0,1558117991174,21218027,302
2019-05-17 22:27:10.556,1.0,buy,7214.6,BTC-31MAY19-7000-C,101.37,0.092,1.0,0,1558132030556,21242431,303
2019-05-18 02:59:43.960,0.4,sell,7306.0,BTC-31MAY19-7000-C,100.7,0.0975,0.4,0,1558148383960,21261631,304
2019-05-19 01:15:27.510,0.9,buy,7446.03,BTC-31MAY19-7000-C,100.29,0.105,0.9,0,1558228527510,21328809,305
2019-05-19 01:18:57.023,1.0,buy,7510.83,BTC-31MAY19-7000-C,100.44,0.11,1.0,0,1558228737023,21330234,306
2019-05-19 01:33:40.541,1.0,buy,7640.53,BTC-31MAY19-7000-C,97.26,0.11800000000000001,1.0,0,1558229620541,21335820,307
2019-05-19 02:09:41.993,3.0,buy,7764.65,BTC-31MAY19-7000-C,97.62,0.128,3.0,0,1558231781993,21345581,308
2019-05-19 17:29:12.864,1.0,sell,7983.03,BTC-31MAY19-7000-C,108.73,0.15,1.0,0,1558286952864,21439008,309
2019-05-19 21:30:38.999,1.0,sell,8057.89,BTC-31MAY19-7000-C,101.57,0.152,1.0,0,1558301438999,21457777,310
2019-05-20 04:19:39.106,2.0,buy,8051.54,BTC-31MAY19-7000-C,97.58,0.149,2.0,2,1558325979106,21526108,311
2019-05-20 09:27:12.795,6.0,sell,7868.67,BTC-31MAY19-7000-C,100.67,0.135,6.0,2,1558344432795,21557310,312
2019-05-20 12:18:15.631,0.1,sell,7868.72,BTC-31MAY19-7000-C,106.02,0.1375,0.1,0,1558354695631,21567322,313
2019-05-20 15:58:39.577,0.2,sell,7849.72,BTC-31MAY19-7000-C,114.32,0.14,0.2,0,1558367919577,21599142,314
2019-05-21 18:45:48.525,0.3,buy,8043.68,BTC-31MAY19-7000-C,109.24,0.15,0.3,0,1558464348525,21716717,315
2019-05-21 22:52:51.572,1.0,sell,7977.18,BTC-31MAY19-7000-C,105.65,0.1425,1.0,2,1558479171572,21735107,316
2019-05-22 10:51:02.701,0.1,sell,7878.38,BTC-31MAY19-7000-C,94.24,0.128,0.1,2,1558522262701,21758811,317
2019-05-22 10:51:02.704,0.9,buy,7878.38,BTC-31MAY19-7000-C,94.24,0.128,0.9,3,1558522262704,21758812,318
2019-05-22 20:22:38.312,0.1,sell,7738.42,BTC-31MAY19-7000-C,102.94,0.11900000000000001,0.1,2,1558556558312,21806692,319
2019-05-22 20:23:38.036,4.0,buy,7700.67,BTC-31MAY19-7000-C,102.18,0.1155,4.0,2,1558556618036,21808653,320
2019-05-22 21:50:17.992,0.1,sell,7691.25,BTC-31MAY19-7000-C,92.53,0.11,0.1,2,1558561817992,21825836,321
2019-05-22 22:05:39.783,0.1,sell,7550.76,BTC-31MAY19-7000-C,98.32,0.10099999999999999,0.1,2,1558562739783,21831826,322
2019-05-22 22:06:12.285,0.1,buy,7532.66,BTC-31MAY19-7000-C,98.28,0.0995,0.1,2,1558562772285,21832973,323
2019-05-22 22:06:12.431,3.9,buy,7532.66,BTC-31MAY19-7000-C,98.28,0.0995,3.9,3,1558562772431,21832977,324
2019-05-22 22:13:03.291,0.1,sell,7642.98,BTC-31MAY19-7000-C,91.83,0.1055,0.1,0,1558563183291,21836431,325
2019-05-23 00:44:04.430,0.9,buy,7638.76,BTC-31MAY19-7000-C,100.46,0.109,0.9,0,1558572244430,21857534,326
2019-05-23 09:13:50.458,0.1,sell,7502.55,BTC-31MAY19-7000-C,97.06,0.095,0.1,2,1558602830458,21884347,327
2019-05-24 07:46:57.149,5.0,buy,7868.34,BTC-31MAY19-7000-C,90.4,0.1215,5.0,0,1558684017149,21968551,328
2019-05-24 07:53:32.008,4.0,buy,7863.74,BTC-31MAY19-7000-C,90.19,0.121,4.0,2,1558684412008,21968733,329
2019-05-24 08:12:50.500,5.0,buy,7926.59,BTC-31MAY19-7000-C,92.59,0.1275,5.0,0,1558685570500,21970025,330
2019-05-24 08:20:50.586,3.0,buy,7978.99,BTC-31MAY19-7000-C,93.34,0.1325,3.0,0,1558686050586,21971447,331
2019-05-24 11:34:30.357,0.1,sell,8052.24,BTC-31MAY19-7000-C,97.09,0.14,0.1,0,1558697670357,21984702,332
2019-05-24 13:25:13.207,0.1,sell,7979.28,BTC-31MAY19-7000-C,89.61,0.131,0.1,2,1558704313207,21989089,333
2019-05-24 15:39:26.911,0.3,sell,8093.47,BTC-31MAY19-7000-C,102.8,0.145,0.3,0,1558712366911,21999221,334
2019-05-25 10:14:18.189,0.5,sell,8115.84,BTC-31MAY19-7000-C,99.45,0.1445,0.5,2,1558779258189,22048026,335
2019-05-25 10:17:13.950,0.3,sell,8099.15,BTC-31MAY19-7000-C,101.64,0.1435,0.3,2,1558779433950,22048155,336
2019-05-25 10:28:53.485,5.0,sell,8101.43,BTC-31MAY19-7000-C,98.81,0.14300000000000002,5.0,2,1558780133485,22048721,337
2019-05-25 13:25:11.639,0.3,sell,8066.02,BTC-31MAY19-7000-C,106.71,0.1415,0.3,2,1558790711639,22056362,338
2019-05-25 15:19:58.440,5.0,sell,8072.53,BTC-31MAY19-7000-C,94.84,0.139,5.0,2,1558797598440,22061421,339
2019-05-25 19:28:21.461,5.0,sell,7996.49,BTC-31MAY19-7000-C,108.29,0.135,5.0,2,1558812501461,22070242,340
2019-05-25 22:53:31.829,1.0,buy,8075.39,BTC-31MAY19-7000-C,100.86,0.14,1.0,0,1558824811829,22076066,341
2019-05-26 03:39:47.277,2.0,sell,8015.5,BTC-31MAY19-7000-C,105.09,0.135,2.0,2,1558841987277,22082801,342
2019-05-26 03:40:08.053,1.0,sell,8012.91,BTC-31MAY19-7000-C,106.05,0.135,1.0,3,1558842008053,22082865,343
2019-05-26 03:44:38.213,1.0,sell,7998.43,BTC-31MAY19-7000-C,111.19,0.135,1.0,3,1558842278213,22083088,344
2019-05-26 03:44:42.389,1.0,sell,7998.79,BTC-31MAY19-7000-C,111.07,0.135,1.0,3,1558842282389,22083090,345
2019-05-26 04:02:06.797,2.0,sell,7993.74,BTC-31MAY19-7000-C,112.89,0.135,2.0,3,1558843326797,22083505,346
2019-05-26 04:02:25.214,1.0,sell,7992.71,BTC-31MAY19-7000-C,113.23,0.135,1.0,3,1558843345214,22083530,347
2019-05-26 05:30:05.559,2.0,sell,7998.34,BTC-31MAY19-7000-C,112.01,0.135,2.0,3,1558848605559,22085612,348
2019-05-26 05:33:05.554,1.0,sell,7996.5,BTC-31MAY19-7000-C,112.66,0.135,1.0,3,1558848785554,22085791,349
2019-05-26 05:34:27.409,1.0,sell,7993.55,BTC-31MAY19-7000-C,113.65,0.135,1.0,3,1558848867409,22085838,350
2019-05-26 05:46:42.467,5.0,sell,7990.59,BTC-31MAY19-7000-C,114.73,0.135,5.0,3,1558849602467,22086163,351
2019-05-26 05:46:53.157,1.0,sell,7988.67,BTC-31MAY19-7000-C,115.36,0.135,1.0,3,1558849613157,22086228,352
2019-05-26 05:46:54.181,1.0,sell,7988.37,BTC-31MAY19-7000-C,115.46,0.135,1.0,3,1558849614181,22086231,353
2019-05-26 05:47:33.603,1.0,sell,7987.51,BTC-31MAY19-7000-C,115.75,0.135,1.0,3,1558849653603,22086288,354
2019-05-26 05:48:56.234,1.0,sell,7986.02,BTC-31MAY19-7000-C,116.23,0.135,1.0,3,1558849736234,22086308,355
2019-05-26 05:48:56.871,4.0,sell,7986.02,BTC-31MAY19-7000-C,116.23,0.135,4.0,3,1558849736871,22086309,356
2019-05-26 19:28:00.225,0.4,buy,8169.38,BTC-31MAY19-7000-C,114.05,0.1495,0.4,0,1558898880225,22117892,357
2019-05-26 19:28:37.441,0.4,buy,8194.19,BTC-31MAY19-7000-C,115.22,0.152,0.4,0,1558898917441,22119354,358
2019-05-26 19:28:49.876,0.2,buy,8209.76,BTC-31MAY19-7000-C,115.62,0.1535,0.2,0,1558898929876,22120270,359
2019-05-26 19:29:05.675,0.3,buy,8232.53,BTC-31MAY19-7000-C,112.4,0.155,0.3,0,1558898945675,22120808,360
2019-05-26 20:01:53.948,0.4,buy,8665.22,BTC-31MAY19-7000-C,154.24,0.2,0.4,0,1558900913948,22165537,361
2019-05-26 20:44:31.174,0.5,buy,8630.63,BTC-31MAY19-7000-C,145.42,0.1955,0.5,2,1558903471174,22193379,362
2019-05-27 11:26:58.177,0.5,buy,8685.2,BTC-31MAY19-7000-C,156.23,0.2,0.5,0,1558956418177,22288939,363
2019-05-28 12:39:21.885,4.3,buy,8724.72,BTC-31MAY19-7000-C,167.17,0.2015,4.3,0,1559047161885,22403255,364
2019-05-28 15:38:40.911,8.0,buy,8696.08,BTC-31MAY19-7000-C,199.64,0.2025,8.0,0,1559057920911,22421645,365
2019-05-29 14:17:38.277,2.0,sell,8715.0,BTC-31MAY19-7000-C,203.67,0.2,2.0,2,1559139458277,22518330,366
2019-05-29 14:18:02.109,2.0,sell,8716.39,BTC-31MAY19-7000-C,202.01,0.2,2.0,3,1559139482109,22518372,367
2019-05-30 01:20:36.767,0.5,sell,8709.85,BTC-31MAY19-7000-C,251.55,0.2005,0.5,0,1559179236767,22553982,368
2019-05-31 01:30:03.029,0.4,sell,8348.64,BTC-31MAY19-7000-C,368.21,0.163,0.4,2,1559266203029,22758145,369
2019-05-31 02:31:22.051,1.0,buy,8329.14,BTC-31MAY19-7000-C,0.0,0.159,1.0,2,1559269882051,22761216,370
2019-05-31 02:35:09.713,4.0,buy,8334.42,BTC-31MAY19-7000-C,0.0,0.1595,4.0,0,1559270109713,22761250,371
