date_utc,amount,direction,indexPrice,instrument,iv,price,quantity,tickDirection,timeStamp,tradeId,tradeSeq
2019-04-02 05:00:25.020,0.2,buy,4679.78,BTC-28JUN19-4750-P,55.42,0.1175,0.2,1,1554181225020,17045259,1
2019-04-02 05:30:01.942,1.0,buy,4989.8,BTC-28JUN19-4750-P,59.4,0.0895,1.0,2,1554183001942,17065920,2
2019-04-02 05:31:33.787,1.0,buy,4954.36,BTC-28JUN19-4750-P,59.5,0.09300000000000001,1.0,0,1554183093787,17066660,3
2019-04-02 06:58:06.356,1.0,buy,4715.75,BTC-28JUN19-4750-P,56.85,0.1135,1.0,0,1554188286356,17088654,4
2019-04-02 08:55:02.686,0.2,buy,4702.11,BTC-28JUN19-4750-P,58.06,0.11800000000000001,0.2,0,1554195302686,17095349,5
2019-04-02 18:54:49.959,0.9,sell,4737.22,BTC-28JUN19-4750-P,56.48,0.1105,0.9,2,1554231289959,17126927,6
2019-04-03 12:11:43.918,0.3,sell,4990.01,BTC-28JUN19-4750-P,61.33,0.0925,0.3,2,1554293503918,17195294,7
2019-04-03 12:14:05.050,1.0,sell,4995.06,BTC-28JUN19-4750-P,61.42,0.092,1.0,2,1554293645050,17195506,8
2019-04-03 15:10:44.694,10.0,sell,5020.18,BTC-28JUN19-4750-P,59.18,0.0865,10.0,2,1554304244694,17204658,9
2019-04-03 17:16:48.110,5.0,buy,5102.38,BTC-28JUN19-4750-P,59.44,0.08,5.0,2,1554311808110,17218013,10
2019-04-03 17:16:50.145,0.5,buy,5094.76,BTC-28JUN19-4750-P,59.09,0.08,0.5,3,1554311810145,17218021,11
2019-04-03 17:16:50.550,0.8,buy,5094.76,BTC-28JUN19-4750-P,59.09,0.08,0.8,3,1554311810550,17218045,12
2019-04-03 17:16:51.134,0.5,buy,5091.01,BTC-28JUN19-4750-P,59.0,0.08,0.5,3,1554311811134,17218066,13
2019-04-03 17:16:51.173,0.7000000000000001,buy,5091.01,BTC-28JUN19-4750-P,58.82,0.08,0.7000000000000001,3,1554311811173,17218079,14
2019-04-03 17:16:52.623,6.9,buy,5090.99,BTC-28JUN19-4750-P,58.82,0.08,6.9,3,1554311812623,17218095,15
2019-04-03 17:52:26.239,0.2,buy,5146.25,BTC-28JUN19-4750-P,63.6,0.0835,0.2,0,1554313946239,17220879,16
2019-04-03 21:03:11.105,0.3,sell,5340.82,BTC-28JUN19-4750-P,67.3,0.0745,0.3,2,1554325391105,17238666,17
2019-04-04 10:12:24.655,0.5,buy,4994.39,BTC-28JUN19-4750-P,67.91,0.1045,0.5,0,1554372744655,17300387,18
2019-04-05 02:36:30.427,2.0,sell,4910.65,BTC-28JUN19-4750-P,65.02,0.106,2.0,0,1554431790427,17345594,19
2019-04-05 16:43:32.889,1.0,sell,5024.26,BTC-28JUN19-4750-P,65.42,0.096,1.0,2,1554482612889,17373406,20
2019-04-05 16:43:37.422,1.0,sell,5024.72,BTC-28JUN19-4750-P,65.44,0.096,1.0,3,1554482617422,17373408,21
2019-04-05 18:02:13.392,3.0,sell,5041.19,BTC-28JUN19-4750-P,66.06,0.096,3.0,3,1554487333392,17376888,22
2019-04-06 16:31:57.104,3.0,sell,5155.66,BTC-28JUN19-4750-P,62.87,0.0785,3.0,2,1554568317104,17406156,23
2019-04-06 19:19:53.914,5.0,sell,5185.62,BTC-28JUN19-4750-P,62.79,0.075,5.0,2,1554578393914,17419571,24
2019-04-07 22:26:10.507,0.5,sell,5183.51,BTC-28JUN19-4750-P,66.88,0.0815,0.5,0,1554675970507,17483429,25
2019-04-08 01:10:39.058,4.0,sell,5294.43,BTC-28JUN19-4750-P,67.37,0.07400000000000001,4.0,2,1554685839058,17500650,26
2019-04-08 04:37:16.019,5.0,sell,5288.4,BTC-28JUN19-4750-P,66.85,0.07200000000000001,5.0,2,1554698236019,17512543,27
2019-04-08 04:37:19.399,5.0,sell,5288.83,BTC-28JUN19-4750-P,66.55,0.0715,5.0,2,1554698239399,17512545,28
2019-04-08 07:07:01.870,2.0,buy,5265.35,BTC-28JUN19-4750-P,69.69,0.079,2.0,0,1554707221870,17516320,29
2019-04-09 20:31:58.149,1.0,sell,5241.69,BTC-28JUN19-4750-P,63.35,0.071,1.0,2,1554841918149,17581457,30
2019-04-10 12:23:15.002,0.5,buy,5251.12,BTC-28JUN19-4750-P,63.51,0.069,0.5,2,1554898995002,17597935,31
2019-04-10 16:26:42.398,0.3,buy,5274.06,BTC-28JUN19-4750-P,62.77,0.0665,0.3,2,1554913602398,17605146,32
2019-04-10 19:07:11.808,3.0,sell,5419.82,BTC-28JUN19-4750-P,62.35,0.0565,3.0,2,1554923231808,17622861,33
2019-04-11 03:43:19.203,0.1,buy,5203.07,BTC-28JUN19-4750-P,63.05,0.0735,0.1,0,1554954199203,17663006,34
2019-04-11 09:48:56.210,5.0,buy,5128.35,BTC-28JUN19-4750-P,61.43,0.076,5.0,0,1554976136210,17676922,35
2019-04-11 13:50:27.589,0.1,buy,5046.24,BTC-28JUN19-4750-P,62.18,0.085,0.1,0,1554990627589,17701161,36
2019-04-11 18:33:42.064,4.0,sell,5068.19,BTC-28JUN19-4750-P,59.27,0.0785,4.0,2,1555007622064,17710471,37
2019-04-11 18:42:26.098,4.0,sell,5070.6,BTC-28JUN19-4750-P,59.16,0.078,4.0,2,1555008146098,17710711,38
2019-04-11 19:03:45.960,5.0,sell,5082.58,BTC-28JUN19-4750-P,57.2,0.07400000000000001,5.0,2,1555009425960,17712111,39
2019-04-12 06:55:31.614,5.0,sell,5028.56,BTC-28JUN19-4750-P,58.68,0.079,5.0,0,1555052131614,17739459,40
2019-04-12 06:55:31.614,5.0,sell,5028.56,BTC-28JUN19-4750-P,58.68,0.079,5.0,1,1555052131614,17739460,41
2019-04-14 05:31:39.524,1.0,buy,5032.41,BTC-28JUN19-4750-P,58.91,0.0805,1.0,0,1555219899524,17792136,42
2019-04-14 20:38:14.299,2.0,buy,5083.87,BTC-28JUN19-4750-P,59.47,0.0765,2.0,2,1555274294299,17801530,43
2019-04-14 20:45:08.816,1.0,buy,5089.18,BTC-28JUN19-4750-P,59.63,0.0765,1.0,3,1555274708816,17801555,44
2019-04-14 22:15:33.942,1.0,sell,5171.67,BTC-28JUN19-4750-P,59.6,0.0695,1.0,2,1555280133942,17804807,45
2019-04-14 22:45:57.556,4.0,sell,5169.96,BTC-28JUN19-4750-P,59.59,0.0695,4.0,3,1555281957556,17808056,46
2019-04-15 05:11:33.745,2.0,buy,5177.9,BTC-28JUN19-4750-P,60.66,0.07,2.0,0,1555305093745,17813839,47
2019-04-15 09:59:32.425,0.5,sell,5161.09,BTC-28JUN19-4750-P,58.96,0.0685,0.5,2,1555322372425,17816451,48
