date_utc,amount,direction,indexPrice,instrument,iv,price,quantity,tickDirection,timeStamp,tradeId,tradeSeq
2019-04-02 05:00:25.020,0.2,buy,4679.78,BTC-28JUN19-4750-P,55.42,0.1175,0.2,1,1554181225020,17045259,1
2019-04-02 05:30:01.942,1.0,buy,4989.8,BTC-28JUN19-4750-P,59.4,0.0895,1.0,2,1554183001942,17065920,2
2019-04-02 05:31:33.787,1.0,buy,4954.36,BTC-28JUN19-4750-P,59.5,0.093,1.0,0,1554183093787,17066660,3
2019-04-02 06:58:06.356,1.0,buy,4715.75,BTC-28JUN19-4750-P,56.85,0.1135,1.0,0,1554188286356,17088654,4
2019-04-02 08:55:02.686,0.2,buy,4702.11,BTC-28JUN19-4750-P,58.06,0.118,0.2,0,1554195302686,17095349,5
2019-04-02 18:54:49.959,0.9,sell,4737.22,BTC-28JUN19-4750-P,56.48,0.1105,0.9,2,1554231289959,17126927,6
2019-04-03 12:11:43.918,0.3,sell,4990.01,BTC-28JUN19-4750-P,61.33,0.0925,0.3,2,1554293503918,17195294,7
2019-04-03 12:14:05.050,1.0,sell,4995.06,BTC-28JUN19-4750-P,61.42,0.092,1.0,2,1554293645050,17195506,8
2019-04-03 15:10:44.694,10.0,sell,5020.18,BTC-28JUN19-4750-P,59.18,0.0865,10.0,2,1554304244694,17204658,9
2019-04-03 17:16:48.110,5.0,buy,5102.38,BTC-28JUN19-4750-P,59.44,0.08,5.0,2,1554311808110,17218013,10
2019-04-03 17:16:50.145,0.5,buy,5094.76,BTC-28JUN19-4750-P,59.09,0.08,0.5,3,1554311810145,17218021,11
2019-04-03 17:16:50.550,0.8,buy,5094.76,BTC-28JUN19-4750-P,59.09,0.08,0.8,3,1554311810550,17218045,12
2019-04-03 17:16:51.134,0.5,buy,5091.01,BTC-28JUN19-4750-P,59.0,0.08,0.5,3,1554311811134,17218066,13
2019-04-03 17:16:51.173,0.7000000000000001,buy,5091.01,BTC-28JUN19-4750-P,58.82,0.08,0.7000000000000001,3,1554311811173,17218079,14
2019-04-03 17:16:52.623,6.9,buy,5090.99,BTC-28JUN19-4750-P,58.82,0.08,6.9,3,1554311812623,17218095,15
2019-04-03 17:52:26.239,0.2,buy,5146.25,BTC-28JUN19-4750-P,63.6,0.0835,0.2,0,1554313946239,17220879,16
2019-04-03 21:03:11.105,0.3,sell,5340.82,BTC-28JUN19-4750-P,67.3,0.0745,0.3,2,1554325391105,17238666,17
2019-04-04 10:12:24.655,0.5,buy,4994.39,BTC-28JUN19-4750-P,67.91,0.1045,0.5,0,1554372744655,17300387,18
2019-04-05 02:36:30.427,2.0,sell,4910.65,BTC-28JUN19-4750-P,65.02,0.106,2.0,0,1554431790427,17345594,19
2019-04-05 16:43:32.889,1.0,sell,5024.26,BTC-28JUN19-4750-P,65.42,0.096,1.0,2,1554482612889,17373406,20
2019-04-05 16:43:37.422,1.0,sell,5024.72,BTC-28JUN19-4750-P,65.44,0.096,1.0,3,1554482617422,17373408,21
2019-04-05 18:02:13.392,3.0,sell,5041.19,BTC-28JUN19-4750-P,66.06,0.096,3.0,3,1554487333392,17376888,22
2019-04-06 16:31:57.104,3.0,sell,5155.66,BTC-28JUN19-4750-P,62.87,0.0785,3.0,2,1554568317104,17406156,23
2019-04-06 19:19:53.914,5.0,sell,5185.62,BTC-28JUN19-4750-P,62.79,0.075,5.0,2,1554578393914,17419571,24
2019-04-07 22:26:10.507,0.5,sell,5183.51,BTC-28JUN19-4750-P,66.88,0.0815,0.5,0,1554675970507,17483429,25
2019-04-08 01:10:39.058,4.0,sell,5294.43,BTC-28JUN19-4750-P,67.37,0.07400000000000001,4.0,2,1554685839058,17500650,26
2019-04-08 04:37:16.019,5.0,sell,5288.4,BTC-28JUN19-4750-P,66.85,0.07200000000000001,5.0,2,1554698236019,17512543,27
2019-04-08 04:37:19.399,5.0,sell,5288.83,BTC-28JUN19-4750-P,66.55,0.0715,5.0,2,1554698239399,17512545,28
2019-04-08 07:07:01.870,2.0,buy,5265.35,BTC-28JUN19-4750-P,69.69,0.079,2.0,0,1554707221870,17516320,29
