date_utc,amount,direction,indexPrice,instrument,iv,price,quantity,tickDirection,timeStamp,tradeId,tradeSeq
2019-06-02 15:58:22.757,6.0,buy,8706.22,BTC-14JUN19-8000-C,94.4,0.113,6.0,0,1559491102757,22951339,2
2019-06-02 15:58:22.757,0.4,buy,8706.22,BTC-14JUN19-8000-C,88.53,0.1095,0.4,1,1559491102757,22951338,1
2019-06-02 15:58:25.039,3.6,sell,8706.07,BTC-14JUN19-8000-C,144.7,0.1445,3.6,0,1559491105039,22951341,3
2019-06-02 17:20:42.242,3.0,sell,8708.58,BTC-14JUN19-8000-C,84.18,0.107,3.0,2,1559496042242,22953137,4
2019-06-02 17:52:07.174,6.0,sell,8670.26,BTC-14JUN19-8000-C,83.87,0.104,6.0,2,1559497927174,22954511,5
2019-06-02 17:52:07.325,0.4,buy,8670.26,BTC-14JUN19-8000-C,0.0,0.0635,0.4,2,1559497927325,22954512,6
2019-06-02 17:52:08.513,0.6,buy,8670.92,BTC-14JUN19-8000-C,0.0,0.0635,0.6,3,1559497928513,22954514,7
2019-06-02 23:17:33.310,2.0,buy,8759.95,BTC-14JUN19-8000-C,96.06,0.117,2.0,0,1559517453310,22965299,8
2019-06-03 15:04:12.240,0.1,sell,8368.9,BTC-14JUN19-8000-C,84.25,0.081,0.1,2,1559574252240,23043668,9
2019-06-03 20:50:47.009,3.0,buy,8540.79,BTC-14JUN19-8000-C,93.69,0.098,3.0,0,1559595047009,23069417,10
2019-06-03 22:05:19.076,0.2,buy,8481.63,BTC-14JUN19-8000-C,94.03,0.094,0.2,2,1559599519076,23074187,11
2019-06-03 23:51:51.502,2.0,sell,8130.57,BTC-14JUN19-8000-C,85.07,0.065,2.0,2,1559605911502,23110772,12
2019-06-04 00:00:25.845,6.5,sell,8087.0,BTC-14JUN19-8000-C,89.15,0.065,6.5,3,1559606425845,23112626,13
2019-06-04 00:00:25.851,1.5,sell,8087.0,BTC-14JUN19-8000-C,89.15,0.065,1.5,3,1559606425851,23112627,14
2019-06-04 00:15:52.175,0.1,sell,7888.03,BTC-14JUN19-8000-C,84.16,0.05,0.1,2,1559607352175,23133737,15
2019-06-04 02:06:59.342,2.0,sell,7968.32,BTC-14JUN19-8000-C,86.63,0.056,2.0,0,1559614019342,23152134,16
2019-06-04 02:09:44.992,2.0,sell,7944.4,BTC-14JUN19-8000-C,86.46,0.0545,2.0,2,1559614184992,23152388,17
2019-06-04 06:18:28.239,0.4,buy,7900.25,BTC-14JUN19-8000-C,90.97,0.0545,0.4,3,1559629108239,23172185,18
2019-06-04 06:18:28.239,0.1,buy,7900.25,BTC-14JUN19-8000-C,93.99,0.0565,0.1,0,1559629108239,23172186,19
2019-06-04 07:05:46.923,0.1,sell,7860.84,BTC-14JUN19-8000-C,85.35,0.0485,0.1,2,1559631946923,23179019,20
2019-06-04 07:25:08.889,0.4,sell,7808.62,BTC-14JUN19-8000-C,90.44,0.049,0.4,0,1559633108889,23185396,21
2019-06-04 07:25:11.192,0.4,buy,7809.98,BTC-14JUN19-8000-C,90.33,0.049,0.4,1,1559633111192,23185400,22
2019-06-04 07:25:26.435,0.2,buy,7811.1,BTC-14JUN19-8000-C,90.24,0.049,0.2,1,1559633126435,23185513,23
2019-06-04 07:28:43.161,0.4,sell,7813.77,BTC-14JUN19-8000-C,88.52,0.048,0.4,2,1559633323161,23186064,24
2019-06-04 08:10:40.443,1.0,sell,7893.6,BTC-14JUN19-8000-C,85.83,0.0505,1.0,0,1559635840443,23190143,25
2019-06-04 08:34:08.293,0.2,sell,7897.13,BTC-14JUN19-8000-C,86.36,0.051,0.2,0,1559637248293,23191031,26
2019-06-04 08:55:55.996,0.4,buy,7927.73,BTC-14JUN19-8000-C,91.39,0.055999999999999994,0.4,0,1559638555996,23192071,27
2019-06-04 12:39:56.854,0.4,buy,7897.11,BTC-14JUN19-8000-C,91.69,0.054000000000000006,0.4,2,1559651996854,23206484,28
2019-06-04 15:35:20.797,0.1,buy,7979.82,BTC-14JUN19-8000-C,86.53,0.055,0.1,0,1559662520797,23218395,29
2019-06-04 15:56:37.854,0.5,sell,7916.84,BTC-14JUN19-8000-C,89.09,0.053,0.5,2,1559663797854,23219985,30
2019-06-04 17:17:20.743,0.1,sell,7811.96,BTC-14JUN19-8000-C,83.54,0.0435,0.1,2,1559668640743,23232814,31
2019-06-04 17:40:29.434,0.1,sell,7679.85,BTC-14JUN19-8000-C,87.88,0.0395,0.1,2,1559670029434,23244318,32
2019-06-04 17:54:59.794,0.3,buy,7643.6,BTC-14JUN19-8000-C,85.13,0.036000000000000004,0.3,2,1559670899794,23260140,33
2019-06-04 17:59:59.958,0.1,sell,7590.98,BTC-14JUN19-8000-C,89.89,0.0365,0.1,0,1559671199958,23262078,34
2019-06-04 18:10:10.545,0.5,sell,7668.27,BTC-14JUN19-8000-C,91.24,0.040999999999999995,0.5,0,1559671810545,23264623,35
2019-06-04 18:41:42.963,5.0,buy,7710.55,BTC-14JUN19-8000-C,83.31,0.038,5.0,2,1559673702963,23268537,36
2019-06-04 18:46:37.090,2.0,buy,7697.53,BTC-14JUN19-8000-C,85.13,0.0385,2.0,0,1559673997090,23268871,37
2019-06-04 18:49:58.397,0.5,sell,7660.76,BTC-14JUN19-8000-C,81.59,0.0345,0.5,2,1559674198397,23269296,38
2019-06-04 18:50:26.857,0.2,sell,7655.74,BTC-14JUN19-8000-C,81.97,0.0345,0.2,3,1559674226857,23269529,39
2019-06-04 21:57:32.133,0.1,buy,7528.87,BTC-14JUN19-8000-C,95.29,0.0365,0.1,0,1559685452133,23303108,40
2019-06-04 22:30:41.428,1.0,sell,7627.31,BTC-14JUN19-8000-C,83.98,0.034,1.0,2,1559687441428,23315598,41
2019-06-04 23:58:31.307,3.0,buy,7680.18,BTC-14JUN19-8000-C,87.47,0.0385,3.0,0,1559692711307,23321512,42
2019-06-05 00:08:36.843,0.1,buy,7759.46,BTC-14JUN19-8000-C,86.77,0.042,0.1,0,1559693316843,23323068,43
2019-06-05 03:06:30.103,0.1,sell,7827.48,BTC-14JUN19-8000-C,84.07,0.0435,0.1,0,1559703990103,23332754,44
2019-06-05 08:36:21.853,0.1,buy,7795.11,BTC-14JUN19-8000-C,83.86,0.040999999999999995,0.1,2,1559723781853,23342850,45
2019-06-05 10:52:23.446,2.5,buy,7877.23,BTC-14JUN19-8000-C,83.66,0.045,2.5,0,1559731943446,23348740,46
2019-06-05 12:07:50.770,0.1,buy,7761.54,BTC-14JUN19-8000-C,85.75,0.04,0.1,2,1559736470770,23357044,47
2019-06-05 13:45:04.871,5.0,sell,7777.2,BTC-14JUN19-8000-C,82.31,0.0385,5.0,2,1559742304871,23361414,48
2019-06-05 13:45:34.723,2.0,sell,7766.65,BTC-14JUN19-8000-C,82.38,0.038,2.0,2,1559742334723,23361474,49
2019-06-05 13:46:33.855,0.5,buy,7765.77,BTC-14JUN19-8000-C,82.45,0.038,0.5,3,1559742393855,23361554,50
2019-06-05 14:41:12.932,2.0,sell,7706.3,BTC-14JUN19-8000-C,82.56,0.035,2.0,2,1559745672932,23366201,51
2019-06-05 17:07:21.742,0.2,buy,7741.41,BTC-14JUN19-8000-C,88.47,0.04,0.2,0,1559754441742,23383535,52
2019-06-05 17:07:21.742,0.3,buy,7741.41,BTC-14JUN19-8000-C,89.3,0.0405,0.3,0,1559754441742,23383536,53
2019-06-05 17:43:51.962,2.2,buy,7820.38,BTC-14JUN19-8000-C,82.69,0.0405,2.2,1,1559756631962,23386501,54
2019-06-05 19:16:20.122,0.1,buy,7831.73,BTC-14JUN19-8000-C,90.24,0.0455,0.1,0,1559762180122,23394130,55
2019-06-05 19:21:52.779,0.2,sell,7818.73,BTC-14JUN19-8000-C,82.34,0.04,0.2,2,1559762512779,23394492,56
2019-06-06 00:47:17.219,0.1,sell,7780.78,BTC-14JUN19-8000-C,81.72,0.037000000000000005,0.1,2,1559782037219,23433661,57
2019-06-06 01:26:47.766,0.2,buy,7810.24,BTC-14JUN19-8000-C,87.69,0.042,0.2,0,1559784407766,23434597,58
2019-06-06 02:33:59.774,2.0,sell,7820.71,BTC-14JUN19-8000-C,83.65,0.04,2.0,2,1559788439774,23437196,59
2019-06-06 03:36:56.498,0.1,buy,7843.44,BTC-14JUN19-8000-C,86.04,0.0425,0.1,0,1559792216498,23439100,60
2019-06-06 03:50:42.060,0.3,sell,7866.81,BTC-14JUN19-8000-C,85.64,0.0435,0.3,0,1559793042060,23439508,61
2019-06-06 03:58:36.654,0.1,buy,7866.77,BTC-14JUN19-8000-C,84.0,0.0425,0.1,2,1559793516654,23439778,62
2019-06-06 13:22:01.258,4.2,sell,7665.56,BTC-14JUN19-8000-C,73.84,0.0255,4.2,2,1559827321258,23468569,63
2019-06-06 13:22:01.258,0.8,sell,7665.56,BTC-14JUN19-8000-C,73.84,0.0255,0.8,3,1559827321258,23468570,64
2019-06-06 14:10:27.173,1.0,sell,7696.21,BTC-14JUN19-8000-C,79.59,0.03,1.0,0,1559830227173,23473357,65
2019-06-06 14:52:58.203,5.1000000000000005,sell,7661.61,BTC-14JUN19-8000-C,74.47,0.0255,5.1000000000000005,2,1559832778203,23481451,66
2019-06-06 14:52:58.204,3.8,sell,7661.61,BTC-14JUN19-8000-C,74.47,0.0255,3.8,3,1559832778204,23481452,67
2019-06-06 14:52:58.208,3.1,sell,7661.61,BTC-14JUN19-8000-C,74.47,0.0255,3.1,3,1559832778208,23481453,68
2019-06-06 14:52:58.209,3.0,sell,7661.61,BTC-14JUN19-8000-C,74.47,0.0255,3.0,3,1559832778209,23481454,69
2019-06-06 14:52:58.210,4.2,sell,7661.61,BTC-14JUN19-8000-C,74.47,0.0255,4.2,3,1559832778210,23481455,70
2019-06-06 14:52:58.213,3.3000000000000003,sell,7661.61,BTC-14JUN19-8000-C,74.47,0.0255,3.3000000000000003,3,1559832778213,23481456,71
2019-06-06 14:52:58.217,1.5,sell,7661.61,BTC-14JUN19-8000-C,74.47,0.0255,1.5,3,1559832778217,23481457,72
2019-06-06 14:52:58.217,5.0,sell,7661.61,BTC-14JUN19-8000-C,74.47,0.0255,5.0,3,1559832778217,23481458,73
2019-06-06 14:52:59.659,2.1,buy,7661.09,BTC-14JUN19-8000-C,73.59,0.025,2.1,2,1559832779659,23481459,74
2019-06-06 14:52:59.659,12.1,buy,7661.09,BTC-14JUN19-8000-C,73.59,0.025,12.1,3,1559832779659,23481460,75
2019-06-06 14:52:59.659,2.7,buy,7661.09,BTC-14JUN19-8000-C,73.59,0.025,2.7,3,1559832779659,23481461,76
2019-06-06 14:52:59.659,7.1000000000000005,buy,7661.09,BTC-14JUN19-8000-C,73.59,0.025,7.1000000000000005,3,1559832779659,23481462,77
2019-06-06 14:53:00.622,0.7000000000000001,buy,7661.09,BTC-14JUN19-8000-C,73.59,0.025,0.7000000000000001,3,1559832780622,23481473,81
2019-06-06 14:53:00.622,0.5,buy,7661.09,BTC-14JUN19-8000-C,73.59,0.025,0.5,3,1559832780622,23481475,83
2019-06-06 14:53:00.622,3.5,buy,7661.09,BTC-14JUN19-8000-C,73.59,0.025,3.5,3,1559832780622,23481470,78
2019-06-06 14:53:00.622,10.1,buy,7661.09,BTC-14JUN19-8000-C,73.59,0.025,10.1,3,1559832780622,23481471,79
2019-06-06 14:53:00.622,3.4,buy,7661.09,BTC-14JUN19-8000-C,73.59,0.025,3.4,3,1559832780622,23481474,82
2019-06-06 14:53:00.622,5.8,buy,7661.09,BTC-14JUN19-8000-C,73.59,0.025,5.8,3,1559832780622,23481472,80
2019-06-06 14:53:45.602,2.3000000000000003,buy,7667.6,BTC-14JUN19-8000-C,73.07,0.025,2.3000000000000003,3,1559832825602,23481636,85
2019-06-06 14:53:45.602,1.0,buy,7667.6,BTC-14JUN19-8000-C,73.07,0.025,1.0,3,1559832825602,23481637,86
2019-06-06 14:53:45.602,1.7,buy,7667.6,BTC-14JUN19-8000-C,73.07,0.025,1.7,3,1559832825602,23481635,84
2019-06-06 14:53:49.605,5.0,buy,7670.8,BTC-14JUN19-8000-C,72.81,0.025,5.0,3,1559832829605,23481678,87
2019-06-06 14:53:50.407,2.2,buy,7674.37,BTC-14JUN19-8000-C,72.52,0.025,2.2,3,1559832830407,23481719,88
2019-06-06 14:53:50.407,0.7000000000000001,buy,7674.37,BTC-14JUN19-8000-C,72.52,0.025,0.7000000000000001,3,1559832830407,23481720,89
2019-06-06 14:53:52.648,1.8,buy,7681.01,BTC-14JUN19-8000-C,71.98,0.025,1.8,3,1559832832648,23481784,90
2019-06-06 16:39:35.548,5.0,sell,7705.95,BTC-14JUN19-8000-C,75.71,0.027999999999999997,5.0,0,1559839175548,23490479,91
2019-06-06 16:40:54.341,2.0,sell,7698.86,BTC-14JUN19-8000-C,70.86,0.025,2.0,2,1559839254341,23490557,92
2019-06-06 17:17:09.709,1.0,buy,7680.8,BTC-14JUN19-8000-C,73.38,0.0255,1.0,0,1559841429709,23492275,93
2019-06-06 18:10:26.076,0.1,sell,7612.57,BTC-14JUN19-8000-C,71.56,0.0215,0.1,2,1559844626076,23498672,94
2019-06-06 18:10:26.076,9.9,sell,7612.57,BTC-14JUN19-8000-C,71.56,0.0215,9.9,3,1559844626076,23498673,95
2019-06-06 18:15:42.227,1.5,buy,7590.78,BTC-14JUN19-8000-C,74.24,0.022000000000000002,1.5,0,1559844942227,23503191,96
2019-06-06 18:17:43.536,5.0,buy,7599.48,BTC-14JUN19-8000-C,76.42,0.0235,5.0,0,1559845063536,23504040,97
2019-06-06 20:19:24.780,5.0,buy,7667.78,BTC-14JUN19-8000-C,73.22,0.0245,5.0,0,1559852364780,23526087,98
2019-06-06 20:20:24.514,1.0,buy,7683.51,BTC-14JUN19-8000-C,71.92,0.0245,1.0,1,1559852424514,23526318,99
2019-06-06 20:20:26.814,4.0,buy,7684.62,BTC-14JUN19-8000-C,71.83,0.0245,4.0,1,1559852426814,23526320,100
2019-06-06 20:21:12.652,10.0,buy,7687.77,BTC-14JUN19-8000-C,72.5,0.025,10.0,0,1559852472652,23526525,101
2019-06-06 20:21:30.996,1.0,buy,7691.77,BTC-14JUN19-8000-C,78.6,0.0285,1.0,0,1559852490996,23526573,102
2019-06-06 20:37:41.163,0.6,buy,7694.29,BTC-14JUN19-8000-C,79.36,0.028999999999999998,0.6,0,1559853461163,23528945,103
2019-06-06 21:41:09.913,0.3,buy,7736.49,BTC-14JUN19-8000-C,77.77,0.03,0.3,0,1559857269913,23532703,104
2019-06-06 22:05:09.374,0.1,buy,7745.81,BTC-14JUN19-8000-C,75.23,0.028999999999999998,0.1,2,1559858709374,23533807,105
2019-06-06 22:05:36.077,0.5,buy,7742.51,BTC-14JUN19-8000-C,75.52,0.028999999999999998,0.5,3,1559858736077,23533904,106
2019-06-06 23:47:15.898,0.4,buy,7799.06,BTC-14JUN19-8000-C,70.85,0.028999999999999998,0.4,3,1559864835898,23540784,107
2019-06-07 02:03:49.014,0.5,sell,7791.99,BTC-14JUN19-8000-C,69.23,0.0275,0.5,2,1559873029014,23548258,108
2019-06-07 03:28:14.768,1.0,sell,7807.27,BTC-14JUN19-8000-C,72.67,0.03,1.0,0,1559878094768,23552271,109
2019-06-07 04:52:41.101,1.0,sell,7783.74,BTC-14JUN19-8000-C,68.7,0.0265,1.0,2,1559883161101,23556007,110
2019-06-07 06:14:46.669,0.1,buy,7915.89,BTC-14JUN19-8000-C,68.23,0.033,0.1,0,1559888086669,23561677,111
2019-06-07 07:14:18.930,0.1,sell,7997.01,BTC-14JUN19-8000-C,69.88,0.0385,0.1,0,1559891658930,23569686,112
2019-06-07 07:33:48.133,0.7000000000000001,buy,7950.53,BTC-14JUN19-8000-C,70.37,0.036000000000000004,0.7000000000000001,2,1559892828133,23572854,113
2019-06-07 07:34:07.111,0.7000000000000001,sell,7950.6,BTC-14JUN19-8000-C,70.36,0.036000000000000004,0.7000000000000001,3,1559892847111,23572872,114
2019-06-07 08:02:47.776,0.5,sell,7958.75,BTC-14JUN19-8000-C,69.61,0.036000000000000004,0.5,3,1559894567776,23574355,115
2019-06-07 08:03:19.739,6.0,sell,7958.81,BTC-14JUN19-8000-C,69.6,0.036000000000000004,6.0,3,1559894599739,23574367,116
2019-06-07 08:10:32.129,1.0,buy,7998.16,BTC-14JUN19-8000-C,69.05,0.038,1.0,0,1559895032129,23576049,117
2019-06-07 08:12:13.555,5.0,sell,8022.49,BTC-14JUN19-8000-C,68.19,0.039,5.0,0,1559895133555,23577724,118
2019-06-07 08:23:44.811,0.1,sell,7991.13,BTC-14JUN19-8000-C,66.23,0.036000000000000004,0.1,2,1559895824811,23579047,119
2019-06-07 08:23:45.377,0.1,buy,7991.15,BTC-14JUN19-8000-C,66.22,0.036000000000000004,0.1,3,1559895825377,23579048,120
2019-06-07 08:23:45.742,0.1,buy,7991.15,BTC-14JUN19-8000-C,66.22,0.036000000000000004,0.1,3,1559895825742,23579049,121
2019-06-07 08:23:47.267,0.1,buy,7991.19,BTC-14JUN19-8000-C,66.22,0.036000000000000004,0.1,3,1559895827267,23579053,122
2019-06-07 08:23:48.783,0.1,buy,7992.13,BTC-14JUN19-8000-C,66.12,0.036000000000000004,0.1,3,1559895828783,23579054,123
2019-06-07 08:23:50.305,0.1,buy,7992.41,BTC-14JUN19-8000-C,66.09,0.036000000000000004,0.1,3,1559895830305,23579055,124
2019-06-07 08:23:51.015,0.4,buy,7992.43,BTC-14JUN19-8000-C,66.09,0.036000000000000004,0.4,3,1559895831015,23579056,125
2019-06-07 08:29:11.408,3.0,sell,7997.64,BTC-14JUN19-8000-C,66.44,0.0365,3.0,0,1559896151408,23579442,126
2019-06-07 08:29:22.619,1.0,buy,7997.41,BTC-14JUN19-8000-C,69.19,0.038,1.0,0,1559896162619,23579444,127
2019-06-07 08:36:48.123,0.1,sell,7972.24,BTC-14JUN19-8000-C,65.58,0.0345,0.1,2,1559896608123,23579843,128
2019-06-07 08:51:04.841,0.1,sell,7989.49,BTC-14JUN19-8000-C,66.49,0.036000000000000004,0.1,0,1559897464841,23580270,129
2019-06-07 09:08:47.730,0.1,sell,7989.14,BTC-14JUN19-8000-C,67.5,0.0365,0.1,0,1559898527730,23580799,130
2019-06-07 09:11:25.673,0.1,buy,7995.99,BTC-14JUN19-8000-C,72.22,0.0395,0.1,0,1559898685673,23580877,131
2019-06-07 09:11:25.673,10.9,buy,7995.99,BTC-14JUN19-8000-C,73.13,0.04,10.9,0,1559898685673,23580878,132
2019-06-07 09:14:48.286,0.1,buy,7991.57,BTC-14JUN19-8000-C,69.98,0.038,0.1,2,1559898888286,23580961,133
2019-06-07 09:14:50.329,0.1,buy,7991.6,BTC-14JUN19-8000-C,69.98,0.038,0.1,3,1559898890329,23580962,134
2019-06-07 09:14:54.429,0.1,buy,7991.43,BTC-14JUN19-8000-C,70.0,0.038,0.1,3,1559898894429,23580963,135
2019-06-07 09:14:58.584,0.1,buy,7991.49,BTC-14JUN19-8000-C,69.99,0.038,0.1,3,1559898898584,23580965,136
2019-06-07 09:15:00.204,0.1,buy,7991.49,BTC-14JUN19-8000-C,69.99,0.038,0.1,3,1559898900204,23580966,137
2019-06-07 09:15:01.618,0.1,buy,7991.02,BTC-14JUN19-8000-C,70.04,0.038,0.1,3,1559898901618,23580967,138
2019-06-07 09:15:01.618,9.9,buy,7991.02,BTC-14JUN19-8000-C,70.95,0.0385,9.9,0,1559898901618,23580968,139
2019-06-07 09:15:05.882,0.1,buy,7992.0,BTC-14JUN19-8000-C,69.94,0.038,0.1,2,1559898905882,23580969,140
2019-06-07 09:15:08.149,0.1,buy,7992.01,BTC-14JUN19-8000-C,69.94,0.038,0.1,3,1559898908149,23580970,141
2019-06-07 09:15:12.108,0.1,buy,7993.77,BTC-14JUN19-8000-C,69.74,0.038,0.1,3,1559898912108,23580971,142
2019-06-07 09:15:13.575,0.1,sell,7993.07,BTC-14JUN19-8000-C,69.82,0.038,0.1,3,1559898913575,23580972,143
2019-06-07 09:15:18.195,0.1,buy,7992.91,BTC-14JUN19-8000-C,69.84,0.038,0.1,3,1559898918195,23580973,144
2019-06-07 09:15:24.296,0.1,buy,7993.28,BTC-14JUN19-8000-C,69.8,0.038,0.1,3,1559898924296,23580974,145
2019-06-07 09:15:25.024,0.1,sell,7993.13,BTC-14JUN19-8000-C,69.81,0.038,0.1,3,1559898925024,23580976,146
2019-06-07 09:15:25.434,0.1,sell,7992.4,BTC-14JUN19-8000-C,69.89,0.038,0.1,3,1559898925434,23580977,147
2019-06-07 09:15:28.122,0.1,sell,7991.5,BTC-14JUN19-8000-C,69.99,0.038,0.1,3,1559898928122,23580978,148
2019-06-07 09:15:29.665,0.1,sell,7991.5,BTC-14JUN19-8000-C,69.99,0.038,0.1,3,1559898929665,23580979,149
2019-06-07 09:15:30.259,0.1,sell,7991.5,BTC-14JUN19-8000-C,69.99,0.038,0.1,3,1559898930259,23580980,150
2019-06-07 09:15:31.775,0.1,sell,7991.5,BTC-14JUN19-8000-C,69.99,0.038,0.1,3,1559898931775,23580981,151
2019-06-07 09:16:18.195,1.1,buy,7987.86,BTC-14JUN19-8000-C,71.3,0.0385,1.1,0,1559898978195,23580986,152
2019-06-07 09:45:57.779,0.5,sell,7962.19,BTC-14JUN19-8000-C,73.24,0.038,0.5,2,1559900757779,23582447,153
2019-06-07 09:46:09.595,0.5,buy,7962.49,BTC-14JUN19-8000-C,74.12,0.0385,0.5,0,1559900769595,23582448,154
2019-06-07 11:25:26.378,0.5,buy,7964.08,BTC-14JUN19-8000-C,73.41,0.038,0.5,2,1559906726378,23584266,155
2019-06-07 11:59:49.581,0.1,buy,7918.2,BTC-14JUN19-8000-C,73.76,0.0355,0.1,2,1559908789581,23586012,156
2019-06-07 13:52:50.979,0.1,buy,7985.81,BTC-14JUN19-8000-C,73.45,0.039,0.1,0,1559915570979,23589403,157
2019-06-07 13:52:50.979,0.9,buy,7985.81,BTC-14JUN19-8000-C,73.45,0.039,0.9,1,1559915570979,23589404,158
2019-06-07 14:46:03.973,0.6,sell,7965.0,BTC-14JUN19-8000-C,71.3,0.0365,0.6,2,1559918763973,23590548,159
2019-06-07 15:09:56.854,0.2,sell,7957.07,BTC-14JUN19-8000-C,66.69,0.0335,0.2,2,1559920196854,23591492,160
2019-06-07 15:51:02.802,0.5,sell,7950.83,BTC-14JUN19-8000-C,66.57,0.033,0.5,2,1559922662802,23592518,161
2019-06-07 15:51:02.802,7.5,sell,7950.83,BTC-14JUN19-8000-C,65.64,0.0325,7.5,2,1559922662802,23592519,162
2019-06-07 15:55:26.817,2.0,buy,7943.76,BTC-14JUN19-8000-C,69.19,0.034,2.0,0,1559922926817,23592634,163
2019-06-07 15:55:26.817,1.0,buy,7943.76,BTC-14JUN19-8000-C,71.05,0.035,1.0,0,1559922926817,23592635,164
2019-06-07 15:55:26.817,0.5,buy,7943.76,BTC-14JUN19-8000-C,71.05,0.035,0.5,1,1559922926817,23592636,165
2019-06-07 16:35:26.167,0.5,buy,8051.03,BTC-14JUN19-8000-C,66.65,0.039,0.5,0,1559925326167,23598772,166
2019-06-07 16:37:42.811,0.1,buy,8068.59,BTC-14JUN19-8000-C,66.44,0.04,0.1,0,1559925462811,23598976,167
2019-06-07 16:37:42.811,2.0,buy,8068.59,BTC-14JUN19-8000-C,66.44,0.04,2.0,1,1559925462811,23598977,168
2019-06-07 18:33:56.674,0.7000000000000001,sell,8107.05,BTC-14JUN19-8000-C,68.76,0.0435,0.7000000000000001,0,1559932436674,23606302,169
2019-06-07 18:35:58.305,0.7000000000000001,sell,8115.13,BTC-14JUN19-8000-C,68.71,0.044000000000000004,0.7000000000000001,0,1559932558305,23606503,170
2019-06-07 18:50:47.531,0.7000000000000001,buy,8090.22,BTC-14JUN19-8000-C,71.85,0.044000000000000004,0.7000000000000001,1,1559933447531,23607624,171
2019-06-07 19:12:20.095,0.3,sell,8080.77,BTC-14JUN19-8000-C,70.24,0.0425,0.3,2,1559934740095,23608227,172
2019-06-07 19:13:22.469,0.1,sell,8074.62,BTC-14JUN19-8000-C,68.15,0.040999999999999995,0.1,2,1559934802469,23608251,173
2019-06-07 19:14:01.612,0.4,sell,8062.53,BTC-14JUN19-8000-C,69.61,0.040999999999999995,0.4,3,1559934841612,23608399,174
2019-06-07 20:04:00.432,0.7000000000000001,buy,7975.06,BTC-14JUN19-8000-C,70.45,0.036000000000000004,0.7000000000000001,2,1559937840432,23615968,175
2019-06-07 20:45:52.447,0.1,buy,7988.86,BTC-14JUN19-8000-C,70.01,0.0365,0.1,0,1559940352447,23618455,176
2019-06-07 21:13:43.517,0.7000000000000001,buy,7924.17,BTC-14JUN19-8000-C,69.63,0.0325,0.7000000000000001,2,1559942023517,23622605,177
2019-06-07 21:15:09.020,0.3,sell,7938.28,BTC-14JUN19-8000-C,68.13,0.0325,0.3,3,1559942109020,23622755,178
2019-06-07 21:26:50.754,0.1,sell,7928.03,BTC-14JUN19-8000-C,65.49,0.0305,0.1,2,1559942810754,23623193,179
2019-06-08 01:30:36.165,0.2,sell,8028.47,BTC-14JUN19-8000-C,69.38,0.038,0.2,0,1559957436165,23633574,180
2019-06-08 01:44:08.150,5.0,sell,8032.72,BTC-14JUN19-8000-C,67.96,0.0375,5.0,2,1559958248150,23633643,181
2019-06-08 08:42:17.862,0.1,buy,7968.12,BTC-14JUN19-8000-C,69.39,0.0335,0.1,2,1559983337862,23649920,182
2019-06-08 12:54:32.266,0.4,buy,7951.14,BTC-14JUN19-8000-C,72.39,0.0335,0.4,3,1559998472266,23657527,183
2019-06-08 12:54:32.266,4.6000000000000005,buy,7951.14,BTC-14JUN19-8000-C,72.39,0.0335,4.6000000000000005,3,1559998472266,23657528,184
2019-06-08 12:55:09.937,0.9,buy,7950.33,BTC-14JUN19-8000-C,72.49,0.0335,0.9,3,1559998509937,23657533,185
2019-06-08 14:39:45.961,0.4,buy,7940.97,BTC-14JUN19-8000-C,64.0,0.0285,0.4,2,1560004785961,23660100,186
2019-06-08 19:39:09.722,0.1,buy,7853.98,BTC-14JUN19-8000-C,70.77,0.0265,0.1,2,1560022749722,23677958,187
2019-06-08 20:54:22.086,0.5,buy,7871.47,BTC-14JUN19-8000-C,67.14,0.0255,0.5,2,1560027262086,23679931,188
2019-06-08 21:26:47.699,0.4,buy,7884.19,BTC-14JUN19-8000-C,70.03,0.0275,0.4,0,1560029207699,23680547,189
2019-06-08 21:26:47.699,1.9,buy,7884.19,BTC-14JUN19-8000-C,71.07,0.027999999999999997,1.9,0,1560029207699,23680548,190
2019-06-08 21:26:47.699,2.7,buy,7884.19,BTC-14JUN19-8000-C,71.07,0.027999999999999997,2.7,1,1560029207699,23680549,191
2019-06-09 00:25:28.348,1.0,sell,7937.26,BTC-14JUN19-8000-C,69.96,0.03,1.0,0,1560039928348,23686722,192
2019-06-09 16:20:24.317,0.6,buy,7705.33,BTC-14JUN19-8000-C,68.64,0.016,0.6,2,1560097224317,23726813,193
2019-06-09 19:15:26.275,1.3,sell,7686.37,BTC-14JUN19-8000-C,65.12,0.0135,1.3,2,1560107726275,23741113,194
2019-06-09 19:30:45.065,0.3,buy,7749.25,BTC-14JUN19-8000-C,65.16,0.016,0.3,0,1560108645065,23743014,195
2019-06-09 20:10:16.416,1.0,sell,7734.38,BTC-14JUN19-8000-C,65.66,0.0155,1.0,2,1560111016416,23745373,196
2019-06-09 22:26:48.686,4.0,buy,7556.29,BTC-14JUN19-8000-C,78.52,0.0135,4.0,2,1560119208686,23763810,197
2019-06-09 23:03:09.175,1.0,sell,7567.7,BTC-14JUN19-8000-C,70.63,0.011000000000000001,1.0,2,1560121389175,23770541,198
2019-06-09 23:03:19.410,1.0,sell,7568.99,BTC-14JUN19-8000-C,70.52,0.011000000000000001,1.0,3,1560121399410,23770542,199
2019-06-09 23:13:42.679,1.0,sell,7568.16,BTC-14JUN19-8000-C,70.65,0.011000000000000001,1.0,3,1560122022679,23771285,200
2019-06-10 00:32:25.388,1.0,sell,7566.92,BTC-14JUN19-8000-C,68.27,0.01,1.0,2,1560126745388,23783164,201
2019-06-10 02:54:58.249,0.1,buy,7650.19,BTC-14JUN19-8000-C,77.82,0.016,0.1,0,1560135298249,23796153,202
2019-06-10 02:55:02.632,0.9,sell,7650.28,BTC-14JUN19-8000-C,77.81,0.016,0.9,1,1560135302632,23796154,203
2019-06-10 02:56:10.990,0.4,buy,7642.54,BTC-14JUN19-8000-C,79.92,0.0165,0.4,0,1560135370990,23796232,204
2019-06-10 02:56:10.990,7.6,buy,7642.54,BTC-14JUN19-8000-C,81.23,0.017,7.6,0,1560135370990,23796233,205
2019-06-10 07:40:38.241,0.4,buy,7746.26,BTC-14JUN19-8000-C,70.78,0.0165,0.4,2,1560152438241,23807073,206
2019-06-10 08:10:23.903,0.5,buy,7727.07,BTC-14JUN19-8000-C,73.06,0.0165,0.5,3,1560154223903,23808438,207
2019-06-10 08:22:37.450,0.1,buy,7739.51,BTC-14JUN19-8000-C,73.08,0.017,0.1,0,1560154957450,23808968,208
2019-06-10 08:56:08.647,4.9,sell,7720.77,BTC-14JUN19-8000-C,72.72,0.016,4.9,2,1560156968647,23810090,209
2019-06-10 09:32:26.110,0.1,sell,7722.0,BTC-14JUN19-8000-C,68.82,0.0145,0.1,2,1560159146110,23811486,210
2019-06-10 09:54:53.430,5.0,sell,7707.23,BTC-14JUN19-8000-C,67.82,0.0135,5.0,2,1560160493430,23812024,211
2019-06-10 11:07:36.466,5.0,buy,7644.73,BTC-14JUN19-8000-C,77.6,0.0145,5.0,0,1560164856466,23818389,212
2019-06-10 11:27:45.678,0.2,buy,7779.64,BTC-14JUN19-8000-C,68.43,0.0165,0.2,0,1560166065678,23821756,213
2019-06-10 11:30:28.288,1.0,buy,7827.89,BTC-14JUN19-8000-C,65.37,0.0175,1.0,0,1560166228288,23824207,214
2019-06-10 11:33:39.140,1.0,buy,7897.33,BTC-14JUN19-8000-C,63.01,0.02,1.0,0,1560166419140,23826646,215
2019-06-10 11:34:58.573,0.6,buy,7977.47,BTC-14JUN19-8000-C,70.42,0.0275,0.6,0,1560166498573,23829309,216
2019-06-10 11:39:41.833,4.0,sell,7924.59,BTC-14JUN19-8000-C,76.64,0.027000000000000003,4.0,2,1560166781833,23831645,217
2019-06-10 11:47:01.278,0.1,sell,7930.22,BTC-14JUN19-8000-C,68.56,0.024,0.1,2,1560167221278,23833673,218
2019-06-10 11:53:07.078,0.6,sell,7949.07,BTC-14JUN19-8000-C,68.45,0.025,0.6,0,1560167587078,23834732,219
2019-06-10 11:53:46.449,1.0,buy,7954.7,BTC-14JUN19-8000-C,67.67,0.025,1.0,1,1560167626449,23834769,220
2019-06-10 11:54:44.761,8.4,buy,7968.55,BTC-14JUN19-8000-C,65.72,0.025,8.4,1,1560167684761,23834913,221
2019-06-10 11:55:21.753,1.0,buy,7981.97,BTC-14JUN19-8000-C,66.23,0.026000000000000002,1.0,0,1560167721753,23835169,222
2019-06-10 11:56:09.065,0.6,sell,7966.34,BTC-14JUN19-8000-C,66.04,0.025,0.6,2,1560167769065,23835321,223
2019-06-10 11:56:09.199,1.0,buy,7966.34,BTC-14JUN19-8000-C,66.04,0.025,1.0,3,1560167769199,23835323,224
2019-06-10 11:57:15.791,1.0,buy,7958.62,BTC-14JUN19-8000-C,67.14,0.025,1.0,3,1560167835791,23835454,225
2019-06-10 12:00:45.013,0.1,buy,7947.04,BTC-14JUN19-8000-C,68.78,0.025,0.1,3,1560168045013,23836376,226
2019-06-10 12:00:50.427,1.0,buy,7949.45,BTC-14JUN19-8000-C,68.45,0.025,1.0,3,1560168050427,23836386,227
2019-06-10 12:02:16.241,0.6,buy,7980.25,BTC-14JUN19-8000-C,64.07,0.025,0.6,3,1560168136241,23837046,228
2019-06-10 12:02:19.419,0.6,buy,7983.57,BTC-14JUN19-8000-C,63.59,0.025,0.6,3,1560168139419,23837071,229
2019-06-10 12:02:44.485,1.0,buy,7980.24,BTC-14JUN19-8000-C,64.08,0.025,1.0,3,1560168164485,23837307,230
2019-06-10 12:03:09.252,0.5,buy,7983.27,BTC-14JUN19-8000-C,63.64,0.025,0.5,3,1560168189252,23837377,231
2019-06-10 12:03:15.683,0.2,buy,7989.55,BTC-14JUN19-8000-C,62.72,0.025,0.2,3,1560168195683,23837409,232
2019-06-10 12:03:20.510,1.0,sell,7994.53,BTC-14JUN19-8000-C,63.21,0.0255,1.0,0,1560168200510,23837485,233
2019-06-10 12:03:30.541,5.0,buy,8003.71,BTC-14JUN19-8000-C,63.07,0.026000000000000002,5.0,0,1560168210541,23837768,234
2019-06-10 12:03:58.854,5.7,buy,8047.2,BTC-14JUN19-8000-C,61.26,0.027999999999999997,5.7,0,1560168238854,23838396,235
2019-06-10 12:04:00.864,0.6,buy,8053.59,BTC-14JUN19-8000-C,60.23,0.027999999999999997,0.6,1,1560168240864,23838454,236
2019-06-10 12:04:01.101,0.6,buy,8053.59,BTC-14JUN19-8000-C,60.23,0.027999999999999997,0.6,1,1560168241101,23838463,237
2019-06-10 12:04:02.040,3.1,buy,8054.98,BTC-14JUN19-8000-C,60.0,0.027999999999999997,3.1,1,1560168242040,23838472,238
2019-06-10 12:04:11.404,0.2,buy,8079.08,BTC-14JUN19-8000-C,58.5,0.028999999999999998,0.2,0,1560168251404,23838804,239
2019-06-10 12:06:57.276,0.6,buy,8049.37,BTC-14JUN19-8000-C,68.33,0.031,0.6,0,1560168417276,23840835,240
2019-06-10 12:16:56.421,0.1,sell,7993.41,BTC-14JUN19-8000-C,67.13,0.027000000000000003,0.1,2,1560169016421,23843250,241
2019-06-10 12:25:18.170,0.1,buy,7992.8,BTC-14JUN19-8000-C,69.72,0.027999999999999997,0.1,0,1560169518170,23846430,242
2019-06-10 12:36:38.941,0.1,sell,7997.98,BTC-14JUN19-8000-C,61.67,0.025,0.1,2,1560170198941,23848173,243
2019-06-10 12:48:19.340,0.1,sell,7977.58,BTC-14JUN19-8000-C,59.82,0.023,0.1,2,1560170899340,23849487,244
2019-06-10 12:57:16.365,0.1,buy,7980.5,BTC-14JUN19-8000-C,66.82,0.026000000000000002,0.1,0,1560171436365,23850141,245
2019-06-10 13:00:44.343,0.1,buy,7997.95,BTC-14JUN19-8000-C,66.73,0.027000000000000003,0.1,0,1560171644343,23850503,246
2019-06-10 13:11:26.509,0.6,buy,8001.06,BTC-14JUN19-8000-C,67.56,0.0275,0.6,0,1560172286509,23851319,247
2019-06-10 13:12:55.139,0.6,buy,7994.42,BTC-14JUN19-8000-C,68.56,0.0275,0.6,1,1560172375139,23851418,248
2019-06-10 13:13:01.179,7.0,buy,7994.55,BTC-14JUN19-8000-C,71.0,0.0285,7.0,0,1560172381179,23851424,249
2019-06-10 13:13:13.063,0.6,buy,7994.83,BTC-14JUN19-8000-C,70.96,0.0285,0.6,1,1560172393063,23851436,250
2019-06-10 15:44:03.017,5.0,buy,7924.23,BTC-14JUN19-8000-C,72.17,0.0245,5.0,2,1560181443017,23862896,251
2019-06-10 15:52:21.682,0.6,buy,7934.36,BTC-14JUN19-8000-C,72.06,0.025,0.6,0,1560181941682,23863334,252
2019-06-10 15:57:16.530,0.6,buy,7934.33,BTC-14JUN19-8000-C,73.35,0.0255,0.6,0,1560182236530,23863493,253
2019-06-10 15:57:16.555,0.6,sell,7934.33,BTC-14JUN19-8000-C,73.35,0.0255,0.6,1,1560182236555,23863496,254
2019-06-10 15:57:20.467,0.2,sell,7933.32,BTC-14JUN19-8000-C,73.5,0.0255,0.2,1,1560182240467,23863498,255
2019-06-10 16:33:13.054,0.1,buy,7954.06,BTC-14JUN19-8000-C,72.05,0.026000000000000002,0.1,0,1560184393054,23866440,256
2019-06-10 17:57:29.587,0.2,sell,7936.11,BTC-14JUN19-8000-C,75.22,0.026000000000000002,0.2,1,1560189449587,23870346,257
2019-06-10 18:11:39.607,1.0,buy,7930.31,BTC-14JUN19-8000-C,68.52,0.023,1.0,2,1560190299607,23870626,258
2019-06-10 18:11:41.425,1.0,buy,7930.28,BTC-14JUN19-8000-C,68.53,0.023,1.0,3,1560190301425,23870627,259
2019-06-10 18:53:34.809,0.2,buy,7950.3,BTC-14JUN19-8000-C,77.4,0.0275,0.2,0,1560192814809,23871885,260
2019-06-10 19:18:33.697,0.4,sell,7964.77,BTC-14JUN19-8000-C,71.64,0.026000000000000002,0.4,2,1560194313697,23872633,261
2019-06-10 21:10:49.076,0.1,buy,7933.14,BTC-14JUN19-8000-C,77.1,0.026000000000000002,0.1,3,1560201049076,23879036,262
2019-06-10 23:05:03.282,0.3,sell,7963.28,BTC-14JUN19-8000-C,68.29,0.024,0.3,2,1560207903282,23882408,263
2019-06-10 23:26:39.021,1.7,sell,7981.12,BTC-14JUN19-8000-C,68.33,0.025,1.7,0,1560209199021,23883124,264
2019-06-10 23:26:58.472,9.3,buy,7985.5,BTC-14JUN19-8000-C,65.03,0.024,9.3,2,1560209218472,23883141,265
2019-06-11 08:22:46.039,0.1,sell,7943.37,BTC-14JUN19-8000-C,67.41,0.021,0.1,2,1560241366039,23898071,266
2019-06-11 10:20:35.197,7.1000000000000005,buy,7817.84,BTC-14JUN19-8000-C,70.8,0.0155,7.1000000000000005,2,1560248435197,23908004,267
2019-06-11 12:54:25.092,4.4,buy,7808.09,BTC-14JUN19-8000-C,73.46,0.0155,4.4,3,1560257665092,23925643,269
2019-06-11 12:54:25.092,0.6,buy,7808.09,BTC-14JUN19-8000-C,73.46,0.0155,0.6,3,1560257665092,23925642,268
2019-06-11 13:01:22.995,0.1,sell,7794.98,BTC-14JUN19-8000-C,70.69,0.013999999999999999,0.1,2,1560258082995,23925874,270
2019-06-11 15:19:10.368,1.0,sell,7789.66,BTC-14JUN19-8000-C,63.06,0.011000000000000001,1.0,2,1560266350368,23934230,271
2019-06-11 15:19:10.554,5.0,buy,7789.66,BTC-14JUN19-8000-C,63.06,0.011000000000000001,5.0,3,1560266350554,23934231,272
2019-06-11 15:19:24.567,3.9,sell,7789.67,BTC-14JUN19-8000-C,63.06,0.011,3.9,3,1560266364567,23934245,273
2019-06-11 15:19:24.567,6.0,sell,7789.67,BTC-14JUN19-8000-C,61.43,0.0105,6.0,2,1560266364567,23934246,274
2019-06-11 15:19:24.567,16.1,sell,7789.67,BTC-14JUN19-8000-C,59.78,0.01,16.1,2,1560266364567,23934247,275
2019-06-11 17:16:18.361,0.1,buy,7882.88,BTC-14JUN19-8000-C,72.7,0.018000000000000002,0.1,0,1560273378361,23947091,276
2019-06-11 19:54:21.602,0.3,buy,7897.82,BTC-14JUN19-8000-C,71.92,0.018000000000000002,0.3,1,1560282861602,23954181,277
2019-06-11 21:15:40.578,1.0,sell,7927.27,BTC-14JUN19-8000-C,69.47,0.0185,1.0,0,1560287740578,23961513,278
2019-06-12 01:39:03.615,3.0,sell,7865.93,BTC-14JUN19-8000-C,62.71,0.0125,3.0,2,1560303543615,23969312,279
2019-06-12 01:39:23.863,3.0,sell,7866.44,BTC-14JUN19-8000-C,60.95,0.012,3.0,2,1560303563863,23969317,280
2019-06-12 03:07:16.410,5.0,buy,8043.31,BTC-14JUN19-8000-C,66.96,0.0235,5.0,0,1560308836410,23978611,281
2019-06-12 03:07:19.065,0.5,buy,8043.17,BTC-14JUN19-8000-C,66.99,0.0235,0.5,1,1560308839065,23978612,282
2019-06-12 07:50:10.574,0.1,buy,8009.7,BTC-14JUN19-8000-C,60.51,0.0185,0.1,2,1560325810574,23987929,283
2019-06-12 08:13:47.477,0.1,sell,7981.81,BTC-14JUN19-8000-C,66.53,0.0185,0.1,3,1560327227477,23988563,284
2019-06-12 10:09:17.642,5.7,buy,8031.99,BTC-14JUN19-8000-C,60.54,0.0195,5.7,0,1560334157642,23994225,285
2019-06-12 10:09:19.048,4.3,buy,8035.19,BTC-14JUN19-8000-C,59.8,0.0195,4.3,1,1560334159048,23994245,286
2019-06-12 12:11:05.416,0.1,sell,8018.86,BTC-14JUN19-8000-C,59.61,0.018000000000000002,0.1,2,1560341465416,24001186,287
2019-06-12 12:11:18.891,0.9,sell,8020.13,BTC-14JUN19-8000-C,59.32,0.018000000000000002,0.9,3,1560341478891,24001202,288
2019-06-12 14:28:57.171,5.0,buy,7990.0,BTC-14JUN19-8000-C,62.3,0.0165,5.0,2,1560349737171,24008165,289
2019-06-12 14:28:57.178,5.0,buy,7990.0,BTC-14JUN19-8000-C,62.3,0.0165,5.0,3,1560349737178,24008166,290
2019-06-12 14:30:29.433,8.8,buy,7990.28,BTC-14JUN19-8000-C,71.35,0.019,8.8,0,1560349829433,24008272,291
2019-06-12 14:30:29.433,0.1,buy,7990.28,BTC-14JUN19-8000-C,71.35,0.019,0.1,1,1560349829433,24008273,292
2019-06-12 14:30:29.698,1.1,sell,7990.28,BTC-14JUN19-8000-C,71.35,0.019,1.1,1,1560349829698,24008274,293
2019-06-12 15:10:35.204,7.6,buy,8095.08,BTC-14JUN19-8000-C,72.29,0.026000000000000002,7.6,0,1560352235204,24013229,294
2019-06-12 15:10:35.402,1.5,buy,8103.38,BTC-14JUN19-8000-C,70.01,0.026000000000000002,1.5,1,1560352235402,24013264,295
2019-06-12 15:10:35.475,0.1,buy,8103.38,BTC-14JUN19-8000-C,70.01,0.026000000000000002,0.1,1,1560352235475,24013292,296
2019-06-12 15:10:35.659,1.4,buy,8103.38,BTC-14JUN19-8000-C,70.01,0.026000000000000002,1.4,1,1560352235659,24013324,297
2019-06-12 15:10:39.399,5.0,sell,8107.54,BTC-14JUN19-8000-C,66.92,0.0255,5.0,2,1560352239399,24013748,298
2019-06-12 15:10:42.319,2.1,sell,8108.73,BTC-14JUN19-8000-C,66.58,0.0255,2.1,3,1560352242319,24013978,299
2019-06-12 15:10:48.185,6.0,buy,8117.39,BTC-14JUN19-8000-C,66.01,0.026000000000000002,6.0,0,1560352248185,24014379,300
2019-06-12 15:11:16.920,2.0,sell,8145.67,BTC-14JUN19-8000-C,73.32,0.03,2.0,0,1560352276920,24015374,301
2019-06-12 15:11:53.285,2.0,sell,8202.38,BTC-14JUN19-8000-C,87.94,0.038,2.0,0,1560352313285,24017505,302
2019-06-12 15:16:03.188,0.1,buy,8269.17,BTC-14JUN19-8000-C,73.13,0.04,0.1,0,1560352563188,24021157,303
2019-06-12 15:23:15.279,0.1,buy,8183.97,BTC-14JUN19-8000-C,140.41,0.05,0.1,0,1560352995279,24024658,304
2019-06-12 15:23:15.279,0.1,buy,8183.97,BTC-14JUN19-8000-C,140.41,0.05,0.1,1,1560352995279,24024659,305
2019-06-12 15:23:15.279,0.9,buy,8183.97,BTC-14JUN19-8000-C,140.41,0.05,0.9,1,1560352995279,24024660,306
2019-06-12 15:56:03.593,3.0,buy,8185.25,BTC-14JUN19-8000-C,83.94,0.0355,3.0,2,1560354963593,24028283,307
2019-06-12 16:06:44.737,0.1,sell,8181.99,BTC-14JUN19-8000-C,74.9,0.033,0.1,2,1560355604737,24029141,308
2019-06-12 16:21:52.652,1.0,buy,8199.7,BTC-14JUN19-8000-C,81.81,0.036000000000000004,1.0,0,1560356512652,24029822,309
2019-06-12 20:07:09.500,1.0,sell,8167.68,BTC-14JUN19-8000-C,61.89,0.027999999999999997,1.0,2,1560370029500,24038669,310
2019-06-12 23:48:19.053,5.0,buy,8152.3,BTC-14JUN19-8000-C,66.57,0.027000000000000003,5.0,2,1560383299053,24044881,311
2019-06-12 23:52:22.905,0.3,buy,8152.84,BTC-14JUN19-8000-C,80.17,0.03,0.3,1,1560383542905,24045058,313
2019-06-12 23:52:22.905,0.1,buy,8152.84,BTC-14JUN19-8000-C,80.17,0.03,0.1,0,1560383542905,24045057,312
2019-06-13 00:17:59.521,0.5,buy,8186.31,BTC-14JUN19-8000-C,80.05,0.0325,0.5,0,1560385079521,24046398,314
2019-06-13 00:45:50.512,0.4,sell,8163.43,BTC-14JUN19-8000-C,58.23,0.026000000000000002,0.4,2,1560386750512,24047449,315
2019-06-13 00:45:50.512,0.1,sell,8163.43,BTC-14JUN19-8000-C,53.12,0.025,0.1,2,1560386750512,24047450,316
2019-06-13 01:11:09.791,0.2,sell,8160.11,BTC-14JUN19-8000-C,57.53,0.0255,0.2,0,1560388269791,24047980,317
2019-06-13 09:00:02.397,0.5,sell,8132.65,BTC-14JUN19-8000-C,71.02,0.024,0.5,2,1560416402397,24058026,318
2019-06-13 09:00:10.209,0.1,sell,8132.62,BTC-14JUN19-8000-C,71.04,0.024,0.1,3,1560416410209,24058032,319
2019-06-13 09:45:21.381,2.0,sell,8090.06,BTC-14JUN19-8000-C,79.1,0.022000000000000002,2.0,2,1560419121381,24059564,320
2019-06-13 10:42:54.787,0.2,sell,8097.37,BTC-14JUN19-8000-C,67.13,0.02,0.2,2,1560422574787,24062277,321
2019-06-13 12:02:40.909,5.0,sell,8122.41,BTC-14JUN19-8000-C,57.37,0.02,5.0,3,1560427360909,24064035,322
2019-06-13 13:29:29.775,10.0,buy,8178.75,BTC-14JUN19-8000-C,66.42,0.026000000000000002,10.0,0,1560432569775,24073735,323
2019-06-13 13:31:14.138,0.6,buy,8172.27,BTC-14JUN19-8000-C,63.54,0.025,0.6,2,1560432674138,24073846,324
2019-06-13 13:31:43.598,3.4,buy,8173.92,BTC-14JUN19-8000-C,62.47,0.025,3.4,3,1560432703598,24073895,325
2019-06-13 15:08:40.336,0.6,buy,8198.77,BTC-14JUN19-8000-C,70.85,0.027999999999999997,0.6,0,1560438520336,24077594,326
2019-06-13 15:08:44.059,0.4,buy,8203.29,BTC-14JUN19-8000-C,67.42,0.027999999999999997,0.4,1,1560438524059,24077691,327
2019-06-13 16:22:28.865,1.0,buy,8185.52,BTC-14JUN19-8000-C,79.13,0.0275,1.0,2,1560442948865,24082790,328
2019-06-13 18:12:48.243,0.7000000000000001,buy,8215.59,BTC-14JUN19-8000-C,77.61,0.0295,0.7000000000000001,0,1560449568243,24085213,329
2019-06-13 18:15:33.108,2.0,buy,8223.53,BTC-14JUN19-8000-C,80.04,0.0305,2.0,0,1560449733108,24085293,330
2019-06-13 18:51:05.301,0.6,buy,8246.15,BTC-14JUN19-8000-C,79.96,0.0325,0.6,0,1560451865301,24087796,331
2019-06-13 19:18:38.223,0.5,buy,8265.56,BTC-14JUN19-8000-C,69.69,0.0335,0.5,0,1560453518223,24091542,332
2019-06-13 19:21:05.663,1.0,sell,8268.0,BTC-14JUN19-8000-C,73.22,0.034,1.0,0,1560453665663,24091703,333
2019-06-13 19:27:57.661,0.4,sell,8264.83,BTC-14JUN19-8000-C,77.76,0.034,0.4,1,1560454077661,24091939,334
2019-06-13 19:28:13.502,0.1,sell,8264.25,BTC-14JUN19-8000-C,78.48,0.034,0.1,1,1560454093502,24091959,335
2019-06-13 19:42:39.828,2.0,buy,8249.06,BTC-14JUN19-8000-C,79.51,0.0325,2.0,2,1560454959828,24092714,336
2019-06-13 20:56:21.392,0.5,buy,8273.67,BTC-14JUN19-8000-C,84.16,0.035,0.5,0,1560459381392,24094726,337
2019-06-13 21:23:24.288,0.5,buy,8317.23,BTC-14JUN19-8000-C,76.95,0.039,0.5,0,1560461004288,24096469,338
2019-06-13 21:52:28.180,0.1,buy,8325.29,BTC-14JUN19-8000-C,81.74,0.04,0.1,0,1560462748180,24098581,339
2019-06-13 21:52:46.933,2.9,buy,8330.18,BTC-14JUN19-8000-C,67.9,0.04,2.9,1,1560462766933,24098649,340
2019-06-14 03:47:23.002,1.0,sell,8213.91,BTC-14JUN19-8000-C,134.53,0.028999999999999998,1.0,2,1560484043002,24113283,341
2019-06-14 04:35:55.486,0.1,sell,8210.03,BTC-14JUN19-8000-C,0.0,0.025,0.1,2,1560486955486,24113720,342
2019-06-14 04:35:55.486,0.2,sell,8210.03,BTC-14JUN19-8000-C,0.0,0.025,0.2,3,1560486955486,24113721,343
2019-06-14 04:36:17.990,1.7,sell,8209.98,BTC-14JUN19-8000-C,0.0,0.024,1.7,2,1560486977990,24113726,344
2019-06-14 04:39:31.147,0.1,buy,8215.08,BTC-14JUN19-8000-C,148.73,0.029,0.1,0,1560487171147,24113744,345
