date_utc,amount,direction,indexPrice,instrument,iv,price,quantity,tickDirection,timeStamp,tradeId,tradeSeq
2019-02-17 09:29:47.085,0.4,buy,3598.66,BTC-28JUN19-9000-C,67.86,0.0025,0.4,0,1550395787085,15429531,224
2019-02-18 01:48:03.939,1.0,buy,3646.78,BTC-28JUN19-9000-C,65.25,0.002,1.0,2,1550454483939,15480163,225
2019-02-18 10:26:24.098,0.1,buy,3694.46,BTC-28JUN19-9000-C,64.54,0.002,0.1,3,1550485584098,15509651,226
2019-02-20 06:18:43.272,0.5,buy,3880.75,BTC-28JUN19-9000-C,66.6,0.0035,0.5,0,1550643523272,15678536,227
2019-02-20 07:42:05.039,10.0,buy,3895.45,BTC-28JUN19-9000-C,64.99,0.003,10.0,2,1550648525039,15679819,228
2019-02-20 07:42:08.044,7.9,buy,3895.45,BTC-28JUN19-9000-C,64.99,0.003,7.9,3,1550648528044,15679820,229
2019-02-20 07:42:35.135,15.0,sell,3895.48,BTC-28JUN19-9000-C,64.99,0.003,15.0,3,1550648555135,15679825,230
2019-02-20 07:42:36.490,15.0,sell,3895.48,BTC-28JUN19-9000-C,64.99,0.003,15.0,3,1550648556490,15679826,231
2019-02-20 07:42:37.205,15.0,sell,3895.48,BTC-28JUN19-9000-C,64.99,0.003,15.0,3,1550648557205,15679827,232
2019-02-20 07:42:37.946,5.0,sell,3895.48,BTC-28JUN19-9000-C,64.99,0.003,5.0,3,1550648557946,15679828,233
2019-02-20 08:44:50.573,3.0,buy,3907.63,BTC-28JUN19-9000-C,64.82,0.003,3.0,3,1550652290573,15681341,234
2019-02-21 03:48:01.572,5.0,buy,3935.18,BTC-28JUN19-9000-C,66.05,0.0035,5.0,1,1550720881572,15719460,236
2019-02-21 03:48:01.572,9.5,buy,3935.18,BTC-28JUN19-9000-C,66.05,0.0035,9.5,0,1550720881572,15719459,235
2019-02-21 10:07:15.806,0.1,sell,3898.21,BTC-28JUN19-9000-C,66.51,0.0035,0.1,1,1550743635806,15737896,237
2019-02-21 10:07:16.795,0.1,buy,3898.21,BTC-28JUN19-9000-C,66.51,0.0035,0.1,1,1550743636795,15737897,238
2019-02-21 10:07:27.424,0.1,buy,3898.21,BTC-28JUN19-9000-C,66.51,0.0035,0.1,1,1550743647424,15737901,239
2019-02-21 10:07:43.162,0.1,buy,3897.7,BTC-28JUN19-9000-C,66.52,0.0035,0.1,1,1550743663162,15737911,240
2019-02-21 10:07:57.848,0.1,buy,3897.7,BTC-28JUN19-9000-C,66.51,0.0035,0.1,1,1550743677848,15737918,241
2019-02-21 10:08:13.371,0.1,buy,3897.71,BTC-28JUN19-9000-C,66.51,0.0035,0.1,1,1550743693371,15737925,242
2019-02-21 10:08:28.939,0.1,buy,3897.71,BTC-28JUN19-9000-C,66.51,0.0035,0.1,1,1550743708939,15737932,243
2019-02-21 10:17:24.681,1.0,sell,3890.98,BTC-28JUN19-9000-C,65.16,0.003,1.0,2,1550744244681,15738278,244
2019-02-21 10:19:39.102,2.0,sell,3891.43,BTC-28JUN19-9000-C,63.55,0.0025,2.0,3,1550744379102,15738348,246
2019-02-21 10:19:39.102,4.0,sell,3891.43,BTC-28JUN19-9000-C,63.55,0.0025,4.0,2,1550744379102,15738347,245
2019-02-21 10:19:39.102,10.0,sell,3891.43,BTC-28JUN19-9000-C,63.55,0.0025,10.0,3,1550744379102,15738349,247
2019-02-21 16:17:31.752,10.0,sell,3885.47,BTC-28JUN19-9000-C,63.7,0.0025,10.0,3,1550765851752,15746686,248
2019-02-22 01:45:04.407,10.0,sell,3904.35,BTC-28JUN19-9000-C,63.48,0.0025,10.0,3,1550799904407,15753256,249
2019-02-22 09:51:00.613,1.0,buy,3923.81,BTC-28JUN19-9000-C,64.83,0.003,1.0,0,1550829060613,15766054,250
2019-02-22 12:37:47.576,10.0,buy,3937.45,BTC-28JUN19-9000-C,64.63,0.003,10.0,1,1550839067576,15770726,252
2019-02-22 12:37:47.576,1.5,buy,3937.45,BTC-28JUN19-9000-C,64.63,0.003,1.5,1,1550839067576,15770725,251
2019-02-23 12:19:40.871,2.0,buy,3931.38,BTC-28JUN19-9000-C,66.77,0.0035,2.0,0,1550924380871,15802401,253
2019-02-24 03:42:16.258,1.0,sell,4172.7,BTC-28JUN19-9000-C,64.52,0.004,1.0,0,1550979736258,15864602,254
2019-02-24 04:22:45.705,21.9,buy,4160.25,BTC-28JUN19-9000-C,67.0,0.005,21.9,1,1550982165705,15866273,256
2019-02-24 04:22:45.705,10.0,buy,4160.25,BTC-28JUN19-9000-C,67.0,0.005,10.0,0,1550982165705,15866272,255
2019-02-24 05:59:21.279,1.7,buy,4160.32,BTC-28JUN19-9000-C,66.87,0.005,1.7,1,1550987961279,15869640,257
2019-02-24 14:32:11.643,1.0,sell,3785.99,BTC-28JUN19-9000-C,71.69,0.004,1.0,2,1551018731643,15916847,258
2019-02-25 07:13:49.418,0.1,sell,3777.12,BTC-28JUN19-9000-C,70.22,0.0035,0.1,2,1551078829418,15979019,259
2019-02-25 09:06:09.441,0.1,buy,3778.81,BTC-28JUN19-9000-C,71.54,0.004,0.1,0,1551085569441,15981158,260
2019-02-25 18:46:54.339,0.1,buy,3854.49,BTC-28JUN19-9000-C,70.5,0.004,0.1,1,1551120414339,16004524,261
2019-02-26 08:21:40.762,0.5,sell,3786.16,BTC-28JUN19-9000-C,70.31,0.0035,0.5,2,1551169300762,16024188,262
2019-02-26 08:21:41.013,0.5,buy,3786.16,BTC-28JUN19-9000-C,70.31,0.0035,0.5,3,1551169301013,16024189,263
2019-02-26 08:21:57.034,0.5,buy,3786.2,BTC-28JUN19-9000-C,70.31,0.0035,0.5,3,1551169317034,16024191,264
2019-02-26 08:22:13.093,0.5,buy,3786.17,BTC-28JUN19-9000-C,70.31,0.0035,0.5,3,1551169333093,16024193,265
2019-02-26 08:22:29.149,0.5,buy,3786.17,BTC-28JUN19-9000-C,70.31,0.0035,0.5,3,1551169349149,16024203,266
2019-02-26 08:22:45.173,0.5,buy,3786.17,BTC-28JUN19-9000-C,70.31,0.0035,0.5,3,1551169365173,16024204,267
2019-02-26 08:23:01.231,0.5,buy,3785.78,BTC-28JUN19-9000-C,70.3,0.0035,0.5,3,1551169381231,16024214,268
2019-02-26 08:23:17.292,0.5,buy,3785.77,BTC-28JUN19-9000-C,70.29,0.0035,0.5,3,1551169397292,16024217,269
2019-02-26 08:23:33.319,0.5,buy,3786.18,BTC-28JUN19-9000-C,70.29,0.0035,0.5,3,1551169413319,16024225,270
2019-02-26 08:23:49.343,0.5,buy,3785.83,BTC-28JUN19-9000-C,70.3,0.0035,0.5,3,1551169429343,16024227,271
2019-02-26 08:24:05.354,0.5,buy,3785.83,BTC-28JUN19-9000-C,70.29,0.0035,0.5,3,1551169445354,16024235,272
2019-02-26 08:24:21.379,0.5,buy,3786.19,BTC-28JUN19-9000-C,70.29,0.0035,0.5,3,1551169461379,16024244,273
2019-02-26 08:24:37.455,0.5,buy,3786.31,BTC-28JUN19-9000-C,70.29,0.0035,0.5,3,1551169477455,16024257,274
2019-02-26 08:24:53.532,0.5,buy,3786.3,BTC-28JUN19-9000-C,70.29,0.0035,0.5,3,1551169493532,16024265,275
2019-02-26 08:25:09.580,0.5,buy,3786.24,BTC-28JUN19-9000-C,70.29,0.0035,0.5,3,1551169509580,16024279,276
2019-02-26 08:25:25.596,0.5,buy,3786.17,BTC-28JUN19-9000-C,70.3,0.0035,0.5,3,1551169525596,16024288,277
2019-02-26 08:25:41.613,0.5,buy,3785.77,BTC-28JUN19-9000-C,70.3,0.0035,0.5,3,1551169541613,16024298,278
2019-02-26 08:25:57.703,0.5,buy,3785.81,BTC-28JUN19-9000-C,70.3,0.0035,0.5,3,1551169557703,16024306,279
2019-02-26 08:26:13.799,0.5,buy,3785.81,BTC-28JUN19-9000-C,70.29,0.0035,0.5,3,1551169573799,16024321,280
2019-02-26 08:26:29.838,0.5,buy,3786.31,BTC-28JUN19-9000-C,70.29,0.0035,0.5,3,1551169589838,16024334,281
2019-02-26 08:26:45.857,0.5,buy,3786.05,BTC-28JUN19-9000-C,70.29,0.0035,0.5,3,1551169605857,16024343,282
2019-02-26 08:27:01.883,0.5,buy,3785.68,BTC-28JUN19-9000-C,70.3,0.0035,0.5,3,1551169621883,16024352,283
2019-02-26 08:27:17.933,0.5,buy,3785.05,BTC-28JUN19-9000-C,70.3,0.0035,0.5,3,1551169637933,16024377,284
2019-02-26 08:27:33.994,0.5,buy,3784.44,BTC-28JUN19-9000-C,70.3,0.0035,0.5,3,1551169653994,16024386,285
2019-02-26 08:27:50.046,0.5,buy,3784.27,BTC-28JUN19-9000-C,70.3,0.0035,0.5,3,1551169670046,16024410,286
2019-02-26 08:28:06.119,0.5,buy,3783.31,BTC-28JUN19-9000-C,70.31,0.0035,0.5,3,1551169686119,16024420,287
2019-02-26 08:28:22.196,0.5,buy,3783.31,BTC-28JUN19-9000-C,70.3,0.0035,0.5,3,1551169702196,16024429,288
2019-02-26 08:28:38.274,0.5,buy,3783.77,BTC-28JUN19-9000-C,70.29,0.0035,0.5,3,1551169718274,16024440,289
2019-02-26 08:28:54.297,0.5,buy,3783.46,BTC-28JUN19-9000-C,70.3,0.0035,0.5,3,1551169734297,16024444,290
2019-02-26 08:29:10.361,0.5,buy,3783.63,BTC-28JUN19-9000-C,70.29,0.0035,0.5,3,1551169750361,16024453,291
2019-02-26 08:29:26.412,0.5,buy,3783.53,BTC-28JUN19-9000-C,70.3,0.0035,0.5,3,1551169766412,16024456,292
2019-02-26 08:29:42.451,0.5,buy,3783.54,BTC-28JUN19-9000-C,70.3,0.0035,0.5,3,1551169782451,16024468,293
2019-02-26 08:29:58.492,0.5,buy,3783.68,BTC-28JUN19-9000-C,70.31,0.0035,0.5,3,1551169798492,16024473,294
2019-02-26 08:30:14.587,0.5,buy,3783.68,BTC-28JUN19-9000-C,70.32,0.0035,0.5,3,1551169814587,16024483,295
2019-02-26 08:30:30.634,0.5,buy,3783.68,BTC-28JUN19-9000-C,70.32,0.0035,0.5,3,1551169830634,16024485,296
2019-02-26 08:30:46.697,0.5,buy,3783.71,BTC-28JUN19-9000-C,70.32,0.0035,0.5,3,1551169846697,16024495,297
2019-02-26 08:31:02.800,0.5,buy,3783.73,BTC-28JUN19-9000-C,70.32,0.0035,0.5,3,1551169862800,16024496,298
2019-02-26 08:31:18.841,0.5,buy,3783.73,BTC-28JUN19-9000-C,70.32,0.0035,0.5,3,1551169878841,16024500,299
2019-02-26 08:31:34.869,0.5,buy,3784.53,BTC-28JUN19-9000-C,70.31,0.0035,0.5,3,1551169894869,16024503,300
2019-02-26 08:31:50.904,0.5,buy,3784.83,BTC-28JUN19-9000-C,70.32,0.0035,0.5,3,1551169910904,16024505,301
2019-02-26 08:32:06.949,0.5,buy,3784.91,BTC-28JUN19-9000-C,70.32,0.0035,0.5,3,1551169926949,16024507,302
2019-02-26 08:32:22.996,0.5,buy,3784.94,BTC-28JUN19-9000-C,70.32,0.0035,0.5,3,1551169942996,16024510,303
2019-02-26 08:32:39.040,0.5,buy,3784.7,BTC-28JUN19-9000-C,70.32,0.0035,0.5,3,1551169959040,16024514,304
2019-02-26 08:32:55.092,0.5,buy,3784.94,BTC-28JUN19-9000-C,70.32,0.0035,0.5,3,1551169975092,16024518,305
2019-02-26 08:33:11.132,0.5,buy,3784.95,BTC-28JUN19-9000-C,70.32,0.0035,0.5,3,1551169991132,16024524,306
2019-02-26 08:33:27.140,0.5,buy,3786.21,BTC-28JUN19-9000-C,70.3,0.0035,0.5,3,1551170007140,16024557,307
2019-02-26 08:33:43.167,0.5,buy,3786.54,BTC-28JUN19-9000-C,70.3,0.0035,0.5,3,1551170023167,16024572,308
2019-02-26 08:33:59.218,0.5,buy,3786.69,BTC-28JUN19-9000-C,70.3,0.0035,0.5,3,1551170039218,16024583,309
2019-02-26 08:34:15.229,0.5,buy,3785.72,BTC-28JUN19-9000-C,70.31,0.0035,0.5,3,1551170055229,16024597,310
2019-02-26 08:34:31.241,0.5,buy,3785.77,BTC-28JUN19-9000-C,70.29,0.0035,0.5,3,1551170071241,16024611,311
2019-02-26 08:34:47.282,0.5,buy,3786.51,BTC-28JUN19-9000-C,70.28,0.0035,0.5,3,1551170087282,16024621,312
2019-02-26 08:35:03.376,0.5,buy,3786.55,BTC-28JUN19-9000-C,70.28,0.0035,0.5,3,1551170103376,16024624,313
2019-02-26 08:35:19.386,0.5,buy,3786.73,BTC-28JUN19-9000-C,70.29,0.0035,0.5,3,1551170119386,16024634,314
2019-02-26 08:35:35.415,0.5,buy,3786.78,BTC-28JUN19-9000-C,70.29,0.0035,0.5,3,1551170135415,16024640,315
2019-02-26 08:35:51.440,0.5,buy,3786.69,BTC-28JUN19-9000-C,70.29,0.0035,0.5,3,1551170151440,16024673,316
2019-02-26 08:36:07.535,0.5,buy,3788.06,BTC-28JUN19-9000-C,70.25,0.0035,0.5,3,1551170167535,16024690,317
2019-02-26 08:36:23.571,0.5,buy,3788.95,BTC-28JUN19-9000-C,70.24,0.0035,0.5,3,1551170183571,16024712,318
2019-02-26 08:36:39.607,0.5,buy,3789.05,BTC-28JUN19-9000-C,70.25,0.0035,0.5,3,1551170199607,16024721,319
2019-02-26 08:36:55.656,0.5,buy,3788.91,BTC-28JUN19-9000-C,70.25,0.0035,0.5,3,1551170215656,16024724,320
2019-02-26 08:37:11.713,0.5,buy,3789.36,BTC-28JUN19-9000-C,70.24,0.0035,0.5,3,1551170231713,16024736,321
2019-02-26 11:46:35.918,0.5,sell,3794.82,BTC-28JUN19-9000-C,70.23,0.0035,0.5,3,1551181595918,16028300,322
2019-02-26 11:46:36.504,0.5,buy,3794.82,BTC-28JUN19-9000-C,70.23,0.0035,0.5,3,1551181596504,16028301,323
2019-02-26 11:46:52.586,0.5,buy,3793.0,BTC-28JUN19-9000-C,70.29,0.0035,0.5,3,1551181612586,16028331,324
2019-02-26 11:47:08.657,0.5,buy,3793.68,BTC-28JUN19-9000-C,70.28,0.0035,0.5,3,1551181628657,16028351,325
2019-02-26 11:47:24.743,0.5,buy,3792.88,BTC-28JUN19-9000-C,70.29,0.0035,0.5,3,1551181644743,16028355,326
2019-02-26 11:47:40.820,0.5,buy,3792.91,BTC-28JUN19-9000-C,70.28,0.0035,0.5,3,1551181660820,16028357,327
2019-02-26 11:47:56.858,0.5,buy,3792.74,BTC-28JUN19-9000-C,70.29,0.0035,0.5,3,1551181676858,16028386,328
2019-02-26 11:48:12.896,0.5,buy,3792.72,BTC-28JUN19-9000-C,70.28,0.0035,0.5,3,1551181692896,16028388,329
2019-02-26 11:48:28.964,0.5,buy,3792.51,BTC-28JUN19-9000-C,70.29,0.0035,0.5,3,1551181708964,16028425,330
2019-02-26 11:48:44.990,0.5,buy,3792.39,BTC-28JUN19-9000-C,70.29,0.0035,0.5,3,1551181724990,16028433,331
2019-02-26 11:49:01.039,0.5,buy,3792.21,BTC-28JUN19-9000-C,70.3,0.0035,0.5,3,1551181741039,16028437,332
2019-02-26 11:49:17.124,0.5,buy,3792.27,BTC-28JUN19-9000-C,70.3,0.0035,0.5,3,1551181757124,16028439,333
2019-02-26 11:49:33.198,0.5,buy,3792.3,BTC-28JUN19-9000-C,70.3,0.0035,0.5,3,1551181773198,16028442,334
2019-02-26 11:49:49.277,0.5,buy,3792.43,BTC-28JUN19-9000-C,70.3,0.0035,0.5,3,1551181789277,16028445,335
2019-02-26 11:50:05.329,0.5,buy,3792.24,BTC-28JUN19-9000-C,70.3,0.0035,0.5,3,1551181805329,16028446,336
2019-02-26 11:50:21.375,0.5,buy,3792.25,BTC-28JUN19-9000-C,70.3,0.0035,0.5,3,1551181821375,16028451,337
2019-02-26 11:50:37.442,0.5,buy,3792.28,BTC-28JUN19-9000-C,70.3,0.0035,0.5,3,1551181837442,16028453,338
2019-02-26 11:50:53.471,0.5,buy,3792.28,BTC-28JUN19-9000-C,70.3,0.0035,0.5,3,1551181853471,16028455,339
2019-02-26 11:51:09.519,0.5,buy,3792.65,BTC-28JUN19-9000-C,70.3,0.0035,0.5,3,1551181869519,16028456,340
2019-02-26 11:51:25.568,0.5,buy,3792.6,BTC-28JUN19-9000-C,70.3,0.0035,0.5,3,1551181885568,16028457,341
2019-02-26 11:51:41.556,0.5,buy,3792.6,BTC-28JUN19-9000-C,70.3,0.0035,0.5,3,1551181901556,16028459,342
2019-02-26 11:51:57.596,0.5,buy,3792.28,BTC-28JUN19-9000-C,70.3,0.0035,0.5,3,1551181917596,16028462,343
2019-02-26 11:52:13.655,0.5,buy,3791.73,BTC-28JUN19-9000-C,70.31,0.0035,0.5,3,1551181933655,16028469,344
2019-02-26 11:52:29.683,0.5,buy,3791.57,BTC-28JUN19-9000-C,70.3,0.0035,0.5,3,1551181949683,16028478,345
2019-02-26 11:52:45.714,0.5,buy,3791.58,BTC-28JUN19-9000-C,70.3,0.0035,0.5,3,1551181965714,16028487,346
2019-02-26 11:53:01.687,0.5,buy,3791.58,BTC-28JUN19-9000-C,70.3,0.0035,0.5,3,1551181981687,16028500,347
2019-02-26 11:53:17.795,0.5,buy,3791.7,BTC-28JUN19-9000-C,70.3,0.0035,0.5,3,1551181997795,16028502,348
2019-02-26 11:53:33.836,0.5,buy,3791.7,BTC-28JUN19-9000-C,70.3,0.0035,0.5,3,1551182013836,16028503,349
2019-02-26 11:53:49.883,0.5,buy,3791.75,BTC-28JUN19-9000-C,70.3,0.0035,0.5,3,1551182029883,16028505,350
2019-02-26 11:54:05.926,0.5,buy,3791.45,BTC-28JUN19-9000-C,70.3,0.0035,0.5,3,1551182045926,16028511,351
2019-02-26 11:54:21.960,0.5,buy,3791.38,BTC-28JUN19-9000-C,70.3,0.0035,0.5,3,1551182061960,16028521,352
2019-02-26 11:54:37.984,0.5,buy,3791.36,BTC-28JUN19-9000-C,70.3,0.0035,0.5,3,1551182077984,16028533,353
2019-02-26 11:54:54.037,0.5,buy,3791.54,BTC-28JUN19-9000-C,70.3,0.0035,0.5,3,1551182094037,16028543,354
2019-02-26 11:55:09.116,0.5,buy,3791.39,BTC-28JUN19-9000-C,70.3,0.0035,0.5,3,1551182109116,16028549,355
2019-02-26 11:55:25.192,0.5,buy,3790.54,BTC-28JUN19-9000-C,70.31,0.0035,0.5,3,1551182125192,16028565,356
2019-02-26 11:55:41.241,0.5,buy,3790.73,BTC-28JUN19-9000-C,70.3,0.0035,0.5,3,1551182141241,16028574,357
2019-02-26 11:55:57.304,0.5,buy,3788.35,BTC-28JUN19-9000-C,70.33,0.0035,0.5,3,1551182157304,16028614,358
2019-02-26 11:56:13.408,0.5,buy,3786.46,BTC-28JUN19-9000-C,70.35,0.0035,0.5,3,1551182173408,16028641,359
2019-02-26 11:56:14.701,0.5,buy,3785.98,BTC-28JUN19-9000-C,70.36,0.0035,0.5,3,1551182174701,16028643,360
2019-02-26 11:56:19.159,0.5,buy,3786.13,BTC-28JUN19-9000-C,70.36,0.0035,0.5,3,1551182179159,16028655,361
2019-02-26 11:56:35.243,0.5,buy,3786.98,BTC-28JUN19-9000-C,70.35,0.0035,0.5,3,1551182195243,16028671,362
2019-02-26 11:56:40.758,0.5,buy,3786.64,BTC-28JUN19-9000-C,70.37,0.0035,0.5,3,1551182200758,16028677,363
2019-02-26 11:56:49.462,0.5,buy,3787.18,BTC-28JUN19-9000-C,70.36,0.0035,0.5,3,1551182209462,16028685,364
2019-02-26 11:56:57.083,0.5,buy,3787.06,BTC-28JUN19-9000-C,70.36,0.0035,0.5,3,1551182217083,16028688,365
2019-02-26 11:57:07.908,0.5,buy,3787.26,BTC-28JUN19-9000-C,70.36,0.0035,0.5,3,1551182227908,16028699,366
2019-02-26 11:57:23.939,0.5,buy,3787.78,BTC-28JUN19-9000-C,70.36,0.0035,0.5,3,1551182243939,16028710,367
2019-02-26 11:57:40.005,0.5,buy,3787.95,BTC-28JUN19-9000-C,70.35,0.0035,0.5,3,1551182260005,16028722,368
2019-02-26 11:57:56.089,0.5,buy,3787.98,BTC-28JUN19-9000-C,70.35,0.0035,0.5,3,1551182276089,16028732,369
2019-02-26 11:58:12.141,0.5,buy,3788.0,BTC-28JUN19-9000-C,70.35,0.0035,0.5,3,1551182292141,16028743,370
2019-02-26 11:58:28.177,0.5,buy,3788.67,BTC-28JUN19-9000-C,70.34,0.0035,0.5,3,1551182308177,16028760,371
2019-02-26 11:58:44.196,0.5,buy,3790.13,BTC-28JUN19-9000-C,70.32,0.0035,0.5,3,1551182324196,16028775,372
2019-02-26 11:59:00.254,0.5,buy,3788.97,BTC-28JUN19-9000-C,70.34,0.0035,0.5,3,1551182340254,16028784,373
2019-02-26 11:59:16.368,0.5,buy,3789.04,BTC-28JUN19-9000-C,70.33,0.0035,0.5,3,1551182356368,16028791,374
2019-02-26 11:59:32.417,0.5,buy,3789.22,BTC-28JUN19-9000-C,70.33,0.0035,0.5,3,1551182372417,16028799,375
2019-02-26 11:59:48.483,0.5,buy,3789.0,BTC-28JUN19-9000-C,70.33,0.0035,0.5,3,1551182388483,16028803,376
2019-02-26 12:00:04.556,0.5,buy,3789.14,BTC-28JUN19-9000-C,70.33,0.0035,0.5,3,1551182404556,16028812,377
2019-02-26 12:00:20.607,0.5,buy,3789.78,BTC-28JUN19-9000-C,70.31,0.0035,0.5,3,1551182420607,16028833,378
2019-02-26 12:00:36.914,0.5,buy,3789.83,BTC-28JUN19-9000-C,70.31,0.0035,0.5,3,1551182436914,16028840,379
2019-02-26 12:00:52.970,0.5,buy,3790.32,BTC-28JUN19-9000-C,70.31,0.0035,0.5,3,1551182452970,16028849,380
2019-02-26 12:01:09.087,0.5,buy,3790.47,BTC-28JUN19-9000-C,70.31,0.0035,0.5,3,1551182469087,16028866,381
2019-02-26 12:01:25.197,0.5,buy,3790.45,BTC-28JUN19-9000-C,70.31,0.0035,0.5,3,1551182485197,16028877,382
2019-02-26 12:01:41.296,0.5,buy,3790.23,BTC-28JUN19-9000-C,70.31,0.0035,0.5,3,1551182501296,16028891,383
2019-02-26 12:01:57.388,0.5,buy,3790.47,BTC-28JUN19-9000-C,70.3,0.0035,0.5,3,1551182517388,16028903,384
2019-02-26 12:02:13.466,0.5,buy,3790.65,BTC-28JUN19-9000-C,70.29,0.0035,0.5,3,1551182533466,16028912,385
2019-02-26 12:02:29.533,0.5,buy,3790.75,BTC-28JUN19-9000-C,70.29,0.0035,0.5,3,1551182549533,16028924,386
2019-02-26 12:02:45.562,0.5,buy,3790.82,BTC-28JUN19-9000-C,70.29,0.0035,0.5,3,1551182565562,16028930,387
2019-02-26 12:03:01.608,0.5,buy,3790.82,BTC-28JUN19-9000-C,70.29,0.0035,0.5,3,1551182581608,16028937,388
2019-02-26 12:03:17.645,0.5,buy,3791.12,BTC-28JUN19-9000-C,70.28,0.0035,0.5,3,1551182597645,16028944,389
2019-02-26 12:03:33.713,0.5,buy,3791.0,BTC-28JUN19-9000-C,70.28,0.0035,0.5,3,1551182613713,16028956,390
2019-02-26 12:03:49.814,0.5,buy,3790.61,BTC-28JUN19-9000-C,70.29,0.0035,0.5,3,1551182629814,16028963,391
2019-02-26 12:04:05.906,0.5,buy,3790.4,BTC-28JUN19-9000-C,70.29,0.0035,0.5,3,1551182645906,16028970,392
2019-02-26 12:04:22.047,0.5,buy,3790.73,BTC-28JUN19-9000-C,70.28,0.0035,0.5,3,1551182662047,16028986,393
2019-02-26 12:04:37.133,0.5,buy,3791.12,BTC-28JUN19-9000-C,70.28,0.0035,0.5,3,1551182677133,16028991,394
2019-02-26 12:04:53.204,0.5,buy,3791.14,BTC-28JUN19-9000-C,70.28,0.0035,0.5,3,1551182693204,16028996,395
2019-02-26 12:05:09.331,0.5,buy,3791.43,BTC-28JUN19-9000-C,70.28,0.0035,0.5,3,1551182709331,16029002,396
2019-02-26 12:05:25.425,0.5,buy,3791.43,BTC-28JUN19-9000-C,70.28,0.0035,0.5,3,1551182725425,16029005,397
2019-02-26 12:05:41.495,0.5,buy,3791.48,BTC-28JUN19-9000-C,70.28,0.0035,0.5,3,1551182741495,16029034,398
2019-02-26 12:05:57.595,0.5,buy,3791.64,BTC-28JUN19-9000-C,70.27,0.0035,0.5,3,1551182757595,16029044,399
2019-02-26 12:06:13.658,0.5,buy,3791.9,BTC-28JUN19-9000-C,70.25,0.0035,0.5,3,1551182773658,16029048,400
2019-02-26 12:06:29.738,0.5,buy,3791.99,BTC-28JUN19-9000-C,70.25,0.0035,0.5,3,1551182789738,16029052,401
2019-02-26 12:06:45.794,0.5,buy,3792.11,BTC-28JUN19-9000-C,70.25,0.0035,0.5,3,1551182805794,16029053,402
2019-02-26 12:07:01.852,0.5,buy,3791.98,BTC-28JUN19-9000-C,70.25,0.0035,0.5,3,1551182821852,16029054,403
2019-02-26 12:07:17.933,0.5,buy,3793.57,BTC-28JUN19-9000-C,70.22,0.0035,0.5,3,1551182837933,16029086,404
2019-02-26 12:07:32.635,0.5,sell,3794.51,BTC-28JUN19-9000-C,70.21,0.0035,0.5,3,1551182852635,16029097,405
2019-02-26 12:07:33.344,0.5,buy,3794.51,BTC-28JUN19-9000-C,70.21,0.0035,0.5,3,1551182853344,16029098,406
2019-02-26 12:07:40.979,0.5,buy,3794.73,BTC-28JUN19-9000-C,70.21,0.0035,0.5,3,1551182860979,16029099,407
2019-02-26 12:07:44.343,0.5,buy,3794.46,BTC-28JUN19-9000-C,70.21,0.0035,0.5,3,1551182864343,16029101,408
2019-02-26 12:07:48.810,0.5,buy,3794.92,BTC-28JUN19-9000-C,70.21,0.0035,0.5,3,1551182868810,16029102,409
2019-02-26 12:08:03.767,0.5,sell,3794.96,BTC-28JUN19-9000-C,70.21,0.0035,0.5,3,1551182883767,16029104,410
2019-02-26 12:08:04.229,0.5,buy,3794.96,BTC-28JUN19-9000-C,70.21,0.0035,0.5,3,1551182884229,16029105,411
2019-02-26 12:08:20.345,0.5,buy,3793.71,BTC-28JUN19-9000-C,70.23,0.0035,0.5,3,1551182900345,16029111,412
2019-02-26 12:08:36.421,0.5,buy,3793.92,BTC-28JUN19-9000-C,70.22,0.0035,0.5,3,1551182916421,16029114,413
2019-02-26 12:08:52.419,0.5,buy,3793.79,BTC-28JUN19-9000-C,70.22,0.0035,0.5,3,1551182932419,16029115,414
2019-02-26 12:09:08.452,0.5,buy,3793.8,BTC-28JUN19-9000-C,70.22,0.0035,0.5,3,1551182948452,16029116,415
2019-02-26 12:09:24.506,0.5,buy,3793.94,BTC-28JUN19-9000-C,70.22,0.0035,0.5,3,1551182964506,16029117,416
2019-02-26 12:09:40.546,0.5,buy,3793.94,BTC-28JUN19-9000-C,70.22,0.0035,0.5,3,1551182980546,16029119,417
2019-02-26 12:09:56.614,0.5,buy,3793.91,BTC-28JUN19-9000-C,70.22,0.0035,0.5,3,1551182996614,16029120,418
2019-02-26 12:10:12.653,0.5,buy,3793.75,BTC-28JUN19-9000-C,70.22,0.0035,0.5,3,1551183012653,16029121,419
2019-02-26 12:10:28.750,0.5,buy,3793.72,BTC-28JUN19-9000-C,70.22,0.0035,0.5,3,1551183028750,16029124,420
2019-02-26 12:10:37.446,0.5,buy,3793.79,BTC-28JUN19-9000-C,70.21,0.0035,0.5,3,1551183037446,16029141,421
2019-02-26 12:10:53.553,0.5,buy,3793.64,BTC-28JUN19-9000-C,70.21,0.0035,0.5,3,1551183053553,16029151,422
2019-02-26 12:11:01.173,0.5,buy,3793.83,BTC-28JUN19-9000-C,70.21,0.0035,0.5,3,1551183061173,16029156,423
2019-02-26 12:11:17.263,0.5,buy,3791.29,BTC-28JUN19-9000-C,70.28,0.0035,0.5,3,1551183077263,16029194,424
2019-02-26 12:11:33.312,0.5,buy,3792.01,BTC-28JUN19-9000-C,70.27,0.0035,0.5,3,1551183093312,16029202,425
2019-02-26 12:11:49.416,0.5,buy,3792.72,BTC-28JUN19-9000-C,70.25,0.0035,0.5,3,1551183109416,16029205,426
2019-02-26 12:12:05.501,0.5,buy,3790.6,BTC-28JUN19-9000-C,70.29,0.0035,0.5,3,1551183125501,16029235,427
2019-02-26 12:12:21.608,0.5,buy,3790.03,BTC-28JUN19-9000-C,70.31,0.0035,0.5,3,1551183141608,16029250,428
2019-02-26 12:12:37.619,0.5,buy,3791.26,BTC-28JUN19-9000-C,70.29,0.0035,0.5,3,1551183157619,16029251,429
2019-02-26 12:12:53.652,0.5,buy,3791.17,BTC-28JUN19-9000-C,70.3,0.0035,0.5,3,1551183173652,16029254,430
2019-02-26 12:13:09.751,0.5,buy,3791.94,BTC-28JUN19-9000-C,70.29,0.0035,0.5,3,1551183189751,16029255,431
2019-02-26 12:13:25.811,0.5,buy,3792.57,BTC-28JUN19-9000-C,70.27,0.0035,0.5,3,1551183205811,16029278,432
2019-02-26 12:13:41.949,0.5,buy,3792.61,BTC-28JUN19-9000-C,70.26,0.0035,0.5,3,1551183221949,16029279,433
2019-02-26 12:13:57.039,0.5,buy,3792.78,BTC-28JUN19-9000-C,70.25,0.0035,0.5,3,1551183237039,16029282,434
2019-02-26 12:14:13.154,0.5,buy,3791.79,BTC-28JUN19-9000-C,70.26,0.0035,0.5,3,1551183253154,16029283,435
2019-02-26 12:14:29.177,0.5,buy,3791.93,BTC-28JUN19-9000-C,70.25,0.0035,0.5,3,1551183269177,16029284,436
2019-02-26 12:14:45.244,0.5,buy,3792.09,BTC-28JUN19-9000-C,70.25,0.0035,0.5,3,1551183285244,16029285,437
2019-02-26 12:15:01.298,0.5,buy,3792.67,BTC-28JUN19-9000-C,70.24,0.0035,0.5,3,1551183301298,16029286,438
2019-02-26 12:15:17.346,0.5,buy,3792.85,BTC-28JUN19-9000-C,70.24,0.0035,0.5,3,1551183317346,16029287,439
2019-02-26 12:15:33.409,0.5,buy,3793.3,BTC-28JUN19-9000-C,70.25,0.0035,0.5,3,1551183333409,16029293,440
2019-02-26 12:15:49.484,0.5,buy,3793.35,BTC-28JUN19-9000-C,70.25,0.0035,0.5,3,1551183349484,16029302,441
2019-02-26 12:16:05.558,0.5,buy,3792.8,BTC-28JUN19-9000-C,70.26,0.0035,0.5,3,1551183365558,16029306,442
2019-02-26 12:16:21.636,0.5,buy,3792.66,BTC-28JUN19-9000-C,70.26,0.0035,0.5,3,1551183381636,16029308,443
2019-02-26 12:16:37.679,0.5,buy,3792.55,BTC-28JUN19-9000-C,70.26,0.0035,0.5,3,1551183397679,16029311,444
2019-02-26 12:16:53.694,0.5,buy,3792.55,BTC-28JUN19-9000-C,70.26,0.0035,0.5,3,1551183413694,16029314,445
2019-02-26 12:17:09.689,0.5,buy,3791.98,BTC-28JUN19-9000-C,70.26,0.0035,0.5,3,1551183429689,16029326,446
2019-02-27 19:32:14.857,2.0,sell,3799.01,BTC-28JUN19-9000-C,69.06,0.003,2.0,2,1551295934857,16064501,447
2019-03-03 18:14:32.542,2.0,sell,3790.84,BTC-28JUN19-9000-C,68.54,0.0025,2.0,2,1551636872542,16196889,448
2019-03-07 18:54:43.486,1.0,sell,3865.82,BTC-28JUN19-9000-C,68.13,0.0025,1.0,3,1551984883486,16361192,449
2019-03-08 19:40:45.404,21.7,buy,3890.48,BTC-28JUN19-9000-C,69.82,0.003,21.7,0,1552074045404,16391579,450
2019-03-08 19:40:52.559,21.8,buy,3890.09,BTC-28JUN19-9000-C,69.82,0.003,21.8,1,1552074052559,16391581,451
2019-03-09 16:05:24.488,2.0,sell,3937.75,BTC-28JUN19-9000-C,65.8,0.002,2.0,2,1552147524488,16436833,452
2019-03-09 16:05:24.488,1.0,sell,3937.75,BTC-28JUN19-9000-C,65.8,0.002,1.0,3,1552147524488,16436834,453
2019-03-16 13:23:26.109,10.0,buy,3980.43,BTC-28JUN19-9000-C,70.96,0.003,10.0,0,1552742606109,16643621,454
2019-03-18 17:52:29.466,10.0,buy,3963.34,BTC-28JUN19-9000-C,70.21,0.0025,10.0,2,1552931549466,16692213,455
2019-03-19 10:38:44.492,10.0,sell,3974.95,BTC-28JUN19-9000-C,68.12,0.002,10.0,2,1552991924492,16703355,456
2019-03-20 13:01:48.941,1.0,buy,3999.48,BTC-28JUN19-9000-C,70.18,0.0025,1.0,0,1553086908941,16731783,457
2019-03-21 03:36:38.956,1.0,sell,4030.15,BTC-28JUN19-9000-C,67.94,0.002,1.0,2,1553139398956,16748161,458
2019-03-21 19:42:10.431,0.1,sell,3971.33,BTC-28JUN19-9000-C,69.29,0.002,0.1,3,1553197330431,16770849,459
2019-03-21 19:43:24.248,0.1,sell,3971.15,BTC-28JUN19-9000-C,69.29,0.002,0.1,3,1553197404248,16770853,460
2019-03-21 19:46:00.000,0.1,sell,3972.87,BTC-28JUN19-9000-C,69.29,0.002,0.1,3,1553197560000,16770859,461
2019-03-21 19:47:18.804,0.1,sell,3972.81,BTC-28JUN19-9000-C,69.28,0.002,0.1,3,1553197638804,16770860,462
2019-03-21 20:00:01.169,0.1,sell,3972.86,BTC-28JUN19-9000-C,69.24,0.002,0.1,3,1553198401169,16770937,463
2019-03-21 20:03:27.307,0.1,sell,3971.94,BTC-28JUN19-9000-C,69.27,0.002,0.1,3,1553198607307,16770957,464
2019-03-21 20:05:57.992,0.1,sell,3971.88,BTC-28JUN19-9000-C,69.26,0.002,0.1,3,1553198757992,16770966,465
2019-03-22 08:36:31.019,2.0,sell,3976.78,BTC-28JUN19-9000-C,69.3,0.002,2.0,3,1553243791019,16776181,466
2019-03-23 07:08:49.248,4.0,sell,3992.84,BTC-28JUN19-9000-C,71.4,0.0025,4.0,0,1553324929248,16789164,467
2019-03-23 13:24:01.829,1.0,sell,3961.0,BTC-28JUN19-9000-C,69.91,0.002,1.0,2,1553347441829,16793272,468
2019-03-27 01:24:08.616,0.3,buy,3960.19,BTC-28JUN19-9000-C,73.47,0.0025,0.3,0,1553649848616,16847868,469
2019-03-27 17:44:34.859,0.7000000000000001,buy,4009.66,BTC-28JUN19-9000-C,72.89,0.0025,0.7000000000000001,1,1553708674859,16867252,470
2019-03-27 17:44:34.859,13.4,buy,4009.66,BTC-28JUN19-9000-C,72.89,0.0025,13.4,1,1553708674859,16867254,472
2019-03-27 17:44:34.859,6.9,buy,4009.66,BTC-28JUN19-9000-C,72.89,0.0025,6.9,1,1553708674859,16867253,471
2019-03-27 17:57:03.011,6.6000000000000005,buy,4010.18,BTC-28JUN19-9000-C,72.89,0.0025,6.6000000000000005,1,1553709423011,16867278,473
2019-03-27 17:57:13.758,3.3000000000000003,buy,4010.42,BTC-28JUN19-9000-C,72.88,0.0025,3.3000000000000003,1,1553709433758,16867279,474
2019-03-27 18:03:08.182,6.9,buy,4009.9,BTC-28JUN19-9000-C,72.87,0.0025,6.9,1,1553709788182,16867299,475
2019-03-27 21:00:53.505,4.4,buy,4009.14,BTC-28JUN19-9000-C,72.92,0.0025,4.4,1,1553720453505,16869294,476
2019-03-29 14:06:25.374,1.0,buy,4077.43,BTC-28JUN19-9000-C,72.16,0.0025,1.0,1,1553868385374,16958565,477
2019-04-01 11:04:03.899,3.0,sell,4115.23,BTC-28JUN19-9000-C,70.73,0.002,3.0,2,1554116643899,17003747,478
2019-04-01 11:17:34.090,6.9,buy,4115.17,BTC-28JUN19-9000-C,72.86,0.0025,6.9,0,1554117454090,17003956,479
2019-04-01 15:30:22.855,7.1000000000000005,buy,4136.92,BTC-28JUN19-9000-C,74.52,0.003,7.1000000000000005,1,1554132622855,17008064,482
2019-04-01 15:30:22.855,2.0,buy,4136.92,BTC-28JUN19-9000-C,74.52,0.003,2.0,1,1554132622855,17008063,481
2019-04-01 15:30:22.855,25.0,buy,4136.92,BTC-28JUN19-9000-C,74.52,0.003,25.0,0,1554132622855,17008062,480
2019-04-01 15:30:31.935,3.6,buy,4136.92,BTC-28JUN19-9000-C,74.52,0.003,3.6,1,1554132631935,17008065,483
2019-04-01 15:30:44.120,1.8,buy,4136.92,BTC-28JUN19-9000-C,74.52,0.003,1.8,1,1554132644120,17008066,484
2019-04-01 15:30:52.751,0.9,buy,4136.92,BTC-28JUN19-9000-C,74.52,0.003,0.9,1,1554132652751,17008067,485
2019-04-01 15:48:58.854,4.4,buy,4132.51,BTC-28JUN19-9000-C,74.62,0.003,4.4,1,1554133738854,17008174,486
2019-04-01 15:49:11.702,2.4,buy,4132.32,BTC-28JUN19-9000-C,74.62,0.003,2.4,1,1554133751702,17008177,487
2019-04-01 18:49:42.161,8.1,buy,4132.83,BTC-28JUN19-9000-C,74.66,0.003,8.1,1,1554144582161,17009940,488
2019-04-01 18:49:56.049,4.1,buy,4132.32,BTC-28JUN19-9000-C,74.67,0.003,4.1,1,1554144596049,17009941,489
2019-04-01 18:50:10.546,2.4,buy,4132.78,BTC-28JUN19-9000-C,74.66,0.003,2.4,1,1554144610546,17009944,490
2019-04-01 18:50:17.466,1.2,buy,4132.5,BTC-28JUN19-9000-C,74.67,0.003,1.2,1,1554144617466,17009948,491
2019-04-02 05:19:07.904,2.0,buy,4902.79,BTC-28JUN19-9000-C,60.57,0.003,2.0,1,1554182347904,17056505,492
2019-04-02 09:52:26.626,1.0,buy,4784.0,BTC-28JUN19-9000-C,70.3,0.006,1.0,0,1554198746626,17101760,493
2019-04-02 09:57:29.018,3.0,buy,4796.97,BTC-28JUN19-9000-C,70.14,0.006,3.0,1,1554199049018,17102179,494
2019-04-02 12:11:31.837,6.0,buy,4782.4,BTC-28JUN19-9000-C,70.35,0.006,6.0,1,1554207091837,17108337,495
2019-04-02 12:11:31.837,2.0,buy,4782.4,BTC-28JUN19-9000-C,70.35,0.006,2.0,1,1554207091837,17108338,496
2019-04-02 12:43:17.849,7.4,sell,4800.53,BTC-28JUN19-9000-C,69.01,0.0055,7.4,3,1554208997849,17110026,498
2019-04-02 12:43:17.849,10.0,sell,4800.53,BTC-28JUN19-9000-C,69.01,0.0055,10.0,2,1554208997849,17110025,497
2019-04-02 13:53:33.220,10.0,buy,4805.49,BTC-28JUN19-9000-C,71.13,0.0065,10.0,0,1554213213220,17112450,499
2019-04-02 19:16:29.899,1.1,sell,4734.8,BTC-28JUN19-9000-C,69.15,0.005,1.1,2,1554232589899,17127177,500
2019-04-02 20:21:56.822,7.3,sell,4816.5,BTC-28JUN19-9000-C,68.95,0.0055,7.3,0,1554236516822,17131138,501
2019-04-02 23:45:03.576,10.0,sell,4928.02,BTC-28JUN19-9000-C,69.15,0.0065,10.0,0,1554248703576,17150111,502
2019-04-02 23:45:03.576,9.6,sell,4928.02,BTC-28JUN19-9000-C,69.15,0.0065,9.6,1,1554248703576,17150112,503
2019-04-03 02:01:43.017,10.0,buy,4965.2,BTC-28JUN19-9000-C,69.43,0.006999999999999999,10.0,0,1554256903017,17166593,504
2019-04-03 02:16:13.112,1.0,sell,4983.6,BTC-28JUN19-9000-C,70.02,0.0075,1.0,0,1554257773112,17168490,505
2019-04-03 02:24:16.532,18.0,buy,5014.05,BTC-28JUN19-9000-C,71.15,0.0085,18.0,0,1554258256532,17169005,506
2019-04-03 16:21:18.313,1.0,buy,5115.3,BTC-28JUN19-9000-C,71.71,0.01,1.0,0,1554308478313,17211122,507
2019-04-03 16:23:57.768,1.0,sell,5102.29,BTC-28JUN19-9000-C,71.2,0.0095,1.0,2,1554308637768,17211730,508
2019-04-03 16:47:48.457,1.0,buy,5137.82,BTC-28JUN19-9000-C,72.0,0.0105,1.0,0,1554310068457,17214018,509
2019-04-03 17:22:01.069,9.8,sell,5103.67,BTC-28JUN19-9000-C,70.6,0.009000000000000001,9.8,2,1554312121069,17219353,510
2019-04-03 17:24:17.843,2.2,buy,5110.78,BTC-28JUN19-9000-C,70.51,0.009000000000000001,2.2,3,1554312257843,17219652,511
2019-04-03 20:29:54.356,0.5,sell,5252.45,BTC-28JUN19-9000-C,70.86,0.011,0.5,0,1554323394356,17235340,512
2019-04-03 20:45:38.741,2.0,sell,5243.02,BTC-28JUN19-9000-C,70.26,0.0105,2.0,2,1554324338741,17236977,513
2019-04-04 12:21:18.034,8.4,sell,5003.99,BTC-28JUN19-9000-C,75.77,0.011000000000000001,8.4,0,1554380478034,17306014,514
2019-04-04 18:41:26.988,1.7,sell,4871.49,BTC-28JUN19-9000-C,74.11,0.0085,1.7,2,1554403286988,17324486,515
2019-04-06 22:30:22.098,1.0,buy,5038.43,BTC-28JUN19-9000-C,77.19,0.012,1.0,0,1554589822098,17440281,516
2019-04-07 15:40:36.391,1.0,sell,5125.86,BTC-28JUN19-9000-C,75.8,0.012,1.0,1,1554651636391,17469935,517
2019-04-07 15:40:37.628,1.0,sell,5126.25,BTC-28JUN19-9000-C,75.8,0.012,1.0,1,1554651637628,17469937,518
2019-04-07 15:45:30.451,1.0,sell,5123.81,BTC-28JUN19-9000-C,75.15,0.0115,1.0,2,1554651930451,17470013,519
2019-04-07 15:45:31.475,1.0,sell,5123.81,BTC-28JUN19-9000-C,75.15,0.0115,1.0,3,1554651931475,17470014,520
2019-04-07 15:55:32.557,1.0,sell,5126.19,BTC-28JUN19-9000-C,75.11,0.0115,1.0,3,1554652532557,17470220,521
2019-04-07 17:04:14.358,1.0,sell,5118.95,BTC-28JUN19-9000-C,75.37,0.0115,1.0,3,1554656654358,17474176,522
2019-04-08 02:59:47.476,11.8,sell,5288.34,BTC-28JUN19-9000-C,76.95,0.0155,11.8,0,1554692387476,17508958,523
2019-04-08 04:48:36.932,0.5,buy,5291.9,BTC-28JUN19-9000-C,73.81,0.013000000000000001,0.5,2,1554698916932,17512863,524
2019-04-08 05:33:52.153,1.0,sell,5280.37,BTC-28JUN19-9000-C,72.91,0.012,1.0,2,1554701632153,17514353,525
2019-04-08 05:35:00.842,2.0,sell,5273.8,BTC-28JUN19-9000-C,73.0,0.012,2.0,3,1554701700842,17514416,526
2019-04-08 14:37:16.690,0.5,buy,5223.08,BTC-28JUN19-9000-C,74.43,0.012,0.5,3,1554734236690,17532943,527
2019-04-08 15:10:31.238,1.0,sell,5233.7,BTC-28JUN19-9000-C,72.83,0.011000000000000001,1.0,2,1554736231238,17534164,528
2019-04-08 15:57:33.842,1.0,buy,5235.95,BTC-28JUN19-9000-C,75.49,0.013,1.0,0,1554739053842,17535115,529
2019-04-10 07:33:39.150,10.0,sell,5261.76,BTC-28JUN19-9000-C,73.68,0.0115,10.0,2,1554881619150,17594663,530
2019-04-10 09:35:01.974,1.0,buy,5251.51,BTC-28JUN19-9000-C,76.02,0.013,1.0,0,1554888901974,17595945,531
2019-04-10 12:24:04.595,10.0,sell,5250.42,BTC-28JUN19-9000-C,73.37,0.011,10.0,2,1554899044595,17597938,532
2019-04-10 15:37:20.655,3.0,sell,5268.85,BTC-28JUN19-9000-C,71.75,0.01,3.0,2,1554910640655,17602831,533
2019-04-10 18:35:50.309,0.5,buy,5449.32,BTC-28JUN19-9000-C,71.25,0.012,0.5,0,1554921350309,17616701,534
2019-04-10 19:45:02.375,2.0,buy,5421.13,BTC-28JUN19-9000-C,73.93,0.0135,2.0,0,1554925502375,17625727,535
2019-04-11 04:48:58.944,10.0,sell,5229.1,BTC-28JUN19-9000-C,76.0,0.012,10.0,2,1554958138944,17669081,536
2019-04-11 09:00:07.736,3.0,sell,5202.34,BTC-28JUN19-9000-C,72.85,0.0095,3.0,2,1554973207736,17674785,537
2019-04-11 18:35:05.562,37.5,sell,5070.2,BTC-28JUN19-9000-C,75.86,0.0095,37.5,3,1555007705562,17710501,538
2019-04-12 05:42:44.333,1.0,sell,5008.12,BTC-28JUN19-9000-C,73.53,0.0075,1.0,2,1555047764333,17738247,539
2019-04-13 03:04:39.308,5.0,buy,5108.07,BTC-28JUN19-9000-C,76.7,0.01,5.0,0,1555124679308,17765008,540
2019-04-15 10:42:37.509,6.1000000000000005,sell,5150.57,BTC-28JUN19-9000-C,69.88,0.006,6.1000000000000005,2,1555324957509,17816893,541
2019-04-15 10:58:47.387,5.0,sell,5138.62,BTC-28JUN19-9000-C,69.02,0.0055,5.0,2,1555325927387,17817410,542
2019-04-15 15:37:43.144,2.2,sell,5155.86,BTC-28JUN19-9000-C,67.61,0.005,2.2,2,1555342663144,17820744,543
2019-04-17 12:17:59.411,12.0,sell,5177.89,BTC-28JUN19-9000-C,69.8,0.006,12.0,0,1555503479411,17899922,544
2019-04-17 12:18:07.028,12.0,sell,5176.23,BTC-28JUN19-9000-C,68.74,0.0055,12.0,2,1555503487028,17899999,545
2019-04-18 04:05:32.817,1.0,buy,5291.91,BTC-28JUN19-9000-C,69.07,0.0065,1.0,0,1555560332817,17916756,546
2019-04-18 21:19:10.581,2.0,sell,5301.26,BTC-28JUN19-9000-C,68.23,0.006,2.0,2,1555622350581,17935870,547
2019-04-19 06:05:41.633,2.0,sell,5241.84,BTC-28JUN19-9000-C,69.49,0.006,2.0,3,1555653941633,17946948,548
2019-04-19 07:52:17.357,6.0,sell,5247.07,BTC-28JUN19-9000-C,69.49,0.006,6.0,3,1555660337357,17947542,549
2019-04-19 10:25:56.903,10.0,sell,5255.0,BTC-28JUN19-9000-C,68.3,0.0055,10.0,2,1555669556903,17949350,550
2019-04-19 10:25:56.903,17.1,sell,5255.0,BTC-28JUN19-9000-C,68.3,0.0055,17.1,3,1555669556903,17949351,551
2019-04-19 10:44:25.520,13.1,sell,5243.72,BTC-28JUN19-9000-C,67.33,0.005,13.1,2,1555670665520,17949462,552
2019-04-19 10:44:25.520,8.0,sell,5243.72,BTC-28JUN19-9000-C,67.33,0.005,8.0,3,1555670665520,17949464,554
2019-04-19 10:44:25.520,20.0,sell,5243.72,BTC-28JUN19-9000-C,67.33,0.005,20.0,3,1555670665520,17949463,553
2019-04-19 21:13:44.401,2.0,sell,5282.12,BTC-28JUN19-9000-C,66.82,0.005,2.0,3,1555708424401,17968401,555
2019-04-19 21:13:44.401,0.5,sell,5282.12,BTC-28JUN19-9000-C,66.82,0.005,0.5,3,1555708424401,17968402,556
2019-04-20 18:06:15.001,8.0,buy,5313.99,BTC-28JUN19-9000-C,67.95,0.0055,8.0,0,1555783575001,17987020,557
2019-04-23 03:10:47.223,5.0,sell,5411.83,BTC-28JUN19-9000-C,68.27,0.006,5.0,0,1555989047223,18074800,558
2019-04-23 04:08:53.895,2.0,buy,5457.65,BTC-28JUN19-9000-C,68.49,0.0065,2.0,0,1555992533895,18078347,559
2019-04-23 04:23:52.072,0.3,buy,5532.24,BTC-28JUN19-9000-C,68.02,0.006999999999999999,0.3,0,1555993432072,18083250,560
2019-04-23 07:28:38.033,0.2,buy,5548.5,BTC-28JUN19-9000-C,69.57,0.008,0.2,0,1556004518033,18100572,561
2019-04-23 07:29:00.655,1.0,buy,5548.66,BTC-28JUN19-9000-C,70.46,0.0085,1.0,0,1556004540655,18100579,562
2019-04-23 21:31:19.084,8.0,buy,5584.46,BTC-28JUN19-9000-C,69.31,0.008,8.0,2,1556055079084,18123901,563
2019-04-24 05:36:45.430,2.0,sell,5595.63,BTC-28JUN19-9000-C,68.59,0.0075,2.0,2,1556084205430,18145065,564
2019-04-24 18:11:20.104,0.5,sell,5414.57,BTC-28JUN19-9000-C,65.92,0.0045,0.5,2,1556129480104,18188183,566
2019-04-24 18:11:20.104,5.6000000000000005,sell,5414.57,BTC-28JUN19-9000-C,68.34,0.0055,5.6000000000000005,2,1556129480104,18188182,565
2019-04-24 19:54:34.198,6.6000000000000005,sell,5430.43,BTC-28JUN19-9000-C,68.15,0.0055,6.6000000000000005,0,1556135674198,18196345,567
2019-04-24 21:57:14.009,20.0,sell,5434.79,BTC-28JUN19-9000-C,68.12,0.0055,20.0,1,1556143034009,18198849,568
2019-04-25 16:59:05.603,4.9,sell,5478.02,BTC-28JUN19-9000-C,67.89,0.0055,4.9,1,1556211545603,18225239,569
2019-04-26 09:34:19.175,5.0,sell,5184.74,BTC-28JUN19-9000-C,71.36,0.0045,5.0,2,1556271259175,18321427,570
2019-04-26 22:24:45.490,25.0,sell,5155.9,BTC-28JUN19-9000-C,72.28,0.0045,25.0,3,1556317485490,18352318,571
2019-04-28 11:11:23.768,1.2,buy,5189.46,BTC-28JUN19-9000-C,75.32,0.0055,1.2,0,1556449883768,18383655,572
2019-04-29 07:29:39.191,1.0,buy,5177.21,BTC-28JUN19-9000-C,77.49,0.006,1.0,0,1556522979191,18409942,573
2019-04-29 17:28:33.878,5.0,buy,5163.36,BTC-28JUN19-9000-C,72.83,0.004,5.0,2,1556558913878,18431798,574
2019-05-02 15:46:28.211,4.0,sell,5399.14,BTC-28JUN19-9000-C,71.73,0.0045,4.0,0,1556811988211,18559589,575
2019-05-02 21:53:08.123,3.8,buy,5405.34,BTC-28JUN19-9000-C,73.26,0.005,3.8,0,1556833988123,18572215,576
2019-05-03 07:23:12.538,0.1,buy,5545.49,BTC-28JUN19-9000-C,71.22,0.0055,0.1,0,1556868192538,18611075,577
2019-05-03 08:52:14.499,6.9,buy,5719.03,BTC-28JUN19-9000-C,67.25,0.0055,6.9,1,1556873534499,18630993,578
2019-05-03 09:12:21.013,3.0,buy,5695.67,BTC-28JUN19-9000-C,67.95,0.0055,3.0,1,1556874741013,18639258,579
2019-05-03 14:17:48.292,4.5,buy,5758.15,BTC-28JUN19-9000-C,71.84,0.008,4.5,0,1556893068292,18682538,580
2019-05-03 15:26:57.661,1.0,buy,5720.54,BTC-28JUN19-9000-C,72.66,0.008,1.0,1,1556897217661,18689320,581
2019-05-03 22:42:59.073,2.0,sell,5662.86,BTC-28JUN19-9000-C,71.95,0.006999999999999999,2.0,2,1556923379073,18714496,582
2019-05-04 06:28:54.448,1.0,sell,5710.6,BTC-28JUN19-9000-C,68.14,0.0055,1.0,2,1556951334448,18752663,583
2019-05-04 23:37:01.678,0.1,sell,5763.12,BTC-28JUN19-9000-C,67.35,0.0055,0.1,3,1557013021678,18832811,584
2019-05-05 03:52:24.689,0.1,buy,5758.83,BTC-28JUN19-9000-C,69.87,0.0065,0.1,0,1557028344689,18851392,585
2019-05-05 06:04:23.847,3.0,buy,5754.65,BTC-28JUN19-9000-C,69.88,0.0065,3.0,1,1557036263847,18855271,587
2019-05-05 06:04:23.847,9.9,buy,5754.65,BTC-28JUN19-9000-C,69.88,0.0065,9.9,1,1557036263847,18855270,586
2019-05-05 06:09:16.302,12.1,buy,5751.94,BTC-28JUN19-9000-C,74.83,0.009000000000000001,12.1,0,1557036556302,18855609,588
2019-05-05 06:11:50.441,5.0,sell,5752.67,BTC-28JUN19-9000-C,68.84,0.006,5.0,2,1557036710441,18855672,589
2019-05-05 06:11:58.079,5.0,sell,5753.2,BTC-28JUN19-9000-C,68.83,0.006,5.0,3,1557036718079,18855673,590
2019-05-05 06:12:22.095,5.0,sell,5752.54,BTC-28JUN19-9000-C,67.72,0.0055,5.0,2,1557036742095,18855682,591
2019-05-05 06:12:27.527,5.0,sell,5751.87,BTC-28JUN19-9000-C,67.73,0.0055,5.0,3,1557036747527,18855687,592
2019-05-05 06:12:34.861,1.1,sell,5751.33,BTC-28JUN19-9000-C,66.52,0.005,1.1,3,1557036754861,18855689,594
2019-05-05 06:12:34.861,3.9,sell,5751.33,BTC-28JUN19-9000-C,66.52,0.005,3.9,2,1557036754861,18855688,593
2019-05-05 22:42:03.964,0.1,sell,5728.75,BTC-28JUN19-9000-C,69.89,0.006,0.1,0,1557096123964,18905753,595
2019-05-07 02:21:54.047,0.1,buy,5792.88,BTC-28JUN19-9000-C,73.29,0.008,0.1,0,1557195714047,18996720,596
2019-05-07 07:51:58.387,0.1,buy,5876.46,BTC-28JUN19-9000-C,73.38,0.009000000000000001,0.1,0,1557215518387,19032958,597
2019-05-08 07:01:06.369,0.1,sell,5827.53,BTC-28JUN19-9000-C,70.93,0.0065,0.1,2,1557298866369,19133829,598
2019-05-08 15:14:09.326,0.1,buy,5866.06,BTC-28JUN19-9000-C,73.6,0.008,0.1,0,1557328449326,19151718,599
2019-05-08 19:32:08.050,0.1,buy,5902.09,BTC-28JUN19-9000-C,74.04,0.0085,0.1,0,1557343928050,19166201,600
2019-05-08 19:32:08.050,1.9,buy,5902.09,BTC-28JUN19-9000-C,74.97,0.009000000000000001,1.9,0,1557343928050,19166202,601
2019-05-08 19:32:11.036,2.0,buy,5902.44,BTC-28JUN19-9000-C,74.96,0.009000000000000001,2.0,1,1557343931036,19166219,602
2019-05-08 19:33:07.232,1.0,sell,5903.04,BTC-28JUN19-9000-C,74.99,0.009000000000000001,1.0,1,1557343987232,19166319,604
2019-05-08 19:33:07.232,2.0,sell,5903.04,BTC-28JUN19-9000-C,74.99,0.009000000000000001,2.0,1,1557343987232,19166318,603
2019-05-09 09:07:58.463,2.0,buy,6029.31,BTC-28JUN19-9000-C,73.54,0.0095,2.0,0,1557392878463,19231740,605
2019-05-09 12:15:49.596,2.0,sell,6023.8,BTC-28JUN19-9000-C,72.07,0.0085,2.0,2,1557404149596,19238639,606
2019-05-09 12:16:10.324,12.0,sell,6020.82,BTC-28JUN19-9000-C,71.2,0.008,12.0,2,1557404170324,19238653,607
2019-05-09 16:44:03.709,0.1,buy,6032.55,BTC-28JUN19-9000-C,74.69,0.01,0.1,0,1557420243709,19253797,608
2019-05-09 16:44:03.709,0.3,buy,6032.55,BTC-28JUN19-9000-C,74.69,0.01,0.3,1,1557420243709,19253798,609
2019-05-09 21:50:57.496,0.1,sell,6117.79,BTC-28JUN19-9000-C,71.32,0.009000000000000001,0.1,2,1557438657496,19270344,610
2019-05-09 21:57:50.784,0.1,buy,6111.35,BTC-28JUN19-9000-C,72.33,0.0095,0.1,0,1557439070784,19271137,611
2019-05-09 21:58:09.434,0.1,buy,6108.31,BTC-28JUN19-9000-C,72.4,0.0095,0.1,1,1557439089434,19271165,612
2019-05-09 23:56:23.355,0.1,buy,6147.38,BTC-28JUN19-9000-C,73.51,0.0105,0.1,0,1557446183355,19281109,613
2019-05-09 23:56:26.912,0.1,buy,6146.54,BTC-28JUN19-9000-C,74.34,0.011000000000000001,0.1,0,1557446186912,19281116,614
2019-05-10 02:28:23.850,0.2,buy,6232.11,BTC-28JUN19-9000-C,73.25,0.0115,0.2,0,1557455303850,19294351,615
2019-05-10 04:52:41.549,0.2,buy,6282.9,BTC-28JUN19-9000-C,73.24,0.012,0.2,0,1557463961549,19320707,616
2019-05-10 08:21:41.357,0.8,sell,6280.52,BTC-28JUN19-9000-C,73.43,0.012,0.8,1,1557476501357,19340708,617
2019-05-10 10:09:12.253,32.0,sell,6299.87,BTC-28JUN19-9000-C,72.5,0.0115,32.0,2,1557482952253,19348038,618
2019-05-10 10:32:29.129,0.4,sell,6298.98,BTC-28JUN19-9000-C,71.71,0.011000000000000001,0.4,2,1557484349129,19348710,619
2019-05-10 14:25:58.269,4.8,sell,6258.19,BTC-28JUN19-9000-C,71.65,0.0105,4.8,3,1557498358269,19361338,621
2019-05-10 14:25:58.269,20.0,sell,6258.19,BTC-28JUN19-9000-C,71.65,0.0105,20.0,2,1557498358269,19361337,620
2019-05-10 16:12:50.349,1.0,buy,6344.39,BTC-28JUN19-9000-C,72.82,0.0125,1.0,0,1557504770349,19370455,622
2019-05-11 02:58:37.725,0.2,sell,6512.37,BTC-28JUN19-9000-C,71.93,0.0145,0.2,0,1557543517725,19433382,623
2019-05-11 03:00:46.045,1.0,buy,6536.67,BTC-28JUN19-9000-C,71.98,0.015,1.0,0,1557543646045,19434049,624
2019-05-11 03:29:08.431,0.2,sell,6538.47,BTC-28JUN19-9000-C,72.08,0.015,0.2,1,1557545348431,19438150,626
2019-05-11 03:29:08.431,0.8,sell,6538.47,BTC-28JUN19-9000-C,72.08,0.015,0.8,1,1557545348431,19438149,625
2019-05-11 04:49:45.991,0.2,buy,6765.24,BTC-28JUN19-9000-C,71.99,0.0195,0.2,0,1557550185991,19453849,627
2019-05-11 06:08:06.817,7.0,buy,6788.34,BTC-28JUN19-9000-C,68.92,0.017,7.0,2,1557554886817,19478343,628
2019-05-11 06:09:07.629,0.2,buy,6814.48,BTC-28JUN19-9000-C,69.54,0.018000000000000002,0.2,0,1557554947629,19481133,629
2019-05-11 07:32:44.345,0.2,sell,6846.26,BTC-28JUN19-9000-C,68.16,0.0175,0.2,2,1557559964345,19525754,630
2019-05-11 07:42:11.677,1.0,sell,6820.0,BTC-28JUN19-9000-C,69.88,0.0185,1.0,0,1557560531677,19527052,631
2019-05-11 08:47:19.311,1.0,buy,6725.1,BTC-28JUN19-9000-C,70.61,0.0175,1.0,2,1557564439311,19537864,632
2019-05-11 09:40:51.193,0.5,buy,6803.17,BTC-28JUN19-9000-C,71.83,0.02,0.5,0,1557567651193,19544956,633
2019-05-11 09:40:51.193,4.0,buy,6803.17,BTC-28JUN19-9000-C,71.83,0.02,4.0,1,1557567651193,19544958,635
2019-05-11 09:40:51.193,2.0,buy,6803.17,BTC-28JUN19-9000-C,71.83,0.02,2.0,1,1557567651193,19544957,634
2019-05-11 10:58:18.417,0.5,buy,6841.01,BTC-28JUN19-9000-C,77.37,0.026000000000000002,0.5,0,1557572298417,19554017,636
2019-05-11 11:09:29.717,0.1,sell,6818.52,BTC-28JUN19-9000-C,78.74,0.027000000000000003,0.1,0,1557572969717,19554981,637
2019-05-11 11:25:57.447,0.2,buy,6805.64,BTC-28JUN19-9000-C,81.02,0.029,0.2,0,1557573957447,19556519,638
2019-05-11 11:30:24.725,1.0,buy,6811.02,BTC-28JUN19-9000-C,81.91,0.03,1.0,0,1557574224725,19556730,639
2019-05-11 13:51:58.350,1.0,sell,6819.08,BTC-28JUN19-9000-C,76.69,0.0255,1.0,2,1557582718350,19569169,640
2019-05-11 18:42:04.314,0.2,sell,6985.31,BTC-28JUN19-9000-C,80.65,0.034,0.2,0,1557600124314,19627067,641
2019-05-11 18:46:51.901,1.0,sell,6991.74,BTC-28JUN19-9000-C,80.44,0.034,1.0,1,1557600411901,19627252,642
2019-05-11 19:10:13.663,0.1,sell,6949.81,BTC-28JUN19-9000-C,81.54,0.034,0.1,1,1557601813663,19629935,643
2019-05-11 19:38:33.569,1.0,sell,6924.53,BTC-28JUN19-9000-C,82.15,0.034,1.0,1,1557603513569,19632994,644
2019-05-11 21:12:20.516,2.7,sell,6946.26,BTC-28JUN19-9000-C,81.71,0.034,2.7,1,1557609140516,19639157,645
2019-05-11 22:05:40.792,1.0,buy,7209.07,BTC-28JUN19-9000-C,76.54,0.037000000000000005,1.0,0,1557612340792,19652805,646
2019-05-11 22:21:02.898,1.0,buy,7161.66,BTC-28JUN19-9000-C,78.53,0.0375,1.0,0,1557613262898,19662577,647
2019-05-11 22:22:06.575,1.0,buy,7164.37,BTC-28JUN19-9000-C,78.91,0.038,1.0,0,1557613326575,19662996,648
2019-05-11 22:23:20.030,1.0,buy,7188.86,BTC-28JUN19-9000-C,78.59,0.0385,1.0,0,1557613400030,19663574,649
2019-05-11 22:23:54.531,1.0,buy,7234.49,BTC-28JUN19-9000-C,77.53,0.039,1.0,0,1557613434531,19664514,650
2019-05-11 22:29:50.410,1.0,buy,7221.64,BTC-28JUN19-9000-C,78.39,0.0395,1.0,0,1557613790410,19669455,651
2019-05-11 22:31:26.161,1.0,buy,7242.84,BTC-28JUN19-9000-C,79.16,0.040999999999999995,1.0,0,1557613886161,19669995,652
2019-05-11 22:31:59.895,1.0,buy,7278.78,BTC-28JUN19-9000-C,78.74,0.042,1.0,0,1557613919895,19670681,653
2019-05-11 22:34:22.669,1.0,buy,7313.32,BTC-28JUN19-9000-C,80.32,0.045,1.0,0,1557614062669,19672986,654
2019-05-11 22:36:01.220,1.0,buy,7331.55,BTC-28JUN19-9000-C,82.93,0.049,1.0,0,1557614161220,19675217,655
2019-05-11 22:41:43.343,1.0,buy,7243.89,BTC-28JUN19-9000-C,85.86,0.05,1.0,0,1557614503343,19681552,656
2019-05-11 22:45:51.761,10.0,buy,7254.71,BTC-28JUN19-9000-C,88.75,0.0535,10.0,0,1557614751761,19683603,657
2019-05-11 22:55:20.488,10.0,buy,7284.79,BTC-28JUN19-9000-C,91.04,0.057,10.0,0,1557615320488,19688842,658
2019-05-11 22:57:32.875,10.0,buy,7275.61,BTC-28JUN19-9000-C,91.38,0.057,10.0,1,1557615452875,19689680,659
2019-05-11 23:20:35.716,6.0,sell,7376.95,BTC-28JUN19-9000-C,80.98,0.0465,6.0,2,1557616835716,19706357,660
2019-05-11 23:41:34.307,0.2,sell,7338.95,BTC-28JUN19-9000-C,81.22,0.0455,0.2,2,1557618094307,19718218,661
2019-05-11 23:54:45.981,0.3,sell,7253.83,BTC-28JUN19-9000-C,82.87,0.045,0.3,2,1557618885981,19728561,662
2019-05-12 00:01:51.869,49.0,sell,7263.01,BTC-28JUN19-9000-C,78.6,0.04,49.0,3,1557619311869,19732364,664
2019-05-12 00:01:51.869,1.0,sell,7263.01,BTC-28JUN19-9000-C,78.6,0.04,1.0,2,1557619311869,19732363,663
2019-05-12 00:20:19.618,0.5,buy,7280.0,BTC-28JUN19-9000-C,79.51,0.0415,0.5,0,1557620419618,19739369,665
2019-05-12 00:38:18.739,1.0,sell,6969.44,BTC-28JUN19-9000-C,86.75,0.04,1.0,2,1557621498739,19754936,666
2019-05-12 00:38:18.759,9.0,buy,6969.44,BTC-28JUN19-9000-C,81.83,0.0345,9.0,2,1557621498759,19754938,667
2019-05-12 01:01:27.359,0.3,sell,7094.39,BTC-28JUN19-9000-C,90.62,0.049,0.3,0,1557622887359,19767889,668
2019-05-12 08:01:58.590,10.0,sell,7536.58,BTC-28JUN19-9000-C,81.18,0.0505,10.0,0,1557648118590,19842606,669
2019-05-12 11:12:49.810,2.0,sell,7266.42,BTC-28JUN19-9000-C,85.19,0.0465,2.0,2,1557659569810,19925917,670
2019-05-12 11:32:22.359,1.0,sell,7099.06,BTC-28JUN19-9000-C,85.24,0.042,1.0,2,1557660742359,19936239,671
2019-05-12 11:32:52.732,1.0,sell,7077.29,BTC-28JUN19-9000-C,85.95,0.042,1.0,3,1557660772732,19937414,672
2019-05-12 12:42:35.287,0.5,sell,7091.9,BTC-28JUN19-9000-C,80.49,0.036000000000000004,0.5,2,1557664955287,19967321,673
2019-05-12 12:46:23.584,1.0,buy,7135.13,BTC-28JUN19-9000-C,83.74,0.040999999999999995,1.0,0,1557665183584,19967791,674
2019-05-12 12:46:23.584,1.0,buy,7135.13,BTC-28JUN19-9000-C,83.74,0.040999999999999995,1.0,1,1557665183584,19967792,675
2019-05-12 13:04:28.744,0.5,sell,7148.05,BTC-28JUN19-9000-C,79.05,0.036000000000000004,0.5,2,1557666268744,19970682,676
2019-05-12 14:58:51.936,1.0,sell,6928.85,BTC-28JUN19-9000-C,84.56,0.036000000000000004,1.0,3,1557673131936,19997216,677
2019-05-12 15:00:31.183,3.0,sell,6946.96,BTC-28JUN19-9000-C,83.0,0.035,3.0,2,1557673231183,19998575,678
2019-05-12 15:08:05.939,2.0,buy,6994.39,BTC-28JUN19-9000-C,81.85,0.035,2.0,3,1557673685939,20002753,679
2019-05-12 15:46:21.713,2.7,sell,6823.5,BTC-28JUN19-9000-C,83.18,0.032,2.7,2,1557675981713,20014531,680
2019-05-12 15:46:21.722,1.2,sell,6823.5,BTC-28JUN19-9000-C,83.18,0.032,1.2,3,1557675981722,20014532,681
2019-05-12 15:46:29.387,0.3,sell,6820.03,BTC-28JUN19-9000-C,83.3,0.032,0.3,3,1557675989387,20014566,682
2019-05-12 15:46:30.296,0.2,sell,6818.27,BTC-28JUN19-9000-C,83.33,0.032,0.2,3,1557675990296,20014574,683
2019-05-12 15:46:30.530,0.2,sell,6818.27,BTC-28JUN19-9000-C,83.33,0.032,0.2,3,1557675990530,20014584,684
2019-05-12 15:46:36.235,0.3,sell,6814.7,BTC-28JUN19-9000-C,83.48,0.032,0.3,3,1557675996235,20014636,685
2019-05-12 15:46:36.257,0.2,sell,6814.7,BTC-28JUN19-9000-C,83.48,0.032,0.2,3,1557675996257,20014640,687
2019-05-12 15:46:36.257,0.1,sell,6814.7,BTC-28JUN19-9000-C,83.48,0.032,0.1,3,1557675996257,20014639,686
2019-05-12 15:46:37.596,0.1,sell,6813.73,BTC-28JUN19-9000-C,83.49,0.032,0.1,3,1557675997596,20014654,688
2019-05-12 15:46:38.217,0.2,sell,6812.21,BTC-28JUN19-9000-C,83.52,0.032,0.2,3,1557675998217,20014664,689
2019-05-12 15:46:38.991,0.1,sell,6812.21,BTC-28JUN19-9000-C,83.52,0.032,0.1,3,1557675998991,20014672,690
2019-05-12 15:46:39.017,0.1,sell,6812.21,BTC-28JUN19-9000-C,83.52,0.032,0.1,3,1557675999017,20014675,691
2019-05-12 15:46:39.037,0.1,sell,6812.21,BTC-28JUN19-9000-C,83.52,0.032,0.1,3,1557675999037,20014678,692
2019-05-12 15:46:40.985,0.1,sell,6809.17,BTC-28JUN19-9000-C,83.66,0.032,0.1,3,1557676000985,20014707,693
2019-05-12 15:46:41.008,0.1,sell,6809.17,BTC-28JUN19-9000-C,83.66,0.032,0.1,3,1557676001008,20014710,694
2019-05-12 15:46:50.103,0.1,sell,6799.58,BTC-28JUN19-9000-C,83.91,0.032,0.1,3,1557676010103,20014760,695
2019-05-12 18:44:08.920,2.0,buy,7048.66,BTC-28JUN19-9000-C,79.04,0.0335,2.0,0,1557686648920,20053355,696
2019-05-13 03:39:44.661,2.0,buy,7008.57,BTC-28JUN19-9000-C,83.36,0.0365,2.0,0,1557718784661,20126832,697
2019-05-13 04:22:14.341,8.0,buy,7036.03,BTC-28JUN19-9000-C,82.47,0.0365,8.0,1,1557721334341,20128258,698
2019-05-13 11:04:25.506,1.0,sell,7102.89,BTC-28JUN19-9000-C,81.42,0.0365,1.0,1,1557745465506,20154332,699
2019-05-13 11:26:10.445,0.1,buy,7160.49,BTC-28JUN19-9000-C,83.85,0.040999999999999995,0.1,0,1557746770445,20156441,700
2019-05-13 13:06:27.281,0.1,buy,7385.75,BTC-28JUN19-9000-C,83.57,0.048,0.1,0,1557752787281,20179637,701
2019-05-13 13:14:25.319,2.0,buy,7397.09,BTC-28JUN19-9000-C,83.76,0.0485,2.0,0,1557753265319,20181349,702
2019-05-13 13:15:29.561,1.0,buy,7412.81,BTC-28JUN19-9000-C,83.33,0.0485,1.0,1,1557753329561,20181526,703
2019-05-13 14:50:50.769,0.5,buy,7528.55,BTC-28JUN19-9000-C,83.55,0.053,0.5,0,1557759050769,20200393,704
2019-05-13 14:55:01.817,4.0,buy,7515.94,BTC-28JUN19-9000-C,83.75,0.0525,4.0,2,1557759301817,20201869,705
2019-05-13 15:13:31.273,10.0,buy,7828.54,BTC-28JUN19-9000-C,79.15,0.06,10.0,0,1557760411273,20217755,706
2019-05-13 15:15:05.753,1.6,sell,7841.2,BTC-28JUN19-9000-C,83.88,0.0685,1.6,0,1557760505753,20221456,707
2019-05-13 15:15:05.774,8.0,sell,7841.2,BTC-28JUN19-9000-C,83.88,0.0685,8.0,1,1557760505774,20221458,708
2019-05-13 15:15:54.455,0.5,buy,7834.45,BTC-28JUN19-9000-C,86.08,0.07,0.5,0,1557760554455,20223037,709
2019-05-13 15:22:14.220,5.0,buy,7757.6,BTC-28JUN19-9000-C,86.51,0.067,5.0,2,1557760934220,20230460,710
2019-05-13 15:27:52.679,1.0,sell,7865.84,BTC-28JUN19-9000-C,78.04,0.0595,1.0,2,1557761272679,20234215,711
2019-05-13 15:27:52.683,0.2,buy,7865.84,BTC-28JUN19-9000-C,78.04,0.0595,0.2,3,1557761272683,20234220,712
2019-05-13 15:34:49.177,2.0,buy,7824.33,BTC-28JUN19-9000-C,90.21,0.07400000000000001,2.0,0,1557761689177,20237124,713
2019-05-13 15:46:22.025,1.0,sell,7753.75,BTC-28JUN19-9000-C,89.51,0.07,1.0,2,1557762382025,20243939,714
2019-05-13 16:39:34.335,1.0,buy,7895.69,BTC-28JUN19-9000-C,87.35,0.073,1.0,0,1557765574335,20263735,715
2019-05-13 16:43:43.919,0.9,buy,7957.72,BTC-28JUN19-9000-C,86.83,0.075,0.9,0,1557765823919,20264774,716
2019-05-13 16:57:04.828,0.2,buy,7923.85,BTC-28JUN19-9000-C,90.04,0.078,0.2,0,1557766624828,20270153,717
2019-05-13 16:57:04.830,0.8,sell,7923.85,BTC-28JUN19-9000-C,90.04,0.078,0.8,1,1557766624830,20270154,718
2019-05-13 16:59:37.354,0.2,buy,7911.87,BTC-28JUN19-9000-C,92.09,0.08,0.2,0,1557766777354,20270979,719
2019-05-13 17:05:29.787,0.2,buy,7895.45,BTC-28JUN19-9000-C,92.62,0.08,0.2,1,1557767129787,20272783,720
2019-05-13 17:30:25.503,0.1,buy,7823.58,BTC-28JUN19-9000-C,89.46,0.073,0.1,2,1557768625503,20281149,721
2019-05-13 17:30:28.979,0.1,sell,7816.93,BTC-28JUN19-9000-C,89.29,0.0725,0.1,2,1557768628979,20281166,722
2019-05-13 17:31:46.012,0.2,buy,7798.21,BTC-28JUN19-9000-C,90.16,0.073,0.2,0,1557768706012,20281756,723
2019-05-13 17:32:48.470,0.1,buy,7804.41,BTC-28JUN19-9000-C,89.78,0.073,0.1,1,1557768768470,20282255,724
2019-05-13 17:41:46.671,0.1,buy,7825.96,BTC-28JUN19-9000-C,94.4,0.08,0.1,0,1557769306671,20284702,725
2019-05-13 17:41:46.674,3.4,sell,7825.96,BTC-28JUN19-9000-C,94.4,0.08,3.4,1,1557769306674,20284703,726
2019-05-13 17:58:07.629,0.2,buy,7823.08,BTC-28JUN19-9000-C,90.76,0.075,0.2,2,1557770287629,20288063,727
2019-05-13 19:44:42.419,0.3,buy,7945.75,BTC-28JUN19-9000-C,89.26,0.078,0.3,0,1557776682419,20299319,728
2019-05-13 20:06:47.922,1.6,sell,7844.87,BTC-28JUN19-9000-C,88.5,0.0725,1.6,2,1557778007922,20304303,729
2019-05-13 21:03:47.199,0.3,buy,7891.24,BTC-28JUN19-9000-C,93.0,0.081,0.3,0,1557781427199,20309986,730
2019-05-13 21:05:47.564,3.7,buy,7891.22,BTC-28JUN19-9000-C,94.08,0.08199999999999999,3.7,0,1557781547564,20310110,731
2019-05-13 21:26:03.689,0.4,buy,8043.84,BTC-28JUN19-9000-C,91.27,0.085,0.4,0,1557782763689,20318042,732
2019-05-13 21:32:36.459,0.3,buy,8097.41,BTC-28JUN19-9000-C,93.35,0.09,0.3,0,1557783156459,20320998,733
2019-05-13 22:15:31.158,0.2,buy,8099.87,BTC-28JUN19-9000-C,100.48,0.1,0.2,0,1557785731158,20334276,734
2019-05-13 23:31:12.704,4.1,sell,7790.95,BTC-28JUN19-9000-C,93.8,0.078,4.1,2,1557790272704,20364621,735
2019-05-13 23:59:47.867,1.2,buy,7809.98,BTC-28JUN19-9000-C,104.49,0.09300000000000001,1.2,1,1557791987867,20370862,737
2019-05-13 23:59:47.867,48.8,buy,7809.98,BTC-28JUN19-9000-C,104.49,0.09300000000000001,48.8,0,1557791987867,20370861,736
2019-05-14 00:00:58.034,48.8,buy,7812.94,BTC-28JUN19-9000-C,104.5,0.09300000000000001,48.8,1,1557792058034,20371064,738
2019-05-14 01:50:25.761,0.2,buy,7999.13,BTC-28JUN19-9000-C,101.19,0.0965,0.2,0,1557798625761,20394062,739
2019-05-14 04:49:08.741,0.5,sell,8028.53,BTC-28JUN19-9000-C,93.95,0.08900000000000001,0.5,2,1557809348741,20417235,740
2019-05-14 07:04:59.824,1.0,buy,8119.86,BTC-28JUN19-9000-C,98.6,0.1,1.0,1,1557817499824,20439989,742
2019-05-14 07:04:59.824,0.8,buy,8119.86,BTC-28JUN19-9000-C,98.6,0.1,0.8,0,1557817499824,20439988,741
2019-05-14 07:50:16.910,0.1,buy,8233.03,BTC-28JUN19-9000-C,97.89,0.10300000000000001,0.1,0,1557820216910,20455224,743
2019-05-14 07:55:35.990,5.0,buy,8273.71,BTC-28JUN19-9000-C,101.05,0.1095,5.0,0,1557820535990,20458012,744
2019-05-14 08:16:27.103,1.0,buy,8244.55,BTC-28JUN19-9000-C,106.1,0.115,1.0,0,1557821787103,20466809,745
2019-05-14 10:28:00.548,0.5,sell,7993.48,BTC-28JUN19-9000-C,96.93,0.091,0.5,2,1557829680548,20500260,746
2019-05-14 10:28:00.706,0.5,buy,7993.48,BTC-28JUN19-9000-C,96.93,0.091,0.5,3,1557829680706,20500261,747
2019-05-14 14:02:49.029,0.3,sell,8154.79,BTC-28JUN19-9000-C,98.11,0.099,0.3,0,1557842569029,20524852,748
2019-05-14 14:04:54.807,1.0,sell,8152.44,BTC-28JUN19-9000-C,94.23,0.0935,1.0,2,1557842694807,20524979,749
2019-05-14 14:27:29.319,0.1,sell,8060.29,BTC-28JUN19-9000-C,97.36,0.0935,0.1,3,1557844049319,20529098,750
2019-05-14 14:27:29.322,3.9,buy,8060.29,BTC-28JUN19-9000-C,97.36,0.0935,3.9,3,1557844049322,20529099,751
2019-05-14 14:41:32.681,0.1,sell,7989.92,BTC-28JUN19-9000-C,99.77,0.0935,0.1,3,1557844892681,20532051,752
2019-05-14 17:37:16.544,0.1,sell,7991.22,BTC-28JUN19-9000-C,98.82,0.092,0.1,2,1557855436544,20566732,753
2019-05-14 17:53:08.278,0.1,sell,7977.55,BTC-28JUN19-9000-C,98.28,0.091,0.1,2,1557856388278,20569792,754
2019-05-14 18:01:32.991,0.1,sell,8027.69,BTC-28JUN19-9000-C,98.79,0.0935,0.1,0,1557856892991,20571680,755
2019-05-14 20:53:27.905,1.0,buy,7698.12,BTC-28JUN19-9000-C,95.15,0.075,1.0,2,1557867207905,20611411,756
2019-05-14 21:17:43.272,2.0,buy,7734.32,BTC-28JUN19-9000-C,93.24,0.07400000000000001,2.0,2,1557868663272,20620272,757
2019-05-14 21:33:50.895,2.0,buy,7827.23,BTC-28JUN19-9000-C,94.03,0.079,2.0,0,1557869630895,20621938,758
2019-05-14 23:21:15.229,1.0,sell,7870.78,BTC-28JUN19-9000-C,92.81,0.0785,1.0,2,1557876075229,20635091,759
2019-05-15 03:36:21.843,1.0,buy,8081.34,BTC-28JUN19-9000-C,96.24,0.09300000000000001,1.0,0,1557891381843,20665827,760
2019-05-15 04:36:13.893,0.1,buy,8046.75,BTC-28JUN19-9000-C,101.0,0.098,0.1,0,1557894973893,20667627,761
2019-05-15 04:44:14.552,0.2,buy,8057.26,BTC-28JUN19-9000-C,100.98,0.0985,0.2,0,1557895454552,20667803,762
2019-05-15 06:45:20.240,0.4,buy,8019.91,BTC-28JUN19-9000-C,101.37,0.09699999999999999,0.4,2,1557902720240,20671852,763
2019-05-15 09:55:05.064,3.0,buy,8067.09,BTC-28JUN19-9000-C,100.13,0.09699999999999999,3.0,3,1557914105064,20690858,764
2019-05-15 12:31:02.453,0.1,buy,7999.55,BTC-28JUN19-9000-C,104.6,0.1,0.1,0,1557923462453,20709363,765
2019-05-15 15:03:06.746,1.0,buy,7951.36,BTC-28JUN19-9000-C,99.23,0.09,1.0,2,1557932586746,20727623,766
2019-05-15 15:04:23.097,2.0,sell,7950.5,BTC-28JUN19-9000-C,98.89,0.0895,2.0,2,1557932663097,20727642,767
2019-05-15 15:04:23.099,0.1,buy,7950.5,BTC-28JUN19-9000-C,98.89,0.0895,0.1,3,1557932663099,20727643,768
2019-05-15 18:58:12.767,1.1,buy,8234.2,BTC-28JUN19-9000-C,94.07,0.095,1.1,0,1557946692767,20756710,769
2019-05-15 20:38:22.855,0.1,sell,8159.32,BTC-28JUN19-9000-C,93.3,0.0905,0.1,2,1557952702855,20778583,770
2019-05-15 20:40:42.756,2.0,sell,8182.97,BTC-28JUN19-9000-C,91.87,0.0895,2.0,2,1557952842756,20778816,771
2019-05-15 20:48:18.869,8.0,buy,8193.18,BTC-28JUN19-9000-C,91.79,0.0895,8.0,3,1557953298869,20779606,772
2019-05-15 23:53:59.666,3.9,buy,8281.95,BTC-28JUN19-9000-C,92.25,0.095,3.9,0,1557964439666,20800778,773
2019-05-16 02:20:07.841,0.2,buy,8292.4,BTC-28JUN19-9000-C,97.76,0.1035,0.2,0,1557973207841,20832301,774
2019-05-16 05:22:00.098,1.0,sell,7977.39,BTC-28JUN19-9000-C,95.19,0.087,1.0,2,1557984120098,20868430,775
2019-05-16 05:40:48.720,1.0,sell,7994.16,BTC-28JUN19-9000-C,95.0,0.087,1.0,3,1557985248720,20871289,776
2019-05-16 07:21:56.282,1.0,sell,8075.94,BTC-28JUN19-9000-C,94.41,0.08900000000000001,1.0,0,1557991316282,20881562,777
2019-05-16 10:11:20.005,0.5,sell,7930.09,BTC-28JUN19-9000-C,97.93,0.0875,0.5,2,1558001480005,20898720,778
2019-05-16 10:11:35.379,2.0,sell,7925.27,BTC-28JUN19-9000-C,96.91,0.086,2.0,2,1558001495379,20898733,779
2019-05-16 10:16:50.880,5.1000000000000005,buy,7772.13,BTC-28JUN19-9000-C,98.68,0.08199999999999999,5.1000000000000005,2,1558001810880,20903525,780
2019-05-16 15:32:46.185,0.1,buy,7994.23,BTC-28JUN19-9000-C,97.07,0.08900000000000001,0.1,0,1558020766185,20943950,781
2019-05-16 15:33:47.015,0.2,buy,8005.05,BTC-28JUN19-9000-C,96.89,0.08900000000000001,0.2,1,1558020827015,20944261,782
2019-05-16 17:07:34.180,0.1,sell,7944.5,BTC-28JUN19-9000-C,97.11,0.0865,0.1,2,1558026454180,20955957,783
2019-05-17 02:56:34.963,2.0,sell,7618.42,BTC-28JUN19-9000-C,101.5,0.078,2.0,2,1558061794963,21020248,784
2019-05-17 03:40:52.527,0.5,sell,7236.03,BTC-28JUN19-9000-C,93.3,0.054000000000000006,0.5,2,1558064452527,21081623,785
2019-05-17 05:42:01.256,2.0,sell,7289.55,BTC-28JUN19-9000-C,95.03,0.057999999999999996,2.0,0,1558071721256,21113701,786
2019-05-17 12:16:32.536,0.3,sell,7007.57,BTC-28JUN19-9000-C,99.37,0.0535,0.3,2,1558095392536,21161718,787
2019-05-17 12:44:14.833,1.0,buy,7068.95,BTC-28JUN19-9000-C,101.36,0.057999999999999996,1.0,0,1558097054833,21171201,788
2019-05-17 13:37:16.068,0.2,buy,7150.87,BTC-28JUN19-9000-C,100.99,0.06,0.2,0,1558100236068,21177321,789
2019-05-17 13:41:49.482,0.8,buy,7159.01,BTC-28JUN19-9000-C,100.78,0.06,0.8,1,1558100509482,21177819,790
2019-05-17 19:03:41.181,1.0,buy,7120.02,BTC-28JUN19-9000-C,99.89,0.0565,1.0,2,1558119821181,21219892,791
2019-05-17 19:06:37.508,1.0,sell,7111.44,BTC-28JUN19-9000-C,101.2,0.0575,1.0,0,1558119997508,21221132,792
2019-05-17 20:30:17.336,2.0,sell,7078.39,BTC-28JUN19-9000-C,99.29,0.054000000000000006,2.0,2,1558125017336,21229404,793
2019-05-17 20:40:30.576,2.0,buy,7085.7,BTC-28JUN19-9000-C,101.14,0.0565,2.0,0,1558125630576,21229872,794
2019-05-18 13:49:28.834,0.1,buy,7334.75,BTC-28JUN19-9000-C,106.02,0.068,0.1,0,1558187368834,21300763,795
2019-05-18 14:32:29.192,1.0,buy,7352.46,BTC-28JUN19-9000-C,103.76,0.066,1.0,2,1558189949192,21301939,796
2019-05-19 01:15:46.256,0.2,buy,7449.31,BTC-28JUN19-9000-C,99.59,0.064,0.2,2,1558228546256,21328925,797
2019-05-19 01:20:17.154,1.8,buy,7536.14,BTC-28JUN19-9000-C,99.46,0.067,1.8,0,1558228817154,21330867,798
2019-05-19 01:29:36.312,0.2,buy,7555.9,BTC-28JUN19-9000-C,99.07,0.067,0.2,1,1558229376312,21334117,799
2019-05-19 02:13:54.685,0.2,buy,7769.47,BTC-28JUN19-9000-C,100.15,0.0765,0.2,0,1558232034685,21347434,800
2019-05-19 04:03:45.064,1.0,buy,7932.41,BTC-28JUN19-9000-C,106.27,0.091,1.0,0,1558238625064,21366301,801
2019-05-19 04:56:37.726,1.0,buy,7986.17,BTC-28JUN19-9000-C,107.31,0.095,1.0,0,1558241797726,21372838,802
2019-05-19 05:45:30.271,0.3,sell,7951.95,BTC-28JUN19-9000-C,96.89,0.0805,0.3,2,1558244730271,21377113,803
2019-05-19 06:57:36.358,2.0,buy,7939.88,BTC-28JUN19-9000-C,101.58,0.086,2.0,0,1558249056358,21380328,804
2019-05-19 06:59:16.537,1.5,buy,7940.29,BTC-28JUN19-9000-C,101.55,0.086,1.5,1,1558249156537,21380336,805
2019-05-19 13:40:24.339,0.1,buy,7959.39,BTC-28JUN19-9000-C,106.73,0.0955,0.1,0,1558273224339,21424119,806
2019-05-19 13:40:24.339,0.9,buy,7959.39,BTC-28JUN19-9000-C,106.73,0.0955,0.9,1,1558273224339,21424120,807
2019-05-19 17:36:59.884,0.1,buy,7993.56,BTC-28JUN19-9000-C,101.8,0.0905,0.1,2,1558287419884,21439457,808
2019-05-19 17:45:00.691,0.1,sell,7979.72,BTC-28JUN19-9000-C,102.7,0.091,0.1,0,1558287900691,21440701,809
2019-05-19 20:09:06.607,0.2,sell,7951.46,BTC-28JUN19-9000-C,99.42,0.085,0.2,2,1558296546607,21451678,810
2019-05-19 23:05:50.166,1.0,buy,8273.99,BTC-28JUN19-9000-C,97.63,0.099,1.0,0,1558307150166,21474335,811
2019-05-19 23:05:53.147,1.0,buy,8286.33,BTC-28JUN19-9000-C,97.64,0.1,1.0,0,1558307153147,21474513,812
2019-05-20 00:14:45.910,0.1,buy,8096.6,BTC-28JUN19-9000-C,103.37,0.098,0.1,2,1558311285910,21493928,813
2019-05-20 04:16:54.420,0.5,buy,8088.62,BTC-28JUN19-9000-C,96.9,0.08800000000000001,0.5,2,1558325814420,21525333,814
2019-05-20 06:51:38.291,0.1,sell,7875.05,BTC-28JUN19-9000-C,100.92,0.084,0.1,2,1558335098291,21535734,815
2019-05-20 08:52:13.798,3.0,sell,7777.98,BTC-28JUN19-9000-C,100.99,0.08,3.0,2,1558342333798,21551223,816
2019-05-20 16:40:39.386,0.5,sell,7832.27,BTC-28JUN19-9000-C,101.45,0.08199999999999999,0.5,0,1558370439386,21602407,817
2019-05-20 18:40:35.906,1.0,sell,7703.46,BTC-28JUN19-9000-C,101.63,0.0765,1.0,2,1558377635906,21609689,818
2019-05-21 06:30:46.186,1.0,buy,7922.87,BTC-28JUN19-9000-C,96.39,0.078,1.0,0,1558420246186,21673543,819
2019-05-21 11:22:49.193,1.0,sell,7929.29,BTC-28JUN19-9000-C,94.77,0.076,1.0,2,1558437769193,21684381,820
2019-05-21 15:23:56.532,1.0,buy,7955.33,BTC-28JUN19-9000-C,95.24,0.0775,1.0,0,1558452236532,21703421,821
2019-05-21 18:54:10.267,1.0,buy,8019.35,BTC-28JUN19-9000-C,97.11,0.08199999999999999,1.0,0,1558464850267,21717625,822
2019-05-21 19:12:33.278,15.0,sell,8029.43,BTC-28JUN19-9000-C,96.93,0.08199999999999999,15.0,1,1558465953278,21718755,823
2019-05-21 20:09:13.830,0.5,sell,8050.38,BTC-28JUN19-9000-C,92.34,0.077,0.5,2,1558469353830,21721856,824
2019-05-22 01:38:53.614,2.0,sell,7993.95,BTC-28JUN19-9000-C,91.3,0.0735,2.0,2,1558489133614,21740041,825
2019-05-22 01:41:20.004,1.0,sell,7980.72,BTC-28JUN19-9000-C,91.27,0.073,1.0,2,1558489280004,21740092,826
2019-05-22 02:04:02.286,1.0,buy,7960.71,BTC-28JUN19-9000-C,92.05,0.073,1.0,3,1558490642286,21740903,827
2019-05-22 12:07:08.244,0.6,sell,7846.13,BTC-28JUN19-9000-C,90.77,0.0665,0.6,2,1558526828244,21769341,828
2019-05-22 19:09:15.328,1.0,sell,7919.54,BTC-28JUN19-9000-C,91.35,0.07,1.0,0,1558552155328,21796076,829
2019-05-22 19:21:42.554,1.0,sell,7903.21,BTC-28JUN19-9000-C,91.96,0.07,1.0,1,1558552902554,21796324,830
2019-05-22 19:28:09.711,3.0,sell,7888.88,BTC-28JUN19-9000-C,92.42,0.07,3.0,1,1558553289711,21796704,831
2019-05-22 21:57:18.440,1.0,sell,7630.81,BTC-28JUN19-9000-C,90.31,0.0565,1.0,2,1558562238440,21828013,832
2019-05-22 22:05:33.100,10.0,buy,7556.87,BTC-28JUN19-9000-C,93.32,0.057,10.0,0,1558562733100,21831527,833
2019-05-22 23:58:59.992,0.1,sell,7627.08,BTC-28JUN19-9000-C,90.11,0.0565,0.1,2,1558569539992,21850559,834
2019-05-23 01:55:04.841,1.0,sell,7588.84,BTC-28JUN19-9000-C,90.86,0.0555,1.0,2,1558576504841,21860854,835
2019-05-23 04:32:50.325,1.0,sell,7650.21,BTC-28JUN19-9000-C,90.91,0.0575,1.0,0,1558585970325,21866905,836
2019-05-23 05:12:10.809,5.0,sell,7653.28,BTC-28JUN19-9000-C,92.23,0.059,5.0,0,1558588330809,21867534,837
2019-05-23 05:14:22.747,0.4,sell,7645.37,BTC-28JUN19-9000-C,90.77,0.057,0.4,2,1558588462747,21867716,838
2019-05-23 07:19:36.528,0.5,sell,7629.65,BTC-28JUN19-9000-C,90.76,0.0565,0.5,2,1558595976528,21876715,839
2019-05-23 07:55:53.094,1.0,sell,7595.53,BTC-28JUN19-9000-C,90.36,0.0545,1.0,2,1558598153094,21878180,840
2019-05-23 08:02:50.972,0.3,sell,7589.98,BTC-28JUN19-9000-C,89.52,0.0535,0.3,2,1558598570972,21878427,841
2019-05-23 09:11:17.904,0.1,sell,7525.99,BTC-28JUN19-9000-C,89.89,0.052000000000000005,0.1,2,1558602677904,21883675,842
2019-05-23 09:11:38.316,0.1,sell,7525.12,BTC-28JUN19-9000-C,89.96,0.052000000000000005,0.1,3,1558602698316,21883716,843
2019-05-23 09:11:44.444,0.1,sell,7525.98,BTC-28JUN19-9000-C,89.92,0.052000000000000005,0.1,3,1558602704444,21883732,844
2019-05-23 09:11:46.351,0.1,sell,7525.58,BTC-28JUN19-9000-C,89.94,0.052000000000000005,0.1,3,1558602706351,21883733,845
2019-05-23 09:11:48.035,0.1,buy,7526.19,BTC-28JUN19-9000-C,89.92,0.052000000000000005,0.1,3,1558602708035,21883734,846
2019-05-23 09:11:51.513,0.1,sell,7526.15,BTC-28JUN19-9000-C,89.93,0.052000000000000005,0.1,3,1558602711513,21883737,847
2019-05-23 09:12:05.195,0.1,sell,7520.08,BTC-28JUN19-9000-C,90.19,0.052000000000000005,0.1,3,1558602725195,21883791,848
2019-05-23 09:12:07.701,0.1,sell,7517.64,BTC-28JUN19-9000-C,90.27,0.052000000000000005,0.1,3,1558602727701,21883825,849
2019-05-23 09:12:09.515,0.1,buy,7512.44,BTC-28JUN19-9000-C,90.44,0.052000000000000005,0.1,3,1558602729515,21883864,850
2019-05-23 09:12:18.635,0.1,buy,7506.09,BTC-28JUN19-9000-C,90.62,0.052000000000000005,0.1,3,1558602738635,21883933,851
2019-05-23 11:37:12.854,2.0,sell,7638.92,BTC-28JUN19-9000-C,90.03,0.056,2.0,0,1558611432854,21894147,852
2019-05-23 13:17:23.170,0.1,buy,7670.34,BTC-28JUN19-9000-C,89.85,0.057,0.1,0,1558617443170,21900326,853
2019-05-23 13:27:12.563,1.0,buy,7660.0,BTC-28JUN19-9000-C,94.6,0.062,1.0,0,1558618032563,21900883,854
2019-05-23 15:14:30.755,0.1,buy,7780.01,BTC-28JUN19-9000-C,92.77,0.0635,0.1,0,1558624470755,21909607,855
2019-05-23 19:48:36.125,0.2,buy,7754.55,BTC-28JUN19-9000-C,93.38,0.0625,0.2,2,1558640916125,21928685,856
2019-05-24 03:45:49.021,3.0,buy,7869.79,BTC-28JUN19-9000-C,91.83,0.066,3.0,0,1558669549021,21961125,857
2019-05-24 03:45:59.165,1.0,buy,7870.31,BTC-28JUN19-9000-C,91.8,0.066,1.0,1,1558669559165,21961128,858
2019-05-24 05:03:28.529,0.1,sell,7840.42,BTC-28JUN19-9000-C,90.5,0.063,0.1,2,1558674208529,21962586,859
2019-05-24 07:08:10.394,0.3,buy,7890.31,BTC-28JUN19-9000-C,89.33,0.064,0.3,0,1558681690394,21966992,860
2019-05-24 07:09:37.461,0.7000000000000001,buy,7906.24,BTC-28JUN19-9000-C,88.83,0.064,0.7000000000000001,1,1558681777461,21967209,861
2019-05-24 13:43:17.771,1.0,buy,8001.57,BTC-28JUN19-9000-C,91.41,0.0705,1.0,0,1558705397771,21989735,862
2019-05-24 14:49:41.560,0.2,buy,8037.09,BTC-28JUN19-9000-C,91.08,0.07200000000000001,0.2,0,1558709381560,21992258,863
2019-05-24 15:17:30.059,1.0,buy,8141.74,BTC-28JUN19-9000-C,90.99,0.0765,1.0,0,1558711050059,21996975,864
2019-05-24 16:12:07.615,0.1,buy,8169.79,BTC-28JUN19-9000-C,89.73,0.0765,0.1,1,1558714327615,22002068,865
2019-05-24 16:14:17.673,5.0,buy,8162.01,BTC-28JUN19-9000-C,90.6,0.077,5.0,0,1558714457673,22002335,866
2019-05-24 17:05:11.936,0.2,sell,8060.75,BTC-28JUN19-9000-C,90.9,0.0725,0.2,2,1558717511936,22006648,867
2019-05-24 23:09:02.585,10.0,sell,8010.77,BTC-28JUN19-9000-C,90.46,0.07,10.0,2,1558739342585,22024936,868
2019-05-24 23:28:05.521,3.5,sell,7942.81,BTC-28JUN19-9000-C,90.72,0.067,3.5,2,1558740485521,22028051,869
2019-05-25 02:45:50.766,0.4,buy,8025.67,BTC-28JUN19-9000-C,92.61,0.0725,0.4,0,1558752350766,22034667,870
2019-05-25 09:56:02.593,1.0,buy,8087.45,BTC-28JUN19-9000-C,86.15,0.0675,1.0,2,1558778162593,22046114,871
2019-05-25 10:13:08.392,0.1,buy,8110.73,BTC-28JUN19-9000-C,87.29,0.07,0.1,0,1558779188392,22047948,872
2019-05-25 13:07:38.588,0.3,sell,8075.94,BTC-28JUN19-9000-C,86.54,0.067,0.3,2,1558789658588,22055560,873
2019-05-25 20:07:25.986,0.1,sell,8049.15,BTC-28JUN19-9000-C,84.6,0.063,0.1,2,1558814845986,22072352,874
2019-05-25 23:23:41.601,0.1,buy,8072.03,BTC-28JUN19-9000-C,89.48,0.0695,0.1,0,1558826621601,22076781,875
2019-05-26 09:50:09.154,2.0,sell,8010.23,BTC-28JUN19-9000-C,91.5,0.0685,2.0,2,1558864209154,22093417,876
2019-05-26 14:25:05.758,0.4,buy,7990.12,BTC-28JUN19-9000-C,86.0,0.061,0.4,2,1558880705758,22105572,877
2019-05-26 15:42:51.216,1.0,buy,8014.89,BTC-28JUN19-9000-C,85.39,0.061,1.0,3,1558885371216,22107568,878
2019-05-26 15:43:25.583,1.0,buy,8014.79,BTC-28JUN19-9000-C,85.32,0.061,1.0,3,1558885405583,22107657,879
2019-05-26 15:43:26.141,1.0,buy,8015.02,BTC-28JUN19-9000-C,85.31,0.061,1.0,3,1558885406141,22107658,880
2019-05-26 15:44:38.608,2.0,buy,8019.03,BTC-28JUN19-9000-C,85.12,0.061,2.0,3,1558885478608,22107709,881
2019-05-26 15:46:48.415,1.0,buy,8019.13,BTC-28JUN19-9000-C,85.17,0.061,1.0,3,1558885608415,22107816,882
2019-05-26 15:47:10.810,0.6,buy,8023.21,BTC-28JUN19-9000-C,84.99,0.061,0.6,3,1558885630810,22107948,883
2019-05-26 19:25:16.049,0.1,sell,8132.81,BTC-28JUN19-9000-C,82.93,0.063,0.1,0,1558898716049,22115737,884
2019-05-26 19:30:53.581,1.0,buy,8290.18,BTC-28JUN19-9000-C,83.07,0.0735,1.0,0,1558899053581,22124160,885
2019-05-26 19:35:50.038,1.0,buy,8436.96,BTC-28JUN19-9000-C,83.47,0.08,1.0,0,1558899350038,22134577,886
2019-05-26 19:56:44.211,0.2,buy,8599.46,BTC-28JUN19-9000-C,83.28,0.091,0.2,0,1558900604211,22158961,887
2019-05-26 20:01:06.242,0.1,buy,8618.66,BTC-28JUN19-9000-C,82.5,0.091,0.1,1,1558900866242,22164408,888
2019-05-26 20:06:27.335,0.2,buy,8753.48,BTC-28JUN19-9000-C,82.37,0.099,0.2,0,1558901187335,22171379,889
2019-05-26 20:06:40.254,0.1,buy,8757.56,BTC-28JUN19-9000-C,82.19,0.099,0.1,1,1558901200254,22171823,890
2019-05-26 20:13:09.003,1.0,buy,8600.85,BTC-28JUN19-9000-C,90.5,0.1,1.0,0,1558901589003,22178944,891
2019-05-26 20:13:09.003,1.0,buy,8600.85,BTC-28JUN19-9000-C,90.5,0.1,1.0,1,1558901589003,22178945,892
2019-05-26 20:16:02.615,12.0,buy,8693.19,BTC-28JUN19-9000-C,99.96,0.1155,12.0,0,1558901762615,22181058,893
2019-05-26 20:17:49.635,4.0,sell,8649.43,BTC-28JUN19-9000-C,88.75,0.1,4.0,2,1558901869635,22182589,894
2019-05-26 20:20:24.955,0.2,sell,8662.48,BTC-28JUN19-9000-C,88.66,0.1,0.2,3,1558902024955,22183661,895
2019-05-26 20:21:47.292,3.8,sell,8656.72,BTC-28JUN19-9000-C,89.32,0.1,3.8,3,1558902107292,22184120,896
2019-05-26 20:31:26.078,0.1,sell,8669.3,BTC-28JUN19-9000-C,89.63,0.1,0.1,3,1558902686078,22188054,897
2019-05-26 20:35:57.112,0.4,sell,8658.01,BTC-28JUN19-9000-C,78.62,0.087,0.4,2,1558902957112,22189212,899
2019-05-26 20:35:57.112,0.1,sell,8658.01,BTC-28JUN19-9000-C,81.99,0.091,0.1,2,1558902957112,22189211,898
2019-05-26 20:49:07.646,0.1,buy,8643.68,BTC-28JUN19-9000-C,82.27,0.0905,0.1,0,1558903747646,22194652,900
2019-05-26 21:08:27.465,3.0,buy,8613.03,BTC-28JUN19-9000-C,93.8,0.104,3.0,0,1558904907465,22199752,901
2019-05-26 21:40:43.657,0.5,buy,8647.73,BTC-28JUN19-9000-C,96.56,0.11,0.5,0,1558906843657,22207505,902
2019-05-27 00:21:37.662,13.0,sell,8876.31,BTC-28JUN19-9000-C,93.96,0.116,13.0,0,1558916497662,22242525,903
2019-05-27 00:32:35.255,0.4,sell,8866.56,BTC-28JUN19-9000-C,94.02,0.115,0.4,2,1558917155255,22246860,904
2019-05-27 00:46:27.520,5.0,sell,8872.54,BTC-28JUN19-9000-C,95.19,0.1165,5.0,0,1558917987520,22250887,905
2019-05-27 00:46:43.022,5.0,sell,8870.71,BTC-28JUN19-9000-C,95.16,0.1165,5.0,1,1558918003022,22250905,906
2019-05-27 01:06:28.913,0.1,sell,8895.92,BTC-28JUN19-9000-C,95.1,0.1175,0.1,0,1558919188913,22255488,907
2019-05-27 01:08:56.792,0.1,sell,8892.41,BTC-28JUN19-9000-C,94.65,0.1165,0.1,2,1558919336792,22256264,908
2019-05-27 01:36:52.219,16.5,sell,8839.46,BTC-28JUN19-9000-C,96.28,0.116,16.5,2,1558921012219,22260117,909
2019-05-27 01:36:54.786,8.5,sell,8839.3,BTC-28JUN19-9000-C,96.27,0.116,8.5,3,1558921014786,22260122,910
2019-05-27 01:37:09.539,16.5,sell,8840.35,BTC-28JUN19-9000-C,95.36,0.115,16.5,2,1558921029539,22260136,911
2019-05-27 01:37:09.571,8.1,sell,8840.35,BTC-28JUN19-9000-C,95.36,0.115,8.1,3,1558921029571,22260137,912
2019-05-27 03:53:02.842,2.0,buy,8770.19,BTC-28JUN19-9000-C,96.21,0.113,2.0,2,1558929182842,22272149,913
2019-05-27 04:54:23.889,12.1,sell,8743.74,BTC-28JUN19-9000-C,90.58,0.1055,12.1,3,1558932863889,22275395,915
2019-05-27 04:54:23.889,5.0,sell,8743.74,BTC-28JUN19-9000-C,90.58,0.1055,5.0,2,1558932863889,22275394,914
2019-05-27 05:47:23.349,0.1,buy,8741.61,BTC-28JUN19-9000-C,90.87,0.106,0.1,0,1558936043349,22276758,916
2019-05-27 06:22:47.140,0.1,buy,8761.44,BTC-28JUN19-9000-C,97.08,0.1145,0.1,0,1558938167140,22277604,917
2019-05-27 06:57:46.788,0.2,sell,8756.76,BTC-28JUN19-9000-C,92.66,0.109,0.2,2,1558940266788,22278450,918
2019-05-27 07:17:11.831,1.0,sell,8799.07,BTC-28JUN19-9000-C,96.77,0.116,1.0,0,1558941431831,22279148,919
2019-05-27 07:46:58.032,0.5,sell,8779.08,BTC-28JUN19-9000-C,92.89,0.11,0.5,2,1558943218032,22279801,920
2019-05-27 11:57:47.640,0.1,sell,8719.7,BTC-28JUN19-9000-C,97.27,0.1125,0.1,0,1558958267640,22289962,921
2019-05-27 12:04:12.153,0.1,sell,8790.95,BTC-28JUN19-9000-C,96.12,0.1155,0.1,0,1558958652153,22292575,922
2019-05-27 12:23:08.096,0.1,sell,8810.03,BTC-28JUN19-9000-C,92.03,0.111,0.1,2,1558959788096,22296216,923
2019-05-27 13:02:03.499,8.0,buy,8845.62,BTC-28JUN19-9000-C,97.0,0.1185,8.0,0,1558962123499,22299668,924
2019-05-27 13:17:16.295,1.2,buy,8816.42,BTC-28JUN19-9000-C,94.94,0.114,1.2,2,1558963036295,22301400,925
2019-05-27 13:33:52.035,4.0,buy,8799.08,BTC-28JUN19-9000-C,99.14,0.118,4.0,0,1558964032035,22302711,926
2019-05-27 13:44:44.741,1.0,buy,8819.71,BTC-28JUN19-9000-C,95.28,0.115,1.0,2,1558964684741,22303686,927
2019-05-27 15:47:52.978,2.5,sell,8880.37,BTC-28JUN19-9000-C,93.51,0.1165,2.5,0,1558972072978,22316590,928
2019-05-27 15:58:48.531,0.3,buy,8874.5,BTC-28JUN19-9000-C,97.53,0.12,0.3,1,1558972728531,22317623,930
2019-05-27 15:58:48.531,1.0,buy,8874.5,BTC-28JUN19-9000-C,97.53,0.12,1.0,0,1558972728531,22317622,929
2019-05-27 15:59:05.071,0.7000000000000001,sell,8865.61,BTC-28JUN19-9000-C,97.79,0.12,0.7000000000000001,1,1558972745071,22317710,931
2019-05-27 16:00:06.493,1.0,buy,8847.23,BTC-28JUN19-9000-C,94.05,0.1145,1.0,2,1558972806493,22318011,932
2019-05-27 16:10:33.595,0.1,sell,8873.9,BTC-28JUN19-9000-C,94.29,0.116,0.1,0,1558973433595,22319273,933
2019-05-27 16:16:38.159,0.1,buy,8887.35,BTC-28JUN19-9000-C,99.08,0.122,0.1,0,1558973798159,22320094,934
2019-05-27 16:40:41.508,2.0,buy,8879.77,BTC-28JUN19-9000-C,98.47,0.122,2.0,1,1558975241508,22323153,935
2019-05-27 16:50:59.609,1.0,sell,8703.74,BTC-28JUN19-9000-C,94.37,0.1075,1.0,2,1558975859609,22333140,936
2019-05-27 18:30:58.207,1.0,sell,8757.97,BTC-28JUN19-9000-C,93.62,0.1085,1.0,0,1558981858207,22346605,937
2019-05-27 19:00:49.874,1.0,buy,8816.21,BTC-28JUN19-9000-C,99.9,0.119,1.0,0,1558983649874,22349352,938
2019-05-28 05:58:45.192,2.0,sell,8744.97,BTC-28JUN19-9000-C,92.75,0.106,2.0,2,1559023125192,22380207,939
2019-05-28 08:12:20.972,0.4,buy,8731.76,BTC-28JUN19-9000-C,96.11,0.109,0.4,0,1559031140972,22390686,940
2019-05-28 08:33:33.297,1.0,sell,8721.68,BTC-28JUN19-9000-C,90.65,0.102,1.0,2,1559032413297,22391252,941
2019-05-28 13:30:40.621,4.0,sell,8551.45,BTC-28JUN19-9000-C,93.03,0.094,4.0,2,1559050240621,22411598,942
2019-05-28 15:51:45.842,5.0,sell,8708.2,BTC-28JUN19-9000-C,92.22,0.1015,5.0,0,1559058705842,22422472,943
2019-05-28 16:33:45.434,1.5,sell,8642.66,BTC-28JUN19-9000-C,94.68,0.1005,1.5,2,1559061225434,22426515,944
2019-05-28 17:36:41.084,10.0,sell,8778.02,BTC-28JUN19-9000-C,90.59,0.1035,10.0,0,1559065001084,22431306,945
2019-05-28 17:36:45.028,5.0,sell,8782.94,BTC-28JUN19-9000-C,90.37,0.1035,5.0,1,1559065005028,22431314,946
2019-05-28 17:36:45.030,5.0,buy,8782.94,BTC-28JUN19-9000-C,90.37,0.1035,5.0,1,1559065005030,22431315,947
2019-05-28 17:36:54.163,3.1,sell,8787.76,BTC-28JUN19-9000-C,90.17,0.1035,3.1,1,1559065014163,22431357,948
2019-05-28 17:36:54.163,6.9,sell,8787.76,BTC-28JUN19-9000-C,90.17,0.1035,6.9,1,1559065014163,22431358,949
2019-05-28 17:38:01.143,10.0,sell,8786.28,BTC-28JUN19-9000-C,90.83,0.104,10.0,0,1559065081143,22431593,950
2019-05-28 17:38:20.803,1.0,buy,8789.14,BTC-28JUN19-9000-C,92.38,0.106,1.0,0,1559065100803,22431675,951
2019-05-28 17:39:30.461,5.0,sell,8771.55,BTC-28JUN19-9000-C,90.58,0.103,5.0,3,1559065170461,22432369,953
2019-05-28 17:39:30.461,10.0,sell,8771.55,BTC-28JUN19-9000-C,90.58,0.103,10.0,2,1559065170461,22432368,952
2019-05-28 18:01:35.054,0.1,buy,8731.84,BTC-28JUN19-9000-C,95.9,0.107,0.1,0,1559066495054,22434569,954
2019-05-28 18:04:09.066,5.0,sell,8745.32,BTC-28JUN19-9000-C,90.6,0.1015,5.0,2,1559066649066,22434737,955
2019-05-28 23:55:09.296,0.5,buy,8737.59,BTC-28JUN19-9000-C,96.63,0.1065,0.5,0,1559087709296,22452404,956
2019-05-29 04:08:07.545,2.0,sell,8621.49,BTC-28JUN19-9000-C,93.36,0.0965,2.0,2,1559102887545,22463374,957
2019-05-29 04:17:39.959,2.0,sell,8617.04,BTC-28JUN19-9000-C,92.37,0.095,2.0,2,1559103459959,22463896,958
2019-05-29 04:30:33.007,1.0,sell,8594.65,BTC-28JUN19-9000-C,89.31,0.09,1.0,2,1559104233007,22465518,959
2019-05-29 04:38:05.293,3.0,buy,8558.52,BTC-28JUN19-9000-C,94.09,0.094,3.0,0,1559104685293,22469352,960
2019-05-29 05:15:50.818,1.0,sell,8538.87,BTC-28JUN19-9000-C,93.58,0.091,1.0,2,1559106950818,22471684,961
2019-05-29 05:25:22.545,1.0,sell,8556.21,BTC-28JUN19-9000-C,93.49,0.091,1.0,3,1559107522545,22472744,962
2019-05-29 05:27:41.511,1.0,sell,8540.63,BTC-28JUN19-9000-C,93.24,0.09,1.0,2,1559107661511,22473354,963
2019-05-29 05:35:20.092,1.0,sell,8534.92,BTC-28JUN19-9000-C,92.38,0.08900000000000001,1.0,2,1559108120092,22474083,964
2019-05-29 05:42:00.066,2.0,sell,8458.84,BTC-28JUN19-9000-C,92.69,0.086,2.0,2,1559108520066,22476365,965
2019-05-29 06:57:32.483,0.1,sell,8515.72,BTC-28JUN19-9000-C,93.98,0.08900000000000001,0.1,0,1559113052483,22484475,966
2019-05-29 09:27:54.010,1.0,sell,8566.7,BTC-28JUN19-9000-C,91.96,0.0885,1.0,2,1559122074010,22494812,967
2019-05-29 13:29:52.805,0.7000000000000001,buy,8727.26,BTC-28JUN19-9000-C,92.24,0.097,0.7000000000000001,0,1559136592805,22510511,968
2019-05-29 13:29:52.805,0.3,buy,8727.26,BTC-28JUN19-9000-C,92.24,0.097,0.3,1,1559136592805,22510512,969
2019-05-29 14:16:04.389,2.0,buy,8721.73,BTC-28JUN19-9000-C,92.29,0.0975,2.0,0,1559139364389,22518189,970
2019-05-29 14:17:57.970,4.0,buy,8716.39,BTC-28JUN19-9000-C,92.13,0.097,4.0,2,1559139477970,22518371,971
2019-05-29 14:25:34.438,3.0,sell,8717.0,BTC-28JUN19-9000-C,90.38,0.095,3.0,2,1559139934438,22518840,972
2019-05-29 14:25:34.438,0.1,sell,8717.0,BTC-28JUN19-9000-C,90.38,0.095,0.1,3,1559139934438,22518841,973
2019-05-29 14:46:07.453,4.0,buy,8721.13,BTC-28JUN19-9000-C,88.49,0.093,4.0,2,1559141167453,22520148,974
2019-05-29 14:46:55.073,1.0,buy,8722.68,BTC-28JUN19-9000-C,88.43,0.093,1.0,3,1559141215073,22520162,975
2019-05-29 15:45:29.916,0.2,sell,8702.58,BTC-28JUN19-9000-C,89.51,0.093,0.2,3,1559144729916,22523584,976
2019-05-30 01:23:05.124,5.0,buy,8701.03,BTC-28JUN19-9000-C,90.0,0.093,5.0,3,1559179385124,22555002,977
2019-05-30 01:33:07.074,10.0,buy,8701.68,BTC-28JUN19-9000-C,90.33,0.0935,10.0,0,1559179987074,22556245,978
2019-05-30 01:42:33.657,5.0,buy,8637.65,BTC-28JUN19-9000-C,90.29,0.09,5.0,2,1559180553657,22558609,979
2019-05-30 05:21:47.232,1.0,buy,8748.04,BTC-28JUN19-9000-C,90.75,0.097,1.0,0,1559193707232,22582433,980
2019-05-30 09:37:42.022,5.0,sell,8692.05,BTC-28JUN19-9000-C,87.86,0.0905,5.0,2,1559209062022,22592096,981
2019-05-30 10:36:04.828,5.0,buy,8752.22,BTC-28JUN19-9000-C,90.16,0.097,5.0,0,1559212564828,22595946,982
2019-05-30 11:00:25.703,1.0,sell,8719.87,BTC-28JUN19-9000-C,86.97,0.0915,1.0,2,1559214025703,22597328,983
2019-05-30 11:19:55.431,1.0,sell,8728.66,BTC-28JUN19-9000-C,87.46,0.092,1.0,0,1559215195431,22598072,984
2019-05-30 14:59:13.717,0.1,sell,8717.52,BTC-28JUN19-9000-C,89.19,0.092,0.1,1,1559228353717,22606756,985
2019-05-30 15:47:28.853,1.0,buy,8877.61,BTC-28JUN19-9000-C,88.32,0.1,1.0,0,1559231248853,22613577,986
2019-05-30 15:56:58.326,1.0,buy,8887.65,BTC-28JUN19-9000-C,90.77,0.103,1.0,0,1559231818326,22616437,987
2019-05-30 15:58:08.289,0.2,sell,8938.57,BTC-28JUN19-9000-C,90.71,0.1055,0.2,0,1559231888289,22617925,988
2019-05-30 15:58:08.411,0.1,buy,8938.57,BTC-28JUN19-9000-C,90.71,0.1055,0.1,1,1559231888411,22617926,989
2019-05-30 16:05:33.599,0.1,buy,9075.9,BTC-28JUN19-9000-C,91.83,0.114,0.1,0,1559232333599,22625591,990
2019-05-30 16:07:24.670,3.0,buy,9017.63,BTC-28JUN19-9000-C,91.83,0.111,3.0,2,1559232444670,22626911,991
2019-05-30 16:16:50.377,3.4,sell,8625.8,BTC-28JUN19-9000-C,90.69,0.0875,3.4,2,1559233010377,22637366,992
2019-05-30 16:16:55.953,5.0,buy,8616.29,BTC-28JUN19-9000-C,92.15,0.0885,5.0,0,1559233015953,22637737,993
2019-05-30 16:17:14.054,5.0,sell,8600.08,BTC-28JUN19-9000-C,91.28,0.0865,5.0,2,1559233034054,22638559,994
2019-05-30 16:17:37.228,4.2,buy,8679.25,BTC-28JUN19-9000-C,91.29,0.09,4.2,0,1559233057228,22640088,995
2019-05-30 16:17:38.806,0.8,sell,8674.7,BTC-28JUN19-9000-C,91.39,0.09,0.8,1,1559233058806,22640196,996
2019-05-30 16:22:50.230,1.0,buy,8712.74,BTC-28JUN19-9000-C,93.31,0.0955,1.0,0,1559233370230,22647422,997
2019-05-30 16:24:21.620,1.0,sell,8682.64,BTC-28JUN19-9000-C,89.82,0.09,1.0,2,1559233461620,22648164,998
2019-05-30 16:27:00.807,2.0,buy,8740.79,BTC-28JUN19-9000-C,93.33,0.097,2.0,0,1559233620807,22649060,999
2019-05-30 16:48:42.684,0.2,buy,8698.6,BTC-28JUN19-9000-C,89.75,0.091,0.2,2,1559234922684,22655284,1000
2019-05-30 17:00:54.922,2.0,sell,8644.08,BTC-28JUN19-9000-C,91.73,0.09,2.0,2,1559235654922,22657572,1001
2019-05-30 17:02:00.583,0.8,sell,8631.99,BTC-28JUN19-9000-C,91.23,0.08900000000000001,0.8,2,1559235720583,22658423,1002
2019-05-30 17:11:05.485,1.0,sell,8580.32,BTC-28JUN19-9000-C,87.11,0.08199999999999999,1.0,2,1559236265485,22663657,1003
2019-05-30 17:11:05.485,1.0,sell,8580.32,BTC-28JUN19-9000-C,87.11,0.08199999999999999,1.0,3,1559236265485,22663658,1004
2019-05-30 17:15:04.255,0.5,sell,8586.76,BTC-28JUN19-9000-C,87.31,0.08199999999999999,0.5,3,1559236504255,22664860,1005
2019-05-30 17:30:59.570,0.5,buy,8613.23,BTC-28JUN19-9000-C,91.14,0.08800000000000001,0.5,0,1559237459570,22667571,1006
2019-05-30 17:31:29.017,2.5,buy,8619.05,BTC-28JUN19-9000-C,91.81,0.08900000000000001,2.5,0,1559237489017,22667631,1007
2019-05-30 17:37:05.844,2.0,buy,8621.77,BTC-28JUN19-9000-C,91.86,0.08900000000000001,2.0,1,1559237825844,22668222,1008
2019-05-30 17:37:05.844,5.0,buy,8621.77,BTC-28JUN19-9000-C,91.86,0.08900000000000001,5.0,1,1559237825844,22668223,1009
2019-05-30 18:00:17.425,0.2,sell,8615.62,BTC-28JUN19-9000-C,90.12,0.086,0.2,2,1559239217425,22670508,1010
2019-05-30 19:48:13.433,2.0,sell,8592.57,BTC-28JUN19-9000-C,86.6,0.081,2.0,2,1559245693433,22677192,1011
2019-05-30 20:14:44.964,1.0,sell,8557.02,BTC-28JUN19-9000-C,85.96,0.079,1.0,2,1559247284964,22681886,1012
2019-05-30 20:29:56.533,5.0,buy,8516.28,BTC-28JUN19-9000-C,90.35,0.0815,5.0,0,1559248196533,22691225,1013
2019-05-30 21:02:18.504,7.0,buy,8484.48,BTC-28JUN19-9000-C,93.35,0.0835,7.0,0,1559250138504,22696855,1014
2019-05-30 21:16:54.816,1.0,sell,8280.85,BTC-28JUN19-9000-C,90.66,0.07,1.0,2,1559251014816,22702672,1015
2019-05-30 21:25:28.382,1.0,sell,8144.21,BTC-28JUN19-9000-C,91.37,0.065,1.0,2,1559251528382,22713738,1016
2019-05-30 21:28:24.582,0.1,buy,8002.72,BTC-28JUN19-9000-C,92.77,0.06,0.1,2,1559251704582,22720099,1017
2019-05-30 21:28:58.281,5.0,buy,8059.22,BTC-28JUN19-9000-C,93.39,0.063,5.0,0,1559251738281,22721284,1018
2019-05-30 22:10:46.823,1.0,sell,8243.36,BTC-28JUN19-9000-C,88.55,0.0655,1.0,0,1559254246823,22741666,1019
2019-05-30 23:33:33.300,6.0,buy,8278.21,BTC-28JUN19-9000-C,94.57,0.07400000000000001,6.0,0,1559259213300,22750922,1020
2019-05-30 23:40:12.903,3.0,buy,8280.31,BTC-28JUN19-9000-C,95.29,0.075,3.0,0,1559259612903,22751644,1021
2019-05-30 23:40:31.121,3.0,buy,8276.33,BTC-28JUN19-9000-C,95.45,0.075,3.0,1,1559259631121,22751672,1023
2019-05-30 23:40:31.121,2.0,buy,8276.33,BTC-28JUN19-9000-C,95.45,0.075,2.0,1,1559259631121,22751671,1022
2019-05-31 04:39:54.200,0.5,sell,8174.89,BTC-28JUN19-9000-C,92.08,0.066,0.5,2,1559277594200,22769148,1024
2019-05-31 06:05:20.861,5.0,buy,8251.15,BTC-28JUN19-9000-C,90.15,0.067,5.0,0,1559282720861,22775842,1025
2019-05-31 10:11:32.366,0.2,sell,8309.43,BTC-28JUN19-9000-C,86.41,0.0645,0.2,2,1559297492366,22788341,1026
2019-05-31 11:59:27.249,10.0,sell,8246.91,BTC-28JUN19-9000-C,85.79,0.0625,10.0,2,1559303967249,22795559,1027
2019-05-31 11:59:37.061,5.0,sell,8246.54,BTC-28JUN19-9000-C,85.82,0.0625,5.0,3,1559303977061,22795560,1028
2019-05-31 12:09:21.508,2.9,sell,8247.53,BTC-28JUN19-9000-C,85.48,0.062,2.9,3,1559304561508,22795821,1030
2019-05-31 12:09:21.508,0.1,sell,8247.53,BTC-28JUN19-9000-C,85.48,0.062,0.1,2,1559304561508,22795820,1029
2019-05-31 12:11:18.086,5.0,sell,8257.31,BTC-28JUN19-9000-C,85.28,0.062,5.0,3,1559304678086,22795924,1031
2019-05-31 12:17:57.710,3.0,sell,8245.76,BTC-28JUN19-9000-C,85.16,0.0615,3.0,2,1559305077710,22796375,1032
2019-05-31 13:02:36.123,1.0,buy,8362.48,BTC-28JUN19-9000-C,87.56,0.0695,1.0,0,1559307756123,22798804,1033
2019-05-31 13:03:08.897,5.0,buy,8359.64,BTC-28JUN19-9000-C,88.47,0.07,5.0,0,1559307788897,22799005,1034
2019-05-31 13:44:59.184,0.5,buy,8423.78,BTC-28JUN19-9000-C,86.88,0.071,0.5,0,1559310299184,22805104,1035
2019-05-31 13:53:33.948,1.0,buy,8426.15,BTC-28JUN19-9000-C,87.99,0.07200000000000001,1.0,0,1559310813948,22806230,1036
2019-05-31 14:03:10.917,4.0,buy,8456.46,BTC-28JUN19-9000-C,86.76,0.07200000000000001,4.0,1,1559311390917,22807324,1037
2019-05-31 14:55:30.532,3.0,buy,8436.91,BTC-28JUN19-9000-C,90.42,0.075,3.0,0,1559314530532,22811321,1038
2019-05-31 14:56:38.311,2.0,buy,8430.21,BTC-28JUN19-9000-C,89.4,0.0735,2.0,2,1559314598311,22811372,1039
2019-05-31 15:02:37.463,2.0,sell,8419.38,BTC-28JUN19-9000-C,87.44,0.071,2.0,2,1559314957463,22811539,1040
2019-05-31 16:34:51.088,1.0,buy,8450.89,BTC-28JUN19-9000-C,87.16,0.07200000000000001,1.0,0,1559320491088,22820471,1041
2019-05-31 19:38:25.128,1.0,buy,8412.23,BTC-28JUN19-9000-C,86.97,0.071,1.0,2,1559331505128,22833759,1042
2019-05-31 20:49:01.319,0.2,buy,8472.19,BTC-28JUN19-9000-C,85.47,0.073,0.2,0,1559335741319,22839712,1043
2019-05-31 20:49:01.319,4.8,buy,8472.19,BTC-28JUN19-9000-C,85.93,0.0735,4.8,0,1559335741319,22839713,1044
2019-05-31 20:49:22.341,5.0,buy,8474.42,BTC-28JUN19-9000-C,85.79,0.0735,5.0,1,1559335762341,22839743,1045
2019-05-31 20:50:41.583,1.0,buy,8502.74,BTC-28JUN19-9000-C,85.79,0.075,1.0,0,1559335841583,22840404,1046
2019-05-31 20:51:23.931,5.0,buy,8499.48,BTC-28JUN19-9000-C,86.44,0.0755,5.0,0,1559335883931,22840737,1047
2019-06-01 12:01:27.583,0.1,buy,8576.55,BTC-28JUN19-9000-C,88.68,0.08,0.1,0,1559390487583,22881309,1048
2019-06-01 20:12:14.408,0.1,buy,8548.42,BTC-28JUN19-9000-C,82.47,0.071,0.1,2,1559419934408,22897112,1049
2019-06-01 21:14:48.347,0.9,buy,8587.53,BTC-28JUN19-9000-C,81.95,0.0725,0.9,0,1559423688347,22899202,1050
2019-06-02 00:21:35.714,1.0,buy,8567.19,BTC-28JUN19-9000-C,87.02,0.076,1.0,0,1559434895714,22906588,1051
2019-06-02 07:22:46.177,5.5,buy,8589.45,BTC-28JUN19-9000-C,86.54,0.076,5.5,1,1559460166177,22915700,1052
2019-06-02 08:00:18.077,0.4,sell,8710.55,BTC-28JUN19-9000-C,82.24,0.078,0.4,0,1559462418077,22922744,1053
2019-06-02 13:07:40.846,5.0,sell,8739.17,BTC-28JUN19-9000-C,86.9,0.084,5.0,0,1559480860846,22940590,1054
2019-06-02 14:02:59.638,0.1,sell,8699.8,BTC-28JUN19-9000-C,82.6,0.0765,0.1,2,1559484179638,22947085,1055
2019-06-02 14:19:14.626,0.2,sell,8719.64,BTC-28JUN19-9000-C,82.61,0.0775,0.2,0,1559485154626,22947599,1056
2019-06-03 01:01:07.947,0.3,sell,8653.21,BTC-28JUN19-9000-C,83.87,0.0755,0.3,2,1559523667947,22969587,1057
2019-06-03 08:09:13.518,5.0,buy,8496.24,BTC-28JUN19-9000-C,87.36,0.071,5.0,2,1559549353518,23009643,1058
2019-06-03 09:30:47.910,0.1,sell,8474.37,BTC-28JUN19-9000-C,82.41,0.0645,0.1,2,1559554247910,23015296,1059
2019-06-03 14:48:23.947,0.8,buy,8406.49,BTC-28JUN19-9000-C,85.28,0.063,0.8,2,1559573303947,23035819,1060
2019-06-03 15:03:43.058,5.0,buy,8360.16,BTC-28JUN19-9000-C,87.65,0.0635,5.0,0,1559574223058,23043468,1061
2019-06-03 15:19:57.413,0.2,buy,8436.04,BTC-28JUN19-9000-C,85.58,0.0645,0.2,0,1559575197413,23046921,1062
2019-06-03 15:38:28.562,5.0,buy,8462.1,BTC-28JUN19-9000-C,85.95,0.066,5.0,0,1559576308562,23049292,1063
2019-06-03 16:46:17.757,10.0,buy,8535.32,BTC-28JUN19-9000-C,83.48,0.0675,10.0,0,1559580377757,23054735,1064
2019-06-03 16:46:34.205,5.0,buy,8537.55,BTC-28JUN19-9000-C,83.52,0.0675,5.0,1,1559580394205,23054753,1065
2019-06-03 16:46:37.014,2.5,buy,8539.52,BTC-28JUN19-9000-C,83.46,0.0675,2.5,1,1559580397014,23054782,1066
2019-06-03 16:46:38.365,2.5,buy,8540.07,BTC-28JUN19-9000-C,83.44,0.0675,2.5,1,1559580398365,23054800,1067
2019-06-03 16:53:51.170,0.5,buy,8540.61,BTC-28JUN19-9000-C,83.76,0.068,0.5,0,1559580831170,23055894,1068
2019-06-03 18:45:31.664,10.0,buy,8545.29,BTC-28JUN19-9000-C,83.08,0.068,10.0,1,1559587531664,23062654,1069
2019-06-03 19:08:19.451,5.0,buy,8572.49,BTC-28JUN19-9000-C,82.59,0.069,5.0,0,1559588899451,23065510,1070
2019-06-03 19:16:47.025,1.4,buy,8558.86,BTC-28JUN19-9000-C,83.19,0.069,1.4,1,1559589407025,23065974,1071
2019-06-03 21:05:23.524,0.1,buy,8556.91,BTC-28JUN19-9000-C,83.33,0.069,0.1,1,1559595923524,23069730,1072
2019-06-03 21:08:16.070,0.1,sell,8549.06,BTC-28JUN19-9000-C,81.7,0.067,0.1,2,1559596096070,23069796,1073
2019-06-03 23:24:58.994,0.5,buy,8192.52,BTC-28JUN19-9000-C,84.28,0.053,0.5,2,1559604298994,23094262,1074
2019-06-03 23:36:00.852,2.0,buy,8152.45,BTC-28JUN19-9000-C,88.42,0.056,2.0,0,1559604960852,23106106,1075
2019-06-04 00:02:12.064,0.5,buy,8019.86,BTC-28JUN19-9000-C,85.82,0.0475,0.5,2,1559606532064,23116120,1076
2019-06-04 00:04:15.134,1.0,buy,7993.11,BTC-28JUN19-9000-C,88.74,0.049,1.0,0,1559606655134,23118283,1077
2019-06-04 00:06:17.960,1.0,sell,7850.4,BTC-28JUN19-9000-C,90.02,0.0455,1.0,2,1559606777960,23122963,1078
2019-06-04 00:07:05.434,0.5,sell,7811.49,BTC-28JUN19-9000-C,89.26,0.0425,0.5,2,1559606825434,23124489,1079
2019-06-04 00:07:06.342,1.0,buy,7811.49,BTC-28JUN19-9000-C,91.42,0.0445,1.0,0,1559606826342,23124522,1080
2019-06-04 00:09:06.247,5.0,buy,7760.44,BTC-28JUN19-9000-C,92.61,0.044,5.0,2,1559606946247,23128707,1081
2019-06-04 00:09:25.191,1.0,buy,7783.71,BTC-28JUN19-9000-C,92.7,0.045,1.0,0,1559606965191,23129028,1082
2019-06-04 00:36:35.192,0.5,buy,7969.72,BTC-28JUN19-9000-C,86.6,0.046,0.5,0,1559608595192,23141038,1083
2019-06-04 02:02:18.583,0.5,buy,7983.57,BTC-28JUN19-9000-C,86.25,0.0455,0.5,2,1559613738583,23151970,1084
2019-06-04 04:07:36.844,0.5,sell,7894.55,BTC-28JUN19-9000-C,90.36,0.0455,0.5,3,1559621256844,23160492,1085
2019-06-04 04:08:50.277,2.0,sell,7856.11,BTC-28JUN19-9000-C,91.34,0.045,2.0,2,1559621330277,23160907,1086
2019-06-04 04:45:06.801,0.5,sell,7940.58,BTC-28JUN19-9000-C,85.87,0.043,0.5,2,1559623506801,23166550,1087
2019-06-04 04:46:32.818,0.1,buy,7952.56,BTC-28JUN19-9000-C,87.08,0.0445,0.1,0,1559623592818,23166862,1088
2019-06-04 05:01:12.105,0.4,buy,7962.29,BTC-28JUN19-9000-C,86.29,0.044000000000000004,0.4,2,1559624472105,23167681,1089
2019-06-04 06:38:15.636,1.2,sell,7811.39,BTC-28JUN19-9000-C,88.7,0.040999999999999995,1.2,2,1559630295636,23175268,1090
2019-06-04 06:40:40.308,1.2,buy,7854.2,BTC-28JUN19-9000-C,87.48,0.0415,1.2,0,1559630440308,23176787,1091
2019-06-04 06:51:15.905,0.5,sell,7875.38,BTC-28JUN19-9000-C,85.03,0.04,0.5,2,1559631075905,23177839,1092
2019-06-04 07:23:24.410,6.0,sell,7788.28,BTC-28JUN19-9000-C,88.58,0.04,6.0,3,1559633004410,23184732,1093
2019-06-04 09:48:52.447,0.4,buy,7958.05,BTC-28JUN19-9000-C,87.28,0.0445,0.4,0,1559641732447,23196092,1094
2019-06-04 10:10:05.765,0.5,buy,7968.96,BTC-28JUN19-9000-C,87.12,0.045,0.5,0,1559643005765,23197551,1095
2019-06-04 14:44:02.912,1.0,sell,7980.37,BTC-28JUN19-9000-C,84.64,0.042,1.0,2,1559659442912,23215893,1096
2019-06-04 14:58:14.414,0.5,sell,7954.25,BTC-28JUN19-9000-C,85.7,0.042,0.5,3,1559660294414,23216419,1097
2019-06-04 15:26:14.209,1.0,buy,7986.67,BTC-28JUN19-9000-C,86.13,0.0435,1.0,0,1559661974209,23217820,1098
2019-06-04 16:38:43.089,25.0,sell,7913.06,BTC-28JUN19-9000-C,86.48,0.040999999999999995,25.0,2,1559666323089,23224022,1099
2019-06-04 17:09:36.526,2.0,sell,7908.59,BTC-28JUN19-9000-C,85.63,0.04,2.0,2,1559668176526,23226857,1100
2019-06-04 17:11:56.203,10.4,sell,7877.44,BTC-28JUN19-9000-C,86.94,0.04,10.4,3,1559668316203,23227180,1101
2019-06-04 17:12:00.986,10.0,sell,7869.79,BTC-28JUN19-9000-C,87.24,0.04,10.0,3,1559668320986,23227245,1102
2019-06-04 17:12:00.999,1.2,sell,7869.79,BTC-28JUN19-9000-C,87.24,0.04,1.2,3,1559668320999,23227246,1103
2019-06-04 17:12:14.355,1.0,sell,7863.64,BTC-28JUN19-9000-C,87.4,0.04,1.0,3,1559668334355,23227435,1104
2019-06-04 17:12:16.569,5.0,sell,7859.7,BTC-28JUN19-9000-C,87.53,0.04,5.0,3,1559668336569,23227463,1105
2019-06-04 17:12:16.922,0.8,sell,7859.7,BTC-28JUN19-9000-C,87.53,0.04,0.8,3,1559668336922,23227469,1106
2019-06-04 17:12:21.725,0.9,sell,7859.64,BTC-28JUN19-9000-C,87.57,0.04,0.9,3,1559668341725,23227537,1107
2019-06-04 17:12:36.300,12.2,sell,7861.65,BTC-28JUN19-9000-C,87.36,0.04,12.2,3,1559668356300,23227666,1108
2019-06-04 17:44:51.439,0.5,sell,7605.72,BTC-28JUN19-9000-C,89.17,0.033,0.5,2,1559670291439,23252923,1109
2019-06-04 18:01:39.846,2.0,buy,7628.44,BTC-28JUN19-9000-C,86.97,0.0325,2.0,2,1559671299846,23262552,1110
2019-06-04 18:05:14.895,0.1,buy,7636.72,BTC-28JUN19-9000-C,87.05,0.0325,0.1,3,1559671514895,23263233,1111
2019-06-04 18:25:51.765,1.0,buy,7703.35,BTC-28JUN19-9000-C,87.91,0.035,1.0,0,1559672751765,23267013,1112
2019-06-04 18:25:51.976,4.0,buy,7703.35,BTC-28JUN19-9000-C,87.91,0.035,4.0,1,1559672751976,23267014,1113
2019-06-04 18:32:40.057,225.0,sell,7698.16,BTC-28JUN19-9000-C,88.05,0.035,225.0,1,1559673160057,23267767,1114
2019-06-04 19:19:29.384,7.3,sell,7610.49,BTC-28JUN19-9000-C,84.45,0.0295,7.3,2,1559675969384,23280970,1115
2019-06-04 19:32:37.347,5.0,sell,7574.0,BTC-28JUN19-9000-C,83.95,0.027999999999999997,5.0,2,1559676757347,23284371,1116
2019-06-04 20:34:53.382,10.0,buy,7630.23,BTC-28JUN19-9000-C,86.28,0.0315,10.0,0,1559680493382,23293286,1117
2019-06-04 20:34:53.382,6.0,buy,7630.23,BTC-28JUN19-9000-C,86.28,0.0315,6.0,1,1559680493382,23293287,1118
2019-06-04 20:35:28.934,0.5,sell,7631.53,BTC-28JUN19-9000-C,81.85,0.027999999999999997,0.5,2,1559680528934,23293354,1119
2019-06-04 20:35:29.845,10.0,buy,7631.24,BTC-28JUN19-9000-C,86.75,0.032,10.0,0,1559680529845,23293369,1120
2019-06-04 20:35:29.845,6.0,buy,7631.24,BTC-28JUN19-9000-C,86.75,0.032,6.0,1,1559680529845,23293371,1122
2019-06-04 20:35:29.845,4.2,buy,7631.24,BTC-28JUN19-9000-C,86.75,0.032,4.2,1,1559680529845,23293370,1121
2019-06-04 20:36:09.610,10.0,buy,7630.95,BTC-28JUN19-9000-C,87.34,0.0325,10.0,1,1559680569610,23293398,1124
2019-06-04 20:36:09.610,10.0,buy,7630.95,BTC-28JUN19-9000-C,87.34,0.0325,10.0,0,1559680569610,23293397,1123
2019-06-04 20:36:09.610,4.0,buy,7630.95,BTC-28JUN19-9000-C,87.34,0.0325,4.0,1,1559680569610,23293399,1125
2019-06-04 20:36:09.610,6.0,buy,7630.95,BTC-28JUN19-9000-C,87.34,0.0325,6.0,1,1559680569610,23293400,1126
2019-06-04 20:45:06.703,1.0,buy,7657.5,BTC-28JUN19-9000-C,83.37,0.03,1.0,2,1559681106703,23293820,1127
2019-06-04 22:18:32.607,4.0,buy,7589.75,BTC-28JUN19-9000-C,89.11,0.0325,4.0,0,1559686712607,23312901,1128
2019-06-05 00:10:27.927,1.0,buy,7785.01,BTC-28JUN19-9000-C,84.64,0.035,1.0,0,1559693427927,23323934,1129
2019-06-05 02:28:25.361,1.0,buy,7837.24,BTC-28JUN19-9000-C,82.73,0.035,1.0,1,1559701705361,23331190,1130
2019-06-05 03:38:50.858,5.0,sell,7817.42,BTC-28JUN19-9000-C,81.8,0.0335,5.0,2,1559705930858,23333451,1131
2019-06-05 07:42:01.747,2.0,buy,7819.41,BTC-28JUN19-9000-C,85.63,0.0365,2.0,0,1559720521747,23340836,1132
2019-06-05 11:33:16.024,0.5,sell,7835.25,BTC-28JUN19-9000-C,83.3,0.0345,0.5,2,1559734396024,23352629,1133
2019-06-05 12:32:45.108,0.1,sell,7795.13,BTC-28JUN19-9000-C,83.63,0.0335,0.1,2,1559737965108,23358169,1134
2019-06-05 14:59:48.950,5.0,buy,7682.46,BTC-28JUN19-9000-C,86.38,0.032,5.0,2,1559746788950,23370365,1135
2019-06-05 15:51:23.619,3.0,buy,7653.73,BTC-28JUN19-9000-C,82.17,0.0275,3.0,2,1559749883619,23377735,1136
2019-06-05 16:21:10.809,10.0,buy,7708.19,BTC-28JUN19-9000-C,85.72,0.032,10.0,0,1559751670809,23380100,1137
2019-06-05 16:21:10.809,5.0,buy,7708.19,BTC-28JUN19-9000-C,85.72,0.032,5.0,1,1559751670809,23380101,1138
2019-06-05 17:02:53.446,1.0,sell,7727.61,BTC-28JUN19-9000-C,85.34,0.0325,1.0,0,1559754173446,23383294,1139
2019-06-05 17:36:54.338,0.5,sell,7815.73,BTC-28JUN19-9000-C,82.71,0.033,0.5,0,1559756214338,23385980,1140
2019-06-05 17:43:57.514,1.0,buy,7826.12,BTC-28JUN19-9000-C,82.96,0.0335,1.0,0,1559756637514,23386604,1141
2019-06-05 19:04:52.543,0.5,buy,7827.01,BTC-28JUN19-9000-C,83.52,0.034,0.5,0,1559761492543,23392584,1142
2019-06-05 20:21:09.272,0.5,buy,7866.35,BTC-28JUN19-9000-C,82.38,0.0345,0.5,0,1559766069272,23398160,1143
2019-06-05 20:21:27.165,1.0,buy,7899.55,BTC-28JUN19-9000-C,82.25,0.0355,1.0,0,1559766087165,23398576,1144
2019-06-05 23:45:12.330,0.1,buy,7836.77,BTC-28JUN19-9000-C,83.26,0.034,0.1,2,1559778312330,23429761,1145
2019-06-06 01:10:59.764,2.0,sell,7807.43,BTC-28JUN19-9000-C,81.94,0.0315,2.0,2,1559783459764,23434348,1146
2019-06-06 04:32:39.098,0.1,buy,7820.17,BTC-28JUN19-9000-C,80.71,0.0305,0.1,2,1559795559098,23440603,1147
2019-06-06 05:54:05.303,1.0,sell,7783.79,BTC-28JUN19-9000-C,77.76,0.027000000000000003,1.0,2,1559800445303,23442464,1148
2019-06-06 06:52:25.014,19.3,buy,7815.33,BTC-28JUN19-9000-C,81.71,0.031,19.3,0,1559803945014,23443423,1149
2019-06-06 06:52:36.799,0.7000000000000001,buy,7815.03,BTC-28JUN19-9000-C,81.68,0.031,0.7000000000000001,1,1559803956799,23443427,1150
2019-06-06 06:52:42.716,4.0,buy,7815.03,BTC-28JUN19-9000-C,81.69,0.031,4.0,1,1559803962716,23443428,1151
2019-06-06 06:53:26.220,5.0,buy,7815.26,BTC-28JUN19-9000-C,82.31,0.0315,5.0,0,1559804006220,23443433,1152
2019-06-06 06:53:26.220,1.0,buy,7815.26,BTC-28JUN19-9000-C,82.31,0.0315,1.0,1,1559804006220,23443434,1153
2019-06-06 06:54:53.286,6.0,buy,7815.9,BTC-28JUN19-9000-C,82.22,0.0315,6.0,1,1559804093286,23443437,1154
2019-06-06 06:55:05.022,15.0,buy,7815.89,BTC-28JUN19-9000-C,82.22,0.0315,15.0,1,1559804105022,23443442,1155
2019-06-06 06:55:25.867,5.0,buy,7816.08,BTC-28JUN19-9000-C,82.83,0.032,5.0,1,1559804125867,23443445,1157
2019-06-06 06:55:25.867,10.0,buy,7816.08,BTC-28JUN19-9000-C,82.83,0.032,10.0,0,1559804125867,23443444,1156
2019-06-06 06:55:49.268,12.0,buy,7816.9,BTC-28JUN19-9000-C,82.79,0.032,12.0,1,1559804149268,23443460,1158
2019-06-06 06:56:02.789,10.0,buy,7816.09,BTC-28JUN19-9000-C,82.78,0.032,10.0,1,1559804162789,23443462,1159
2019-06-06 06:56:25.929,19.3,buy,7816.0,BTC-28JUN19-9000-C,83.38,0.0325,19.3,0,1559804185929,23443475,1160
