date_utc,amount,direction,indexPrice,instrument,iv,price,quantity,tickDirection,timeStamp,tradeId,tradeSeq
2019-02-16 13:25:07.953,0.5,buy,3596.34,BTC-28JUN19-13000-C,80.2,0.001,0.5,1,1550323507953,15415597,86
2019-02-18 18:23:17.063,3.0,sell,3889.77,BTC-28JUN19-13000-C,71.39,0.0005,3.0,2,1550514197063,15572912,87
2019-02-18 18:51:46.858,3.0,sell,3886.65,BTC-28JUN19-13000-C,71.4,0.0005,3.0,3,1550515906858,15574056,88
2019-02-19 00:08:22.216,0.8,buy,3884.44,BTC-28JUN19-13000-C,79.87,0.0015,0.8,0,1550534902216,15588501,89
2019-02-22 07:48:07.765,11.0,sell,3890.8,BTC-28JUN19-13000-C,77.27,0.001,11.0,2,1550821687765,15759700,90
2019-03-02 07:00:42.179,3.0,sell,3802.12,BTC-28JUN19-13000-C,76.2,0.0005,3.0,2,1551510042179,16166438,91
2019-03-02 07:05:05.971,3.0,sell,3800.77,BTC-28JUN19-13000-C,76.21,0.0005,3.0,3,1551510305971,16166496,92
2019-03-02 07:51:05.453,3.0,sell,3796.33,BTC-28JUN19-13000-C,76.27,0.0005,3.0,3,1551513065453,16167043,93
2019-03-05 07:12:39.310,3.0,sell,3710.1,BTC-28JUN19-13000-C,83.83,0.001,3.0,0,1551769959310,16250632,94
2019-03-05 07:12:42.693,1.0,sell,3710.03,BTC-28JUN19-13000-C,83.83,0.001,1.0,1,1551769962693,16250643,95
2019-03-08 10:34:55.407,10.0,sell,3873.7,BTC-28JUN19-13000-C,82.52,0.001,10.0,1,1552041295407,16380541,96
2019-03-10 16:31:13.509,0.1,sell,3881.86,BTC-28JUN19-13000-C,77.8,0.0005,0.1,2,1552235473509,16464411,97
2019-03-14 08:53:57.913,0.1,sell,3846.86,BTC-28JUN19-13000-C,79.72,0.0005,0.1,3,1552553637913,16551512,98
2019-03-25 16:08:49.181,0.1,sell,3946.81,BTC-28JUN19-13000-C,82.86,0.0005,0.1,3,1553530129181,16814307,99
2019-03-25 16:09:18.602,0.1,sell,3947.01,BTC-28JUN19-13000-C,82.86,0.0005,0.1,3,1553530158602,16814311,100
2019-03-25 16:10:40.375,0.1,sell,3946.64,BTC-28JUN19-13000-C,82.87,0.0005,0.1,3,1553530240375,16814331,101
2019-03-25 16:12:01.677,0.1,sell,3949.06,BTC-28JUN19-13000-C,82.83,0.0005,0.1,3,1553530321677,16814368,102
2019-03-25 16:16:58.598,0.1,sell,3949.79,BTC-28JUN19-13000-C,82.8,0.0005,0.1,3,1553530618598,16814458,103
2019-03-26 10:20:02.782,0.1,sell,3904.67,BTC-28JUN19-13000-C,83.87,0.0005,0.1,3,1553595602782,16835319,104
2019-03-26 18:05:34.726,0.1,sell,3912.54,BTC-28JUN19-13000-C,83.98,0.0005,0.1,3,1553623534726,16840642,105
2019-03-26 18:08:47.138,0.1,sell,3912.84,BTC-28JUN19-13000-C,83.98,0.0005,0.1,3,1553623727138,16840683,106
2019-03-29 08:42:08.169,0.1,sell,4028.61,BTC-28JUN19-13000-C,83.27,0.0005,0.1,3,1553848928169,16941875,107
2019-04-05 23:54:00.206,2.0,buy,5038.83,BTC-28JUN19-13000-C,92.78,0.004,2.0,0,1554508440206,17386021,108
2019-04-08 19:02:22.961,4.0,sell,5199.12,BTC-28JUN19-13000-C,93.0,0.0045,4.0,0,1554750142961,17539234,109
2019-04-08 19:02:25.979,4.0,sell,5199.3,BTC-28JUN19-13000-C,93.0,0.0045,4.0,1,1554750145979,17539235,110
2019-04-08 19:02:44.211,4.0,sell,5193.01,BTC-28JUN19-13000-C,93.13,0.0045,4.0,1,1554750164211,17539330,111
2019-04-08 19:05:04.881,6.0,sell,5192.31,BTC-28JUN19-13000-C,93.1,0.0045,6.0,1,1554750304881,17539424,112
2019-04-08 19:05:18.241,9.0,buy,5191.83,BTC-28JUN19-13000-C,93.11,0.0045,9.0,1,1554750318241,17539426,114
2019-04-08 19:05:18.241,3.0,buy,5191.83,BTC-28JUN19-13000-C,93.11,0.0045,3.0,1,1554750318241,17539425,113
2019-04-09 22:34:36.985,20.0,buy,5197.92,BTC-28JUN19-13000-C,92.25,0.004,20.0,2,1554849276985,17583478,115
2019-04-11 10:06:53.911,1.0,sell,5078.96,BTC-28JUN19-13000-C,98.3,0.005,1.0,0,1554977213911,17686938,116
2019-04-11 17:45:02.351,15.0,buy,5040.45,BTC-28JUN19-13000-C,92.38,0.003,15.0,2,1555004702351,17709536,117
2019-04-11 17:45:03.967,3.6,buy,5040.51,BTC-28JUN19-13000-C,92.37,0.003,3.6,3,1555004703967,17709537,118
2019-04-11 18:33:30.669,19.1,buy,5067.16,BTC-28JUN19-13000-C,89.82,0.0025,19.1,2,1555007610669,17710469,119
2019-04-13 03:09:32.068,5.1000000000000005,buy,5110.97,BTC-28JUN19-13000-C,90.06,0.0025,5.1000000000000005,3,1555124972068,17765103,120
2019-04-15 06:18:48.610,12.0,sell,5169.31,BTC-28JUN19-13000-C,87.86,0.002,12.0,2,1555309128610,17814498,121
2019-04-17 10:10:35.500,6.9,sell,5202.01,BTC-28JUN19-13000-C,88.22,0.002,6.9,3,1555495835500,17895242,122
2019-04-17 10:10:38.205,6.9,sell,5201.84,BTC-28JUN19-13000-C,88.22,0.002,6.9,3,1555495838205,17895256,123
2019-04-18 04:06:05.570,1.1,buy,5292.65,BTC-28JUN19-13000-C,92.22,0.003,1.1,0,1555560365570,17916773,124
2019-04-18 14:26:52.897,4.9,sell,5243.76,BTC-28JUN19-13000-C,85.29,0.0015,4.9,2,1555597612897,17923744,125
2019-04-19 08:08:23.057,5.1000000000000005,sell,5242.84,BTC-28JUN19-13000-C,85.82,0.0015,5.1000000000000005,3,1555661303057,17947752,126
2019-05-04 11:53:04.897,0.1,buy,5720.79,BTC-28JUN19-13000-C,89.56,0.0015,0.1,3,1556970784897,18761248,127
2019-05-04 23:37:20.134,0.1,sell,5761.83,BTC-28JUN19-13000-C,84.98,0.001,0.1,2,1557013040134,18832815,128
2019-05-07 05:18:58.812,0.1,buy,5913.02,BTC-28JUN19-13000-C,88.53,0.0015,0.1,0,1557206338812,19027148,129
2019-05-08 23:25:43.014,20.3,buy,5973.36,BTC-28JUN19-13000-C,85.51,0.001,20.3,2,1557357943014,19181036,130
2019-05-08 23:25:43.014,3.7,buy,5973.36,BTC-28JUN19-13000-C,85.51,0.001,3.7,3,1557357943014,19181037,131
2019-05-09 13:52:33.461,6.3,buy,6009.06,BTC-28JUN19-13000-C,85.64,0.001,6.3,3,1557409953461,19248631,132
2019-05-09 13:52:33.461,0.1,buy,6009.06,BTC-28JUN19-13000-C,85.64,0.001,0.1,3,1557409953461,19248632,133
2019-05-09 13:52:33.461,1.0,buy,6009.06,BTC-28JUN19-13000-C,85.64,0.001,1.0,3,1557409953461,19248633,134
2019-05-10 02:22:00.804,0.9,buy,6207.33,BTC-28JUN19-13000-C,87.51,0.0015,0.9,0,1557454920804,19292020,135
2019-05-10 02:22:00.804,0.1,buy,6207.33,BTC-28JUN19-13000-C,87.51,0.0015,0.1,1,1557454920804,19292021,136
2019-05-10 02:22:00.804,10.0,buy,6207.33,BTC-28JUN19-13000-C,87.51,0.0015,10.0,1,1557454920804,19292022,137
2019-05-10 03:57:57.500,3.3000000000000003,sell,6275.08,BTC-28JUN19-13000-C,82.3,0.001,3.3000000000000003,2,1557460677500,19311236,138
2019-05-10 04:53:01.609,0.1,buy,6285.08,BTC-28JUN19-13000-C,89.82,0.002,0.1,0,1557463981609,19320777,139
2019-05-10 04:53:01.609,10.0,buy,6285.08,BTC-28JUN19-13000-C,89.82,0.002,10.0,1,1557463981609,19320778,140
2019-05-10 07:19:31.411,0.2,buy,6296.96,BTC-28JUN19-13000-C,92.5,0.0025,0.2,0,1557472771411,19331410,141
2019-05-10 07:19:31.411,9.8,buy,6296.96,BTC-28JUN19-13000-C,92.5,0.0025,9.8,1,1557472771411,19331411,142
2019-05-10 10:37:34.192,0.2,buy,6292.27,BTC-28JUN19-13000-C,95.36,0.003,0.2,0,1557484654192,19349002,143
2019-05-10 10:37:34.192,0.3,buy,6292.27,BTC-28JUN19-13000-C,95.36,0.003,0.3,1,1557484654192,19349003,144
2019-05-11 10:58:49.202,0.1,buy,6841.25,BTC-28JUN19-13000-C,88.87,0.0035,0.1,0,1557572329202,19554035,145
2019-05-11 12:39:43.984,4.1,buy,6764.79,BTC-28JUN19-13000-C,91.79,0.004,4.1,0,1557578383984,19564215,146
2019-05-11 14:24:48.031,0.1,sell,6793.68,BTC-28JUN19-13000-C,79.22,0.0015,0.1,2,1557584688031,19572544,147
2019-05-11 15:30:13.470,5.9,buy,6893.44,BTC-28JUN19-13000-C,89.49,0.004,5.9,0,1557588613470,19581379,148
2019-05-11 21:43:53.077,1.5,buy,6983.57,BTC-28JUN19-13000-C,91.42,0.005,1.5,0,1557611033077,19640988,149
2019-05-11 23:21:16.855,6.2,sell,7368.31,BTC-28JUN19-13000-C,88.24,0.006,6.2,0,1557616876855,19707022,150
2019-05-12 00:10:14.681,10.0,buy,7303.33,BTC-28JUN19-13000-C,98.44,0.01,10.0,0,1557619814681,19735831,151
2019-05-12 00:18:22.899,3.8,buy,7290.59,BTC-28JUN19-13000-C,99.62,0.0105,3.8,0,1557620302899,19738415,152
2019-05-12 00:20:12.748,3.0,buy,7278.49,BTC-28JUN19-13000-C,99.82,0.0105,3.0,1,1557620412748,19739284,153
2019-05-12 00:20:16.049,25.0,buy,7280.59,BTC-28JUN19-13000-C,100.78,0.011000000000000001,25.0,0,1557620416049,19739300,154
2019-05-12 00:21:58.080,10.0,buy,7263.54,BTC-28JUN19-13000-C,101.06,0.011000000000000001,10.0,1,1557620518080,19740188,155
2019-05-12 02:23:40.301,1.0,sell,7236.99,BTC-28JUN19-13000-C,90.68,0.006,1.0,2,1557627820301,19787089,156
2019-05-12 07:03:36.255,4.0,buy,7400.22,BTC-28JUN19-13000-C,97.49,0.01,4.0,0,1557644616255,19827797,157
2019-05-12 09:12:09.718,2.0,buy,7427.44,BTC-28JUN19-13000-C,98.38,0.0105,2.0,0,1557652329718,19871933,158
