date_utc,amount,direction,indexPrice,instrument,iv,price,quantity,tickDirection,timeStamp,tradeId,tradeSeq
2019-02-14 08:40:23.009,1.0,sell,3567.96,BTC-28JUN19-4500-C,55.98,0.0525,1.0,2,1550133623009,15359123,154
2019-02-15 20:00:55.748,5.7,buy,3564.92,BTC-28JUN19-4500-C,56.63,0.0535,5.7,0,1550260855748,15401902,155
2019-02-16 05:58:30.232,0.3,sell,3585.59,BTC-28JUN19-4500-C,55.97,0.0535,0.3,1,1550296710232,15409558,156
2019-02-16 12:06:26.518,0.5,buy,3591.09,BTC-28JUN19-4500-C,57.04,0.0565,0.5,0,1550318786518,15412291,157
2019-02-16 12:06:26.518,0.5,buy,3591.09,BTC-28JUN19-4500-C,57.04,0.0565,0.5,1,1550318786518,15412292,158
2019-02-16 23:11:25.810,3.3000000000000003,buy,3591.88,BTC-28JUN19-4500-C,56.91,0.056,3.3000000000000003,2,1550358685810,15423821,159
2019-02-18 12:37:58.337,10.0,sell,3717.82,BTC-28JUN19-4500-C,56.6,0.064,10.0,0,1550493478337,15516603,160
2019-02-18 12:51:57.460,10.0,sell,3715.2,BTC-28JUN19-4500-C,56.84,0.0645,10.0,0,1550494317460,15517905,161
2019-02-18 12:54:27.338,1.0,sell,3727.96,BTC-28JUN19-4500-C,56.9,0.0655,1.0,0,1550494467338,15518291,162
2019-02-18 12:54:33.397,10.0,sell,3724.11,BTC-28JUN19-4500-C,57.01,0.0655,10.0,1,1550494473397,15518316,163
2019-02-18 16:37:42.004,2.0,buy,3890.72,BTC-28JUN19-4500-C,55.46,0.076,2.0,0,1550507862004,15558381,164
2019-02-18 17:09:36.322,1.0,sell,3852.88,BTC-28JUN19-4500-C,55.63,0.0735,1.0,2,1550509776322,15567715,165
2019-02-18 19:22:05.592,6.3,sell,3873.98,BTC-28JUN19-4500-C,56.13,0.0765,6.3,0,1550517725592,15575640,166
2019-02-18 19:22:34.239,6.3,sell,3873.77,BTC-28JUN19-4500-C,56.16,0.0765,6.3,1,1550517754239,15575707,167
2019-02-18 19:46:11.870,6.2,sell,3874.93,BTC-28JUN19-4500-C,56.34,0.077,6.2,0,1550519171870,15576795,168
2019-02-19 00:39:33.161,2.0,buy,3930.46,BTC-28JUN19-4500-C,58.13,0.086,2.0,0,1550536773161,15593083,169
2019-02-19 19:44:49.712,0.1,sell,3942.28,BTC-28JUN19-4500-C,59.66,0.0895,0.1,0,1550605489712,15660199,170
2019-02-20 12:37:14.578,0.8,buy,3936.42,BTC-28JUN19-4500-C,57.7,0.085,0.8,2,1550666234578,15692084,171
2019-02-20 19:16:31.177,5.0,buy,3915.73,BTC-28JUN19-4500-C,58.86,0.085,5.0,3,1550690191177,15708803,173
2019-02-20 19:16:31.177,0.2,buy,3915.73,BTC-28JUN19-4500-C,58.86,0.085,0.2,3,1550690191177,15708802,172
2019-02-20 19:58:15.999,5.0,buy,3924.0,BTC-28JUN19-4500-C,58.9,0.086,5.0,1,1550692695999,15709492,175
2019-02-20 19:58:15.999,1.0,buy,3924.0,BTC-28JUN19-4500-C,58.9,0.086,1.0,0,1550692695999,15709491,174
2019-02-20 19:58:22.007,6.0,buy,3924.21,BTC-28JUN19-4500-C,55.84,0.079,6.0,2,1550692702007,15709521,176
2019-02-21 11:14:49.588,1.0,sell,3883.96,BTC-28JUN19-4500-C,58.2,0.0815,1.0,0,1550747689588,15739639,177
2019-02-21 12:11:51.959,4.0,buy,3893.23,BTC-28JUN19-4500-C,58.21,0.0825,4.0,0,1550751111959,15742181,178
2019-02-21 12:11:51.959,1.0,buy,3893.23,BTC-28JUN19-4500-C,59.09,0.0845,1.0,0,1550751111959,15742183,180
2019-02-21 12:11:51.959,5.0,buy,3893.23,BTC-28JUN19-4500-C,58.43,0.083,5.0,0,1550751111959,15742182,179
2019-02-21 12:35:57.448,6.0,sell,3897.06,BTC-28JUN19-4500-C,57.17,0.0805,6.0,2,1550752557448,15742833,181
2019-02-21 15:22:34.251,4.0,sell,3892.49,BTC-28JUN19-4500-C,56.37,0.078,4.0,2,1550762554251,15745768,182
2019-02-21 18:29:37.002,1.0,sell,3891.1,BTC-28JUN19-4500-C,56.17,0.077,1.0,2,1550773777002,15748006,183
2019-02-22 07:01:03.404,5.9,buy,3911.34,BTC-28JUN19-4500-C,57.49,0.081,5.9,0,1550818863404,15757495,184
2019-02-22 07:11:52.596,0.1,sell,3892.83,BTC-28JUN19-4500-C,57.44,0.0795,0.1,2,1550819512596,15758057,185
2019-02-22 15:50:32.055,1.0,buy,3921.75,BTC-28JUN19-4500-C,58.8,0.085,1.0,0,1550850632055,15782241,186
2019-02-23 11:29:29.552,1.0,buy,3940.14,BTC-28JUN19-4500-C,60.61,0.08900000000000001,1.0,0,1550921369552,15800993,187
2019-02-23 12:18:49.218,2.0,sell,3932.64,BTC-28JUN19-4500-C,60.67,0.08900000000000001,2.0,1,1550924329218,15802342,188
2019-02-23 12:19:37.072,3.9,buy,3931.49,BTC-28JUN19-4500-C,60.81,0.08900000000000001,3.9,1,1550924377072,15802397,189
2019-02-23 12:19:37.235,1.5,sell,3931.49,BTC-28JUN19-4500-C,60.81,0.08900000000000001,1.5,1,1550924377235,15802398,190
2019-02-23 13:09:34.479,3.0,sell,3936.15,BTC-28JUN19-4500-C,60.81,0.09,3.0,0,1550927374479,15802997,191
2019-02-23 13:19:41.317,3.6,buy,3935.53,BTC-28JUN19-4500-C,60.89,0.09,3.6,1,1550927981317,15803072,192
2019-02-24 14:11:48.440,2.0,sell,3965.93,BTC-28JUN19-4500-C,58.51,0.085,2.0,2,1551017508440,15892475,193
2019-02-25 02:56:49.181,7.1000000000000005,sell,3773.01,BTC-28JUN19-4500-C,60.44,0.0725,7.1000000000000005,2,1551063409181,15971919,194
2019-02-25 02:56:54.820,2.9,buy,3772.91,BTC-28JUN19-4500-C,60.45,0.0725,2.9,3,1551063414820,15971933,195
2019-02-25 02:57:49.835,7.1000000000000005,buy,3772.67,BTC-28JUN19-4500-C,60.7,0.073,7.1000000000000005,0,1551063469835,15971951,196
2019-02-25 02:58:17.185,2.9,buy,3772.61,BTC-28JUN19-4500-C,60.69,0.073,2.9,1,1551063497185,15971958,197
2019-02-25 02:58:33.818,7.1000000000000005,buy,3773.18,BTC-28JUN19-4500-C,60.89,0.0735,7.1000000000000005,0,1551063513818,15971979,198
2019-02-25 03:46:15.379,0.9,buy,3778.18,BTC-28JUN19-4500-C,60.96,0.07400000000000001,0.9,0,1551066375379,15973800,199
2019-02-25 03:58:18.661,0.4,buy,3776.93,BTC-28JUN19-4500-C,61.06,0.07400000000000001,0.4,1,1551067098661,15973920,200
2019-02-25 10:22:31.588,5.0,buy,3746.76,BTC-28JUN19-4500-C,60.89,0.071,5.0,2,1551090151588,15983172,201
2019-02-25 15:56:30.662,1.0,buy,3790.81,BTC-28JUN19-4500-C,60.44,0.07400000000000001,1.0,0,1551110190662,15991679,202
2019-02-25 16:28:27.984,0.7000000000000001,buy,3808.86,BTC-28JUN19-4500-C,59.62,0.07400000000000001,0.7000000000000001,1,1551112107984,15993814,203
2019-02-26 23:27:55.621,10.0,sell,3794.61,BTC-28JUN19-4500-C,58.94,0.07,10.0,2,1551223675621,16043930,204
2019-02-26 23:28:09.658,10.0,sell,3794.91,BTC-28JUN19-4500-C,58.7,0.0695,10.0,2,1551223689658,16043936,205
2019-02-27 03:45:45.521,5.0,sell,3800.93,BTC-28JUN19-4500-C,58.44,0.0695,5.0,3,1551239145521,16048168,206
2019-02-27 15:01:14.913,10.0,sell,3802.79,BTC-28JUN19-4500-C,58.5,0.0695,10.0,3,1551279674913,16060939,207
2019-02-27 15:22:11.391,5.0,buy,3799.31,BTC-28JUN19-4500-C,59.17,0.0705,5.0,0,1551280931391,16061494,208
2019-02-27 15:49:41.030,10.0,sell,3798.06,BTC-28JUN19-4500-C,58.03,0.068,10.0,2,1551282581030,16062042,209
2019-02-27 16:15:16.152,1.0,buy,3798.1,BTC-28JUN19-4500-C,58.97,0.07,1.0,0,1551284116152,16062548,210
2019-02-27 19:12:41.724,2.2,buy,3798.25,BTC-28JUN19-4500-C,58.03,0.068,2.2,2,1551294761724,16064415,211
2019-02-28 08:39:24.141,3.0,buy,3813.07,BTC-28JUN19-4500-C,59.56,0.0725,3.0,0,1551343164141,16096089,212
2019-03-01 18:18:55.745,0.7000000000000001,sell,3832.01,BTC-28JUN19-4500-C,56.96,0.068,0.7000000000000001,2,1551464335745,16154837,213
2019-03-01 18:23:52.427,0.2,sell,3835.35,BTC-28JUN19-4500-C,57.11,0.0685,0.2,0,1551464632427,16155011,214
2019-03-01 19:05:00.496,0.5,sell,3834.64,BTC-28JUN19-4500-C,57.15,0.0685,0.5,1,1551467100496,16155346,215
2019-03-01 19:07:56.408,0.1,sell,3833.63,BTC-28JUN19-4500-C,56.93,0.068,0.1,2,1551467276408,16155363,216
2019-03-01 20:45:58.888,0.2,sell,3829.18,BTC-28JUN19-4500-C,57.11,0.068,0.2,3,1551473158888,16156036,217
2019-03-01 21:03:31.858,0.3,sell,3827.2,BTC-28JUN19-4500-C,57.06,0.068,0.3,3,1551474211858,16156159,218
2019-03-04 05:19:45.584,3.0,sell,3691.92,BTC-28JUN19-4500-C,58.05,0.0585,3.0,2,1551676785584,16216638,219
2019-03-04 05:22:36.151,0.2,buy,3713.93,BTC-28JUN19-4500-C,57.3,0.0585,0.2,3,1551676956151,16217433,220
2019-03-04 10:39:46.693,10.0,sell,3681.14,BTC-28JUN19-4500-C,57.17,0.0555,10.0,2,1551695986693,16230066,221
2019-03-08 08:08:51.067,5.0,sell,3868.76,BTC-28JUN19-4500-C,52.26,0.0585,5.0,0,1552032531067,16378227,222
2019-03-08 22:03:17.432,1.4,sell,3805.39,BTC-28JUN19-4500-C,55.6,0.0605,1.4,0,1552082597432,16398819,223
2019-03-08 22:03:21.577,3.5,sell,3794.13,BTC-28JUN19-4500-C,56.26,0.0605,3.5,1,1552082601577,16399010,224
2019-03-08 22:03:21.835,0.1,sell,3794.13,BTC-28JUN19-4500-C,56.26,0.0605,0.1,1,1552082601835,16399019,225
2019-03-08 22:03:32.777,0.8,sell,3789.61,BTC-28JUN19-4500-C,56.22,0.06,0.8,2,1552082612777,16399462,226
2019-03-08 22:03:36.865,4.2,sell,3781.67,BTC-28JUN19-4500-C,56.47,0.06,4.2,3,1552082616865,16399543,227
2019-03-10 20:52:16.003,1.0,sell,3895.29,BTC-28JUN19-4500-C,54.12,0.0625,1.0,0,1552251136003,16466385,228
2019-03-11 06:02:24.994,5.0,buy,3868.14,BTC-28JUN19-4500-C,56.24,0.0645,5.0,0,1552284144994,16477079,229
2019-03-11 06:02:32.702,5.0,sell,3869.81,BTC-28JUN19-4500-C,56.15,0.0645,5.0,1,1552284152702,16477115,230
2019-03-11 11:27:25.067,1.0,sell,3855.9,BTC-28JUN19-4500-C,55.38,0.062,1.0,2,1552303645067,16483485,231
2019-03-11 13:57:13.570,10.0,buy,3846.66,BTC-28JUN19-4500-C,56.15,0.063,10.0,0,1552312633570,16491427,232
2019-03-12 01:10:08.414,5.0,sell,3817.44,BTC-28JUN19-4500-C,55.67,0.0595,5.0,2,1552353008414,16502021,233
2019-03-13 10:48:47.366,5.0,sell,3833.53,BTC-28JUN19-4500-C,54.96,0.057999999999999996,5.0,2,1552474127366,16534488,234
2019-03-14 06:59:07.222,0.6,sell,3843.82,BTC-28JUN19-4500-C,54.87,0.057999999999999996,0.6,3,1552546747222,16550613,235
2019-03-15 01:00:59.266,5.8,buy,3864.05,BTC-28JUN19-4500-C,55.38,0.06,5.8,0,1552611659266,16575424,236
2019-03-15 02:09:54.232,1.0,sell,3862.47,BTC-28JUN19-4500-C,54.79,0.059000000000000004,1.0,2,1552615794232,16576831,237
2019-03-15 05:24:06.509,0.1,buy,3860.51,BTC-28JUN19-4500-C,56.05,0.0615,0.1,0,1552627446509,16578422,238
2019-03-15 13:20:35.330,7.7,buy,3884.69,BTC-28JUN19-4500-C,54.74,0.0605,7.7,2,1552656035330,16591436,239
2019-03-15 13:20:38.504,7.7,buy,3884.99,BTC-28JUN19-4500-C,54.73,0.0605,7.7,3,1552656038504,16591438,240
2019-03-15 19:24:47.241,0.1,buy,3901.82,BTC-28JUN19-4500-C,55.19,0.0625,0.1,0,1552677887241,16599748,241
2019-03-16 01:54:40.250,0.1,buy,3937.25,BTC-28JUN19-4500-C,54.55,0.0645,0.1,0,1552701280250,16607146,242
2019-03-16 04:51:27.966,0.1,buy,4016.16,BTC-28JUN19-4500-C,56.9,0.0745,0.1,0,1552711887966,16626579,243
2019-03-18 12:49:06.966,9.6,buy,3963.91,BTC-28JUN19-4500-C,54.02,0.0635,9.6,2,1552913346966,16689291,244
2019-03-18 12:49:06.966,5.3,buy,3963.91,BTC-28JUN19-4500-C,54.02,0.0635,5.3,3,1552913346966,16689292,245
2019-03-18 14:56:32.003,5.0,buy,3959.59,BTC-28JUN19-4500-C,53.46,0.062,5.0,2,1552920992003,16690841,246
2019-03-18 18:19:07.588,3.0,sell,3964.21,BTC-28JUN19-4500-C,52.21,0.06,3.0,2,1552933147588,16692518,247
2019-03-19 00:12:00.042,2.0,sell,3969.26,BTC-28JUN19-4500-C,51.86,0.0595,2.0,2,1552954320042,16695168,248
2019-03-19 00:25:05.829,2.0,sell,3973.92,BTC-28JUN19-4500-C,51.37,0.059000000000000004,2.0,2,1552955105829,16695357,249
2019-03-20 08:14:22.237,1.0,buy,3992.18,BTC-28JUN19-4500-C,51.62,0.06,1.0,0,1553069662237,16726872,250
2019-03-20 17:48:04.408,2.0,sell,3994.11,BTC-28JUN19-4500-C,51.86,0.0605,2.0,0,1553104084408,16737329,251
2019-03-20 17:59:00.631,3.0,buy,3996.35,BTC-28JUN19-4500-C,52.29,0.0615,3.0,0,1553104740631,16737508,252
2019-03-21 14:57:59.524,0.3,sell,3952.72,BTC-28JUN19-4500-C,53.35,0.059000000000000004,0.3,2,1553180279524,16761915,253
2019-03-21 19:12:59.812,4.5,buy,3967.93,BTC-28JUN19-4500-C,52.49,0.0585,4.5,2,1553195579812,16770590,254
2019-03-21 21:26:53.503,0.7000000000000001,buy,3979.42,BTC-28JUN19-4500-C,52.83,0.06,0.7000000000000001,0,1553203613503,16771415,255
2019-03-21 23:37:59.257,2.0,buy,3978.92,BTC-28JUN19-4500-C,52.9,0.06,2.0,1,1553211479257,16772530,256
2019-03-21 23:38:41.641,2.0,buy,3978.85,BTC-28JUN19-4500-C,53.15,0.0605,2.0,0,1553211521641,16772534,257
2019-03-22 18:07:00.628,3.0,buy,3997.33,BTC-28JUN19-4500-C,52.57,0.06,3.0,2,1553278020628,16780813,258
2019-03-22 21:01:50.300,5.0,buy,3977.27,BTC-28JUN19-4500-C,52.46,0.0585,5.0,2,1553288510300,16782304,259
2019-03-22 21:01:52.322,0.6,buy,3977.27,BTC-28JUN19-4500-C,52.46,0.0585,0.6,3,1553288512322,16782305,260
2019-03-24 00:12:55.871,0.1,sell,3977.18,BTC-28JUN19-4500-C,51.12,0.055999999999999994,0.1,2,1553386375871,16796612,261
2019-03-24 08:53:58.180,1.5,sell,3965.31,BTC-28JUN19-4500-C,51.23,0.055,1.5,2,1553417638180,16799610,262
2019-03-24 18:42:52.766,4.9,sell,3959.0,BTC-28JUN19-4500-C,51.09,0.0545,4.9,3,1553452972766,16802457,265
2019-03-24 18:42:52.766,0.5,sell,3959.0,BTC-28JUN19-4500-C,51.09,0.0545,0.5,2,1553452972766,16802455,263
2019-03-24 18:42:52.766,9.6,sell,3959.0,BTC-28JUN19-4500-C,51.09,0.0545,9.6,3,1553452972766,16802456,264
2019-03-24 19:24:49.944,3.0,sell,3959.71,BTC-28JUN19-4500-C,50.99,0.054000000000000006,3.0,2,1553455489944,16802957,266
2019-03-24 22:56:04.107,0.1,buy,3965.77,BTC-28JUN19-4500-C,53.0,0.0585,0.1,0,1553468164107,16805979,267
2019-03-25 03:08:11.316,0.1,sell,3975.07,BTC-28JUN19-4500-C,52.33,0.0575,0.1,2,1553483291316,16807701,268
2019-03-25 06:42:39.126,0.9,buy,3971.74,BTC-28JUN19-4500-C,52.21,0.057,0.9,2,1553496159126,16808574,269
2019-03-25 18:13:02.989,0.1,sell,3939.24,BTC-28JUN19-4500-C,52.03,0.0535,0.1,2,1553537582989,16816364,270
2019-03-25 18:24:45.818,0.2,sell,3933.02,BTC-28JUN19-4500-C,51.44,0.052000000000000005,0.2,2,1553538285818,16817281,271
2019-03-25 18:56:44.840,0.1,sell,3907.54,BTC-28JUN19-4500-C,51.54,0.0505,0.1,2,1553540204840,16819420,272
2019-03-25 20:01:25.973,0.1,buy,3899.86,BTC-28JUN19-4500-C,53.26,0.053,0.1,0,1553544085973,16826065,273
2019-03-25 20:01:25.973,3.9,buy,3899.86,BTC-28JUN19-4500-C,53.26,0.053,3.9,1,1553544085973,16826066,274
2019-03-25 20:01:42.063,1.0,buy,3900.06,BTC-28JUN19-4500-C,53.26,0.053,1.0,1,1553544102063,16826067,275
2019-03-25 23:40:41.083,2.0,buy,3905.45,BTC-28JUN19-4500-C,52.89,0.0525,2.0,2,1553557241083,16829913,276
2019-03-25 23:40:41.083,8.0,buy,3905.45,BTC-28JUN19-4500-C,53.16,0.053,8.0,0,1553557241083,16829914,277
2019-03-26 12:22:35.762,1.0,sell,3897.38,BTC-28JUN19-4500-C,51.66,0.049,1.0,2,1553602955762,16836158,278
2019-03-26 14:44:04.189,0.1,buy,3905.33,BTC-28JUN19-4500-C,53.02,0.052000000000000005,0.1,0,1553611444189,16838241,279
2019-03-27 06:53:20.201,1.0,buy,3983.84,BTC-28JUN19-4500-C,52.2,0.056,1.0,0,1553669600201,16854471,280
2019-03-27 07:09:32.356,1.0,sell,3982.98,BTC-28JUN19-4500-C,51.12,0.054000000000000006,1.0,2,1553670572356,16854585,281
2019-03-27 11:29:19.639,1.0,sell,4011.77,BTC-28JUN19-4500-C,50.42,0.055,1.0,0,1553686159639,16860641,282
2019-03-27 11:55:49.903,0.3,buy,4029.85,BTC-28JUN19-4500-C,50.51,0.0565,0.3,0,1553687749903,16861325,283
2019-03-28 04:41:33.809,0.1,sell,3998.65,BTC-28JUN19-4500-C,50.92,0.0545,0.1,2,1553748093809,16920115,284
2019-03-28 15:44:22.623,0.5,sell,4017.1,BTC-28JUN19-4500-C,51.06,0.056,0.5,0,1553787862623,16926273,285
2019-03-29 04:14:48.160,0.2,buy,4031.88,BTC-28JUN19-4500-C,52.64,0.06,0.2,0,1553832888160,16933280,286
2019-03-29 07:59:03.964,0.4,buy,4043.64,BTC-28JUN19-4500-C,52.38,0.06,0.4,1,1553846343964,16940155,287
2019-03-29 13:38:11.164,0.1,sell,4082.84,BTC-28JUN19-4500-C,49.94,0.0595,0.1,2,1553866691164,16958156,288
2019-03-29 20:18:44.586,0.2,buy,4075.46,BTC-28JUN19-4500-C,52.14,0.063,0.2,0,1553890724586,16961707,289
2019-03-29 20:18:44.586,4.8,buy,4075.46,BTC-28JUN19-4500-C,52.14,0.063,4.8,1,1553890724586,16961708,290
2019-03-30 00:20:40.322,0.5,sell,4094.65,BTC-28JUN19-4500-C,51.11,0.0625,0.5,2,1553905240322,16963553,291
2019-03-30 03:30:57.433,3.5,sell,4093.15,BTC-28JUN19-4500-C,51.27,0.0625,3.5,3,1553916657433,16968596,292
2019-03-30 14:40:19.211,6.0,buy,4073.04,BTC-28JUN19-4500-C,52.06,0.0625,6.0,3,1553956819211,16979813,293
2019-03-30 15:49:11.761,1.0,sell,4073.27,BTC-28JUN19-4500-C,51.41,0.061,1.0,2,1553960951761,16980434,294
2019-03-31 12:31:38.835,1.0,sell,4087.47,BTC-28JUN19-4500-C,49.88,0.0585,1.0,2,1554035498835,16988951,295
2019-04-01 16:27:20.001,1.0,buy,4141.55,BTC-28JUN19-4500-C,53.03,0.067,1.0,0,1554136040001,17008661,296
2019-04-02 02:05:50.746,2.0,buy,4164.87,BTC-28JUN19-4500-C,50.97,0.065,2.0,2,1554170750746,17015837,297
2019-04-02 04:36:54.604,0.3,buy,4387.46,BTC-28JUN19-4500-C,47.56,0.08,0.3,0,1554179814604,17026585,298
2019-04-02 04:37:00.418,4.0,buy,4390.14,BTC-28JUN19-4500-C,48.64,0.0825,4.0,0,1554179820418,17026696,299
2019-04-02 04:44:06.890,5.0,buy,4458.85,BTC-28JUN19-4500-C,49.79,0.09,5.0,0,1554180246890,17032916,300
2019-04-02 04:52:32.319,1.0,buy,4643.63,BTC-28JUN19-4500-C,49.1,0.107,1.0,0,1554180752319,17037735,301
2019-04-02 04:53:57.124,0.5,buy,4751.47,BTC-28JUN19-4500-C,50.68,0.125,0.5,0,1554180837124,17039328,302
2019-04-02 04:58:14.318,0.2,sell,4687.86,BTC-28JUN19-4500-C,43.17,0.1055,0.2,2,1554181094318,17043812,303
2019-04-02 04:58:42.911,1.0,sell,4671.59,BTC-28JUN19-4500-C,50.93,0.1175,1.0,0,1554181122911,17044194,304
2019-04-02 04:58:56.482,1.0,buy,4659.29,BTC-28JUN19-4500-C,49.59,0.113,1.0,2,1554181136482,17044381,305
2019-04-02 05:03:13.734,5.0,buy,4703.13,BTC-28JUN19-4500-C,48.45,0.1125,5.0,2,1554181393734,17046681,306
2019-04-02 05:05:47.200,5.0,sell,4717.03,BTC-28JUN19-4500-C,48.76,0.1145,5.0,0,1554181547200,17048393,307
2019-04-02 05:10:00.257,1.5,sell,4711.87,BTC-28JUN19-4500-C,54.62,0.125,1.5,0,1554181800257,17050371,308
2019-04-02 05:16:06.543,2.0,sell,4737.57,BTC-28JUN19-4500-C,47.08,0.1145,2.0,2,1554182166543,17052508,309
2019-04-02 05:23:19.346,0.6,sell,5066.14,BTC-28JUN19-4500-C,56.32,0.173,0.6,0,1554182599346,17061266,310
2019-04-02 05:58:58.677,0.5,sell,4732.44,BTC-28JUN19-4500-C,50.21,0.122,0.5,2,1554184738677,17075611,311
2019-04-02 05:58:58.698,2.5,buy,4732.44,BTC-28JUN19-4500-C,49.13,0.12,2.5,2,1554184738698,17075613,312
2019-04-02 06:10:08.879,4.0,buy,4713.38,BTC-28JUN19-4500-C,55.39,0.13,4.0,0,1554185408879,17079451,313
2019-04-02 06:10:08.879,0.5,buy,4713.38,BTC-28JUN19-4500-C,55.39,0.13,0.5,1,1554185408879,17079452,314
2019-04-02 06:22:10.732,0.5,sell,4704.07,BTC-28JUN19-4500-C,56.15,0.13,0.5,1,1554186130732,17083028,315
2019-04-02 06:23:15.579,10.0,sell,4686.17,BTC-28JUN19-4500-C,49.94,0.117,10.0,2,1554186195579,17083211,316
2019-04-02 06:29:38.856,0.1,sell,4710.42,BTC-28JUN19-4500-C,48.81,0.117,0.1,3,1554186578856,17084441,317
2019-04-02 07:13:00.241,10.0,buy,4715.41,BTC-28JUN19-4500-C,52.36,0.125,10.0,0,1554189180241,17090567,318
2019-04-02 08:15:39.482,15.9,sell,4710.97,BTC-28JUN19-4500-C,51.26,0.121,15.9,2,1554192939482,17094167,319
2019-04-02 13:23:26.415,10.0,buy,4798.23,BTC-28JUN19-4500-C,55.25,0.1375,10.0,0,1554211406415,17111627,320
2019-04-02 17:13:53.509,0.1,sell,4725.18,BTC-28JUN19-4500-C,54.91,0.13,0.1,2,1554225233509,17123636,321
2019-04-02 17:53:13.517,0.1,buy,4726.27,BTC-28JUN19-4500-C,57.52,0.135,0.1,0,1554227593517,17125829,322
2019-04-02 17:53:34.971,3.9,buy,4726.68,BTC-28JUN19-4500-C,59.8,0.139,3.9,0,1554227614971,17125849,323
2019-04-02 20:06:15.125,5.0,buy,4759.51,BTC-28JUN19-4500-C,58.22,0.1395,5.0,0,1554235575125,17128850,324
2019-04-02 20:06:15.125,1.0,buy,4759.51,BTC-28JUN19-4500-C,58.22,0.1395,1.0,1,1554235575125,17128851,325
2019-04-02 21:29:16.040,0.8,buy,4815.28,BTC-28JUN19-4500-C,59.37,0.1465,0.8,0,1554240556040,17138913,326
2019-04-02 23:17:42.417,0.2,buy,4890.84,BTC-28JUN19-4500-C,54.83,0.146,0.2,2,1554247062417,17144757,327
2019-04-03 00:25:53.747,5.0,buy,4966.69,BTC-28JUN19-4500-C,59.46,0.162,5.0,0,1554251153747,17156705,328
2019-04-03 02:41:30.843,10.0,sell,5030.86,BTC-28JUN19-4500-C,58.86,0.1685,10.0,0,1554259290843,17171380,329
2019-04-03 03:27:31.959,3.1,buy,5047.29,BTC-28JUN19-4500-C,59.32,0.17,3.1,0,1554262051959,17177518,330
2019-04-03 03:27:35.516,0.4,buy,5046.6,BTC-28JUN19-4500-C,59.38,0.17,0.4,1,1554262055516,17177524,331
2019-04-03 03:27:38.052,0.5,buy,5047.57,BTC-28JUN19-4500-C,59.35,0.17,0.5,1,1554262058052,17177525,332
2019-04-03 03:28:32.111,3.1,buy,5047.88,BTC-28JUN19-4500-C,59.17,0.17,3.1,1,1554262112111,17177596,333
2019-04-03 03:33:55.232,2.9,buy,5046.2,BTC-28JUN19-4500-C,59.31,0.17,2.9,1,1554262435232,17177846,334
2019-04-03 03:37:56.660,10.0,buy,5058.36,BTC-28JUN19-4500-C,58.51,0.17,10.0,1,1554262676660,17178117,335
2019-04-03 08:38:08.055,0.1,sell,4947.77,BTC-28JUN19-4500-C,57.57,0.1575,0.1,2,1554280688055,17192293,336
2019-04-03 16:09:52.596,0.2,buy,5130.49,BTC-28JUN19-4500-C,58.33,0.179,0.2,0,1554307792596,17207675,337
2019-04-03 16:10:10.730,0.5,buy,5135.44,BTC-28JUN19-4500-C,58.51,0.1795,0.5,0,1554307810730,17207891,338
2019-04-03 16:10:10.796,0.3,buy,5135.44,BTC-28JUN19-4500-C,58.51,0.1795,0.3,1,1554307810796,17207893,339
2019-04-03 16:10:10.875,0.1,buy,5135.44,BTC-28JUN19-4500-C,58.51,0.1795,0.1,1,1554307810875,17207896,340
2019-04-03 16:10:12.355,0.1,buy,5135.63,BTC-28JUN19-4500-C,58.52,0.1795,0.1,1,1554307812355,17207899,341
2019-04-03 16:10:15.287,4.9,buy,5137.2,BTC-28JUN19-4500-C,58.73,0.18,4.9,0,1554307815287,17207948,342
2019-04-03 16:19:26.400,9.1,buy,5124.06,BTC-28JUN19-4500-C,59.49,0.18,9.1,1,1554308366400,17210825,343
2019-04-03 16:58:40.968,0.3,buy,5127.63,BTC-28JUN19-4500-C,64.75,0.188,0.3,0,1554310720968,17214707,344
2019-04-03 17:03:56.829,0.7000000000000001,buy,5169.73,BTC-28JUN19-4500-C,61.8,0.188,0.7000000000000001,1,1554311036829,17215857,345
2019-04-03 17:23:56.292,5.0,buy,5120.67,BTC-28JUN19-4500-C,59.56,0.1785,5.0,2,1554312236292,17219585,346
2019-04-03 20:15:28.435,5.0,buy,5241.76,BTC-28JUN19-4500-C,63.74,0.199,5.0,0,1554322528435,17229947,347
2019-04-03 20:22:58.433,5.1000000000000005,buy,5277.13,BTC-28JUN19-4500-C,62.65,0.2,5.1000000000000005,0,1554322978433,17232563,348
2019-04-03 20:23:00.775,0.8,buy,5276.84,BTC-28JUN19-4500-C,62.56,0.2,0.8,1,1554322980775,17232588,349
2019-04-03 20:23:01.695,0.8,buy,5276.84,BTC-28JUN19-4500-C,62.56,0.2,0.8,1,1554322981695,17232596,350
2019-04-03 20:23:02.877,0.7000000000000001,buy,5277.26,BTC-28JUN19-4500-C,62.51,0.2,0.7000000000000001,1,1554322982877,17232618,351
2019-04-03 20:23:04.136,0.7000000000000001,buy,5282.52,BTC-28JUN19-4500-C,62.06,0.2,0.7000000000000001,1,1554322984136,17232626,352
2019-04-03 20:23:16.109,1.1,buy,5294.01,BTC-28JUN19-4500-C,61.58,0.2,1.1,1,1554322996109,17232766,353
2019-04-03 20:23:20.041,1.7,buy,5295.69,BTC-28JUN19-4500-C,61.39,0.2,1.7,1,1554323000041,17232846,354
2019-04-03 20:23:20.476,0.5,buy,5295.86,BTC-28JUN19-4500-C,61.21,0.2,0.5,1,1554323000476,17232864,355
2019-04-03 20:23:20.750,0.5,buy,5295.86,BTC-28JUN19-4500-C,61.21,0.2,0.5,1,1554323000750,17232874,356
2019-04-03 20:23:22.369,8.1,buy,5296.21,BTC-28JUN19-4500-C,61.15,0.2,8.1,1,1554323002369,17232893,357
2019-04-03 20:57:18.822,0.1,buy,5286.57,BTC-28JUN19-4500-C,65.74,0.2055,0.1,0,1554325038822,17237843,358
2019-04-03 20:57:19.002,0.1,sell,5286.57,BTC-28JUN19-4500-C,66.07,0.206,0.1,0,1554325039002,17237844,359
2019-04-03 21:08:25.258,0.5,buy,5284.7,BTC-28JUN19-4500-C,70.68,0.2125,0.5,0,1554325705258,17239748,360
2019-04-03 21:12:23.675,0.5,sell,5308.66,BTC-28JUN19-4500-C,72.52,0.2185,0.5,0,1554325943675,17240142,361
2019-04-03 21:22:24.799,0.3,sell,5293.42,BTC-28JUN19-4500-C,68.53,0.21,0.3,2,1554326544799,17240771,362
2019-04-05 05:07:51.539,1.0,buy,4976.17,BTC-28JUN19-4500-C,64.45,0.172,1.0,2,1554440871539,17349258,363
2019-04-05 15:09:56.746,3.0,buy,4986.15,BTC-28JUN19-4500-C,67.8,0.177,3.0,0,1554476996746,17369494,364
2019-04-06 17:42:18.954,0.2,sell,5163.23,BTC-28JUN19-4500-C,62.98,0.18899999999999997,0.2,0,1554572538954,17414621,365
2019-04-06 17:42:39.685,3.8,sell,5164.42,BTC-28JUN19-4500-C,62.66,0.1885,3.8,2,1554572559685,17414640,366
2019-04-08 02:58:32.492,0.1,sell,5294.89,BTC-28JUN19-4500-C,65.13,0.2075,0.1,0,1554692312492,17508923,367
2019-04-08 06:04:05.784,32.5,sell,5288.24,BTC-28JUN19-4500-C,67.21,0.209,32.5,0,1554703445784,17514743,368
2019-04-09 22:29:53.932,0.1,buy,5198.34,BTC-28JUN19-4500-C,63.2,0.19,0.1,2,1554848993932,17583403,369
2019-04-10 17:57:32.655,2.0,buy,5305.29,BTC-28JUN19-4500-C,63.78,0.202,2.0,0,1554919052655,17607860,370
2019-04-10 18:34:27.946,0.1,buy,5458.9,BTC-28JUN19-4500-C,60.18,0.215,0.1,0,1554921267946,17615318,371
2019-04-10 19:09:44.599,1.0,sell,5415.86,BTC-28JUN19-4500-C,62.15,0.211,1.0,2,1554923384599,17622961,372
2019-04-11 11:25:33.158,1.0,sell,5026.23,BTC-28JUN19-4500-C,64.68,0.172,1.0,2,1554981933158,17692433,373
2019-04-12 16:42:21.564,0.8,sell,5081.3,BTC-28JUN19-4500-C,56.12,0.163,0.8,2,1555087341564,17752236,374
2019-04-12 18:12:10.639,0.5,sell,5065.99,BTC-28JUN19-4500-C,56.09,0.1605,0.5,2,1555092730639,17757104,375
2019-04-14 22:05:43.698,0.1,sell,5105.69,BTC-28JUN19-4500-C,53.83,0.1585,0.1,2,1555279543698,17802174,376
2019-04-14 22:08:52.934,0.1,buy,5119.9,BTC-28JUN19-4500-C,57.26,0.1655,0.1,0,1555279732934,17802636,377
2019-04-14 23:10:18.777,4.0,buy,5169.93,BTC-28JUN19-4500-C,59.86,0.1745,4.0,0,1555283418777,17808878,378
2019-04-18 14:29:31.691,0.7000000000000001,buy,5238.56,BTC-28JUN19-4500-C,59.84,0.1835,0.7000000000000001,0,1555597771691,17923797,379
2019-04-23 04:25:59.866,0.4,buy,5638.55,BTC-28JUN19-4500-C,48.34,0.2145,0.4,0,1555993559866,18086132,380
2019-04-24 01:16:55.773,1.0,sell,5507.51,BTC-28JUN19-4500-C,61.11,0.21100000000000002,1.0,2,1556068615773,18135741,381
2019-04-24 07:48:37.371,1.0,sell,5460.29,BTC-28JUN19-4500-C,62.4,0.20600000000000002,1.0,2,1556092117371,18152871,382
2019-04-25 17:01:26.302,0.4,buy,5481.38,BTC-28JUN19-4500-C,57.36,0.2,0.4,2,1556211686302,18225354,383
2019-04-25 22:04:53.877,1.0,sell,5184.9,BTC-28JUN19-4500-C,65.07,0.172,1.0,2,1556229893877,18245558,384
2019-04-26 00:14:42.006,0.1,sell,5100.68,BTC-28JUN19-4500-C,67.46,0.17,0.1,2,1556237682006,18288616,385
2019-04-27 18:23:56.452,0.5,sell,5171.73,BTC-28JUN19-4500-C,57.68,0.1635,0.5,2,1556389436452,18368804,386
2019-04-27 18:25:41.211,3.0,sell,5170.8,BTC-28JUN19-4500-C,55.99,0.161,3.0,2,1556389541211,18368807,387
2019-04-27 18:57:47.182,0.5,buy,5172.57,BTC-28JUN19-4500-C,56.17,0.161,0.5,3,1556391467182,18369131,388
2019-04-27 19:00:16.610,0.5,buy,5174.47,BTC-28JUN19-4500-C,55.98,0.161,0.5,3,1556391616610,18369137,389
2019-04-27 19:01:57.006,0.3,buy,5173.46,BTC-28JUN19-4500-C,56.08,0.161,0.3,3,1556391717006,18369167,390
2019-04-27 19:04:31.366,0.5,buy,5174.1,BTC-28JUN19-4500-C,55.87,0.161,0.5,3,1556391871366,18369178,391
2019-04-27 19:05:47.496,0.5,buy,5174.09,BTC-28JUN19-4500-C,56.02,0.161,0.5,3,1556391947496,18369185,392
2019-04-27 19:09:09.382,0.5,buy,5173.15,BTC-28JUN19-4500-C,55.99,0.161,0.5,3,1556392149382,18369195,393
2019-04-27 19:11:17.100,0.5,buy,5177.35,BTC-28JUN19-4500-C,55.67,0.161,0.5,3,1556392277100,18369216,394
2019-04-27 19:13:26.660,0.5,buy,5179.13,BTC-28JUN19-4500-C,55.49,0.161,0.5,3,1556392406660,18369251,395
2019-04-27 19:14:35.937,0.5,buy,5179.0,BTC-28JUN19-4500-C,55.27,0.161,0.5,3,1556392475937,18369256,396
2019-04-27 19:19:50.151,0.2,buy,5204.37,BTC-28JUN19-4500-C,53.54,0.162,0.2,0,1556392790151,18369868,397
2019-04-27 19:27:36.358,0.4,buy,5193.72,BTC-28JUN19-4500-C,54.74,0.162,0.4,1,1556393256358,18370889,398
2019-04-27 19:29:45.260,0.5,buy,5197.73,BTC-28JUN19-4500-C,55.41,0.163,0.5,0,1556393385260,18370909,399
2019-04-27 19:34:17.014,0.4,buy,5208.24,BTC-28JUN19-4500-C,55.16,0.16399999999999998,0.4,0,1556393657014,18371125,400
2019-04-27 19:38:18.467,0.4,buy,5205.48,BTC-28JUN19-4500-C,55.51,0.16399999999999998,0.4,1,1556393898467,18371408,401
2019-04-27 19:39:19.078,0.1,buy,5203.84,BTC-28JUN19-4500-C,55.68,0.16399999999999998,0.1,1,1556393959078,18371421,402
2019-05-01 11:10:30.833,5.0,buy,5306.78,BTC-28JUN19-4500-C,62.04,0.1775,5.0,0,1556709030833,18504401,403
2019-05-01 15:04:38.329,5.0,buy,5283.49,BTC-28JUN19-4500-C,62.63,0.1765,5.0,2,1556723078329,18509140,404
2019-05-01 16:08:28.846,0.3,buy,5295.7,BTC-28JUN19-4500-C,62.67,0.1775,0.3,0,1556726908846,18509371,405
2019-05-01 16:08:28.846,4.7,buy,5295.7,BTC-28JUN19-4500-C,62.67,0.1775,4.7,1,1556726908846,18509372,406
2019-05-02 08:29:09.160,5.0,buy,5343.78,BTC-28JUN19-4500-C,62.56,0.182,5.0,0,1556785749160,18538143,407
2019-05-02 09:12:30.477,5.0,buy,5362.14,BTC-28JUN19-4500-C,63.18,0.185,5.0,0,1556788350477,18543146,408
2019-05-02 09:39:49.678,1.0,sell,5349.37,BTC-28JUN19-4500-C,62.67,0.183,1.0,2,1556789989678,18544703,409
2019-05-02 11:22:23.960,5.0,buy,5365.82,BTC-28JUN19-4500-C,61.64,0.1835,5.0,0,1556796143960,18546594,410
2019-05-02 14:18:14.299,5.0,buy,5366.18,BTC-28JUN19-4500-C,61.59,0.183,5.0,2,1556806694299,18552472,411
2019-05-02 20:30:44.578,5.0,buy,5393.48,BTC-28JUN19-4500-C,57.0,0.18,5.0,2,1556829044578,18569305,412
2019-05-03 00:06:30.831,5.0,buy,5373.8,BTC-28JUN19-4500-C,60.47,0.182,5.0,0,1556841990831,18577098,413
2019-05-03 09:42:45.374,0.1,buy,5755.38,BTC-28JUN19-4500-C,60.06,0.23,0.1,0,1556876565374,18648111,414
2019-05-04 02:56:37.428,0.1,buy,5753.79,BTC-28JUN19-4500-C,75.14,0.245,0.1,0,1556938597428,18740394,415
2019-05-04 06:24:28.652,3.0,buy,5710.78,BTC-28JUN19-4500-C,67.84,0.23199999999999998,3.0,2,1556951068652,18752510,416
2019-05-04 21:22:55.815,1.8,sell,5796.12,BTC-28JUN19-4500-C,60.24,0.235,1.8,0,1557004975815,18811049,417
2019-05-06 10:01:47.942,0.1,sell,5628.91,BTC-28JUN19-4500-C,69.71,0.22399999999999998,0.1,2,1557136907942,18946474,418
2019-05-06 21:36:32.951,1.0,sell,5684.49,BTC-28JUN19-4500-C,62.98,0.2245,1.0,0,1557178592951,18984138,419
2019-05-07 23:57:25.247,0.1,sell,5765.37,BTC-28JUN19-4500-C,62.48,0.2315,0.1,0,1557273445247,19099990,420
2019-05-07 23:57:25.508,0.1,sell,5765.37,BTC-28JUN19-4500-C,62.48,0.2315,0.1,1,1557273445508,19100035,421
2019-05-09 17:06:22.707,3.0,buy,6040.43,BTC-28JUN19-4500-C,74.06,0.265,3.0,0,1557421582707,19255056,422
2019-05-10 08:20:18.659,4.0,buy,6294.71,BTC-28JUN19-4500-C,91.71,0.3,4.0,0,1557476418659,19340496,423
2019-05-10 12:41:23.930,10.0,sell,6278.89,BTC-28JUN19-4500-C,80.44,0.29,10.0,2,1557492083930,19356088,424
2019-05-11 06:12:01.514,1.0,buy,6859.12,BTC-28JUN19-4500-C,73.15,0.342,1.0,0,1557555121514,19484030,425
2019-05-11 06:12:13.201,16.0,buy,6868.71,BTC-28JUN19-4500-C,71.23,0.3425,16.0,0,1557555133201,19484504,426
2019-05-11 13:11:00.108,0.2,buy,6801.13,BTC-28JUN19-4500-C,84.31,0.345,0.2,0,1557580260108,19566844,427
2019-05-11 15:27:46.603,1.0,buy,6872.02,BTC-28JUN19-4500-C,80.16,0.35,1.0,0,1557588466603,19580493,428
2019-05-11 22:20:35.739,0.1,buy,7146.49,BTC-28JUN19-4500-C,78.1,0.375,0.1,0,1557613235739,19662341,429
2019-05-11 22:34:35.066,0.2,buy,7327.72,BTC-28JUN19-4500-C,136.15,0.42,0.2,0,1557614075066,19673420,430
2019-05-11 23:45:16.809,1.6,buy,7354.47,BTC-28JUN19-4500-C,79.05,0.39,1.6,2,1557618316809,19721612,431
2019-05-11 23:45:48.450,0.2,buy,7345.03,BTC-28JUN19-4500-C,83.01,0.39,0.2,3,1557618348450,19721766,432
2019-05-12 09:47:39.379,1.0,buy,7397.34,BTC-28JUN19-4500-C,103.56,0.4,1.0,0,1557654459379,19886218,433
