date_utc,amount,direction,indexPrice,instrument,iv,price,quantity,tickDirection,timeStamp,tradeId,tradeSeq
2019-02-14 08:40:23.009,1.0,sell,3567.96,BTC-28JUN19-4500-C,55.98,0.0525,1.0,2,1550133623009,15359123,154
2019-02-15 20:00:55.748,5.7,buy,3564.92,BTC-28JUN19-4500-C,56.63,0.0535,5.7,0,1550260855748,15401902,155
2019-02-16 05:58:30.232,0.3,sell,3585.59,BTC-28JUN19-4500-C,55.97,0.0535,0.3,1,1550296710232,15409558,156
2019-02-16 12:06:26.518,0.5,buy,3591.09,BTC-28JUN19-4500-C,57.04,0.0565,0.5,0,1550318786518,15412291,157
2019-02-16 12:06:26.518,0.5,buy,3591.09,BTC-28JUN19-4500-C,57.04,0.0565,0.5,1,1550318786518,15412292,158
2019-02-16 23:11:25.810,3.3000000000000003,buy,3591.88,BTC-28JUN19-4500-C,56.91,0.055999999999999994,3.3000000000000003,2,1550358685810,15423821,159
2019-02-18 12:37:58.337,10.0,sell,3717.82,BTC-28JUN19-4500-C,56.6,0.064,10.0,0,1550493478337,15516603,160
2019-02-18 12:51:57.460,10.0,sell,3715.2,BTC-28JUN19-4500-C,56.84,0.0645,10.0,0,1550494317460,15517905,161
2019-02-18 12:54:27.338,1.0,sell,3727.96,BTC-28JUN19-4500-C,56.9,0.0655,1.0,0,1550494467338,15518291,162
2019-02-18 12:54:33.397,10.0,sell,3724.11,BTC-28JUN19-4500-C,57.01,0.0655,10.0,1,1550494473397,15518316,163
2019-02-18 16:37:42.004,2.0,buy,3890.72,BTC-28JUN19-4500-C,55.46,0.076,2.0,0,1550507862004,15558381,164
2019-02-18 17:09:36.322,1.0,sell,3852.88,BTC-28JUN19-4500-C,55.63,0.0735,1.0,2,1550509776322,15567715,165
2019-02-18 19:22:05.592,6.3,sell,3873.98,BTC-28JUN19-4500-C,56.13,0.0765,6.3,0,1550517725592,15575640,166
2019-02-18 19:22:34.239,6.3,sell,3873.77,BTC-28JUN19-4500-C,56.16,0.0765,6.3,1,1550517754239,15575707,167
2019-02-18 19:46:11.870,6.2,sell,3874.93,BTC-28JUN19-4500-C,56.34,0.077,6.2,0,1550519171870,15576795,168
2019-02-19 00:39:33.161,2.0,buy,3930.46,BTC-28JUN19-4500-C,58.13,0.086,2.0,0,1550536773161,15593083,169
2019-02-19 19:44:49.712,0.1,sell,3942.28,BTC-28JUN19-4500-C,59.66,0.0895,0.1,0,1550605489712,15660199,170
2019-02-20 12:37:14.578,0.8,buy,3936.42,BTC-28JUN19-4500-C,57.7,0.085,0.8,2,1550666234578,15692084,171
2019-02-20 19:16:31.177,0.2,buy,3915.73,BTC-28JUN19-4500-C,58.86,0.085,0.2,3,1550690191177,15708802,172
2019-02-20 19:16:31.177,5.0,buy,3915.73,BTC-28JUN19-4500-C,58.86,0.085,5.0,3,1550690191177,15708803,173
2019-02-20 19:58:15.999,1.0,buy,3924.0,BTC-28JUN19-4500-C,58.9,0.086,1.0,0,1550692695999,15709491,174
2019-02-20 19:58:15.999,5.0,buy,3924.0,BTC-28JUN19-4500-C,58.9,0.086,5.0,1,1550692695999,15709492,175
2019-02-20 19:58:22.007,6.0,buy,3924.21,BTC-28JUN19-4500-C,55.84,0.079,6.0,2,1550692702007,15709521,176
2019-02-21 11:14:49.588,1.0,sell,3883.96,BTC-28JUN19-4500-C,58.2,0.0815,1.0,0,1550747689588,15739639,177
2019-02-21 12:11:51.959,5.0,buy,3893.23,BTC-28JUN19-4500-C,58.43,0.083,5.0,0,1550751111959,15742182,179
2019-02-21 12:11:51.959,4.0,buy,3893.23,BTC-28JUN19-4500-C,58.21,0.0825,4.0,0,1550751111959,15742181,178
2019-02-21 12:11:51.959,1.0,buy,3893.23,BTC-28JUN19-4500-C,59.09,0.0845,1.0,0,1550751111959,15742183,180
2019-02-21 12:35:57.448,6.0,sell,3897.06,BTC-28JUN19-4500-C,57.17,0.0805,6.0,2,1550752557448,15742833,181
2019-02-21 15:22:34.251,4.0,sell,3892.49,BTC-28JUN19-4500-C,56.37,0.078,4.0,2,1550762554251,15745768,182
2019-02-21 18:29:37.002,1.0,sell,3891.1,BTC-28JUN19-4500-C,56.17,0.077,1.0,2,1550773777002,15748006,183
2019-02-22 07:01:03.404,5.9,buy,3911.34,BTC-28JUN19-4500-C,57.49,0.081,5.9,0,1550818863404,15757495,184
2019-02-22 07:11:52.596,0.1,sell,3892.83,BTC-28JUN19-4500-C,57.44,0.0795,0.1,2,1550819512596,15758057,185
2019-02-22 15:50:32.055,1.0,buy,3921.75,BTC-28JUN19-4500-C,58.8,0.085,1.0,0,1550850632055,15782241,186
2019-02-23 11:29:29.552,1.0,buy,3940.14,BTC-28JUN19-4500-C,60.61,0.08900000000000001,1.0,0,1550921369552,15800993,187
2019-02-23 12:18:49.218,2.0,sell,3932.64,BTC-28JUN19-4500-C,60.67,0.08900000000000001,2.0,1,1550924329218,15802342,188
2019-02-23 12:19:37.072,3.9,buy,3931.49,BTC-28JUN19-4500-C,60.81,0.08900000000000001,3.9,1,1550924377072,15802397,189
2019-02-23 12:19:37.235,1.5,sell,3931.49,BTC-28JUN19-4500-C,60.81,0.089,1.5,1,1550924377235,15802398,190
2019-02-23 13:09:34.479,3.0,sell,3936.15,BTC-28JUN19-4500-C,60.81,0.09,3.0,0,1550927374479,15802997,191
2019-02-23 13:19:41.317,3.6,buy,3935.53,BTC-28JUN19-4500-C,60.89,0.09,3.6,1,1550927981317,15803072,192
