date_utc,amount,direction,indexPrice,instrument,iv,price,quantity,tickDirection,timeStamp,tradeId,tradeSeq
2019-02-14 08:40:23.009,1.0,sell,3567.96,BTC-28JUN19-4500-C,55.98,0.0525,1.0,2,1550133623009,15359123,154
2019-02-15 20:00:55.748,5.7,buy,3564.92,BTC-28JUN19-4500-C,56.63,0.0535,5.7,0,1550260855748,15401902,155
2019-02-16 05:58:30.232,0.3,sell,3585.59,BTC-28JUN19-4500-C,55.97,0.0535,0.3,1,1550296710232,15409558,156
2019-02-16 12:06:26.518,0.5,buy,3591.09,BTC-28JUN19-4500-C,57.04,0.0565,0.5,0,1550318786518,15412291,157
2019-02-16 12:06:26.518,0.5,buy,3591.09,BTC-28JUN19-4500-C,57.04,0.0565,0.5,1,1550318786518,15412292,158
2019-02-16 23:11:25.810,3.3000000000000003,buy,3591.88,BTC-28JUN19-4500-C,56.91,0.056,3.3000000000000003,2,1550358685810,15423821,159
2019-02-18 12:37:58.337,10.0,sell,3717.82,BTC-28JUN19-4500-C,56.6,0.064,10.0,0,1550493478337,15516603,160
2019-02-18 12:51:57.460,10.0,sell,3715.2,BTC-28JUN19-4500-C,56.84,0.0645,10.0,0,1550494317460,15517905,161
2019-02-18 12:54:27.338,1.0,sell,3727.96,BTC-28JUN19-4500-C,56.9,0.0655,1.0,0,1550494467338,15518291,162
2019-02-18 12:54:33.397,10.0,sell,3724.11,BTC-28JUN19-4500-C,57.01,0.0655,10.0,1,1550494473397,15518316,163
2019-02-18 16:37:42.004,2.0,buy,3890.72,BTC-28JUN19-4500-C,55.46,0.076,2.0,0,1550507862004,15558381,164
2019-02-18 17:09:36.322,1.0,sell,3852.88,BTC-28JUN19-4500-C,55.63,0.0735,1.0,2,1550509776322,15567715,165
2019-02-18 19:22:05.592,6.3,sell,3873.98,BTC-28JUN19-4500-C,56.13,0.0765,6.3,0,1550517725592,15575640,166
2019-02-18 19:22:34.239,6.3,sell,3873.77,BTC-28JUN19-4500-C,56.16,0.0765,6.3,1,1550517754239,15575707,167
2019-02-18 19:46:11.870,6.2,sell,3874.93,BTC-28JUN19-4500-C,56.34,0.077,6.2,0,1550519171870,15576795,168
2019-02-19 00:39:33.161,2.0,buy,3930.46,BTC-28JUN19-4500-C,58.13,0.086,2.0,0,1550536773161,15593083,169
2019-02-19 19:44:49.712,0.1,sell,3942.28,BTC-28JUN19-4500-C,59.66,0.0895,0.1,0,1550605489712,15660199,170
2019-02-20 12:37:14.578,0.8,buy,3936.42,BTC-28JUN19-4500-C,57.7,0.085,0.8,2,1550666234578,15692084,171
2019-02-20 19:16:31.177,0.2,buy,3915.73,BTC-28JUN19-4500-C,58.86,0.085,0.2,3,1550690191177,15708802,172
2019-02-20 19:16:31.177,5.0,buy,3915.73,BTC-28JUN19-4500-C,58.86,0.085,5.0,3,1550690191177,15708803,173
2019-02-20 19:58:15.999,1.0,buy,3924.0,BTC-28JUN19-4500-C,58.9,0.086,1.0,0,1550692695999,15709491,174
2019-02-20 19:58:15.999,5.0,buy,3924.0,BTC-28JUN19-4500-C,58.9,0.086,5.0,1,1550692695999,15709492,175
2019-02-20 19:58:22.007,6.0,buy,3924.21,BTC-28JUN19-4500-C,55.84,0.079,6.0,2,1550692702007,15709521,176
2019-02-21 11:14:49.588,1.0,sell,3883.96,BTC-28JUN19-4500-C,58.2,0.0815,1.0,0,1550747689588,15739639,177
2019-02-21 12:11:51.959,4.0,buy,3893.23,BTC-28JUN19-4500-C,58.21,0.0825,4.0,0,1550751111959,15742181,178
2019-02-21 12:11:51.959,5.0,buy,3893.23,BTC-28JUN19-4500-C,58.43,0.083,5.0,0,1550751111959,15742182,179
2019-02-21 12:11:51.959,1.0,buy,3893.23,BTC-28JUN19-4500-C,59.09,0.0845,1.0,0,1550751111959,15742183,180
2019-02-21 12:35:57.448,6.0,sell,3897.06,BTC-28JUN19-4500-C,57.17,0.0805,6.0,2,1550752557448,15742833,181
2019-02-21 15:22:34.251,4.0,sell,3892.49,BTC-28JUN19-4500-C,56.37,0.078,4.0,2,1550762554251,15745768,182
2019-02-21 18:29:37.002,1.0,sell,3891.1,BTC-28JUN19-4500-C,56.17,0.077,1.0,2,1550773777002,15748006,183
2019-02-22 07:01:03.404,5.9,buy,3911.34,BTC-28JUN19-4500-C,57.49,0.081,5.9,0,1550818863404,15757495,184
2019-02-22 07:11:52.596,0.1,sell,3892.83,BTC-28JUN19-4500-C,57.44,0.0795,0.1,2,1550819512596,15758057,185
2019-02-22 15:50:32.055,1.0,buy,3921.75,BTC-28JUN19-4500-C,58.8,0.085,1.0,0,1550850632055,15782241,186
2019-02-23 11:29:29.552,1.0,buy,3940.14,BTC-28JUN19-4500-C,60.61,0.08900000000000001,1.0,0,1550921369552,15800993,187
2019-02-23 12:18:49.218,2.0,sell,3932.64,BTC-28JUN19-4500-C,60.67,0.08900000000000001,2.0,1,1550924329218,15802342,188
2019-02-23 12:19:37.072,3.9,buy,3931.49,BTC-28JUN19-4500-C,60.81,0.08900000000000001,3.9,1,1550924377072,15802397,189
2019-02-23 12:19:37.235,1.5,sell,3931.49,BTC-28JUN19-4500-C,60.81,0.08900000000000001,1.5,1,1550924377235,15802398,190
2019-02-23 13:09:34.479,3.0,sell,3936.15,BTC-28JUN19-4500-C,60.81,0.09,3.0,0,1550927374479,15802997,191
2019-02-23 13:19:41.317,3.6,buy,3935.53,BTC-28JUN19-4500-C,60.89,0.09,3.6,1,1550927981317,15803072,192
2019-02-24 14:11:48.440,2.0,sell,3965.93,BTC-28JUN19-4500-C,58.51,0.085,2.0,2,1551017508440,15892475,193
2019-02-25 02:56:49.181,7.1000000000000005,sell,3773.01,BTC-28JUN19-4500-C,60.44,0.0725,7.1000000000000005,2,1551063409181,15971919,194
2019-02-25 02:56:54.820,2.9,buy,3772.91,BTC-28JUN19-4500-C,60.45,0.0725,2.9,3,1551063414820,15971933,195
2019-02-25 02:57:49.835,7.1000000000000005,buy,3772.67,BTC-28JUN19-4500-C,60.7,0.073,7.1000000000000005,0,1551063469835,15971951,196
2019-02-25 02:58:17.185,2.9,buy,3772.61,BTC-28JUN19-4500-C,60.69,0.073,2.9,1,1551063497185,15971958,197
2019-02-25 02:58:33.818,7.1000000000000005,buy,3773.18,BTC-28JUN19-4500-C,60.89,0.0735,7.1000000000000005,0,1551063513818,15971979,198
2019-02-25 03:46:15.379,0.9,buy,3778.18,BTC-28JUN19-4500-C,60.96,0.07400000000000001,0.9,0,1551066375379,15973800,199
2019-02-25 03:58:18.661,0.4,buy,3776.93,BTC-28JUN19-4500-C,61.06,0.07400000000000001,0.4,1,1551067098661,15973920,200
2019-02-25 10:22:31.588,5.0,buy,3746.76,BTC-28JUN19-4500-C,60.89,0.071,5.0,2,1551090151588,15983172,201
2019-02-25 15:56:30.662,1.0,buy,3790.81,BTC-28JUN19-4500-C,60.44,0.07400000000000001,1.0,0,1551110190662,15991679,202
2019-02-25 16:28:27.984,0.7000000000000001,buy,3808.86,BTC-28JUN19-4500-C,59.62,0.07400000000000001,0.7000000000000001,1,1551112107984,15993814,203
2019-02-26 23:27:55.621,10.0,sell,3794.61,BTC-28JUN19-4500-C,58.94,0.07,10.0,2,1551223675621,16043930,204
2019-02-26 23:28:09.658,10.0,sell,3794.91,BTC-28JUN19-4500-C,58.7,0.0695,10.0,2,1551223689658,16043936,205
2019-02-27 03:45:45.521,5.0,sell,3800.93,BTC-28JUN19-4500-C,58.44,0.0695,5.0,3,1551239145521,16048168,206
2019-02-27 15:01:14.913,10.0,sell,3802.79,BTC-28JUN19-4500-C,58.5,0.0695,10.0,3,1551279674913,16060939,207
2019-02-27 15:22:11.391,5.0,buy,3799.31,BTC-28JUN19-4500-C,59.17,0.0705,5.0,0,1551280931391,16061494,208
2019-02-27 15:49:41.030,10.0,sell,3798.06,BTC-28JUN19-4500-C,58.03,0.068,10.0,2,1551282581030,16062042,209
2019-02-27 16:15:16.152,1.0,buy,3798.1,BTC-28JUN19-4500-C,58.97,0.07,1.0,0,1551284116152,16062548,210
2019-02-27 19:12:41.724,2.2,buy,3798.25,BTC-28JUN19-4500-C,58.03,0.068,2.2,2,1551294761724,16064415,211
2019-02-28 08:39:24.141,3.0,buy,3813.07,BTC-28JUN19-4500-C,59.56,0.0725,3.0,0,1551343164141,16096089,212
2019-03-01 18:18:55.745,0.7000000000000001,sell,3832.01,BTC-28JUN19-4500-C,56.96,0.068,0.7000000000000001,2,1551464335745,16154837,213
2019-03-01 18:23:52.427,0.2,sell,3835.35,BTC-28JUN19-4500-C,57.11,0.0685,0.2,0,1551464632427,16155011,214
2019-03-01 19:05:00.496,0.5,sell,3834.64,BTC-28JUN19-4500-C,57.15,0.0685,0.5,1,1551467100496,16155346,215
2019-03-01 19:07:56.408,0.1,sell,3833.63,BTC-28JUN19-4500-C,56.93,0.068,0.1,2,1551467276408,16155363,216
2019-03-01 20:45:58.888,0.2,sell,3829.18,BTC-28JUN19-4500-C,57.11,0.068,0.2,3,1551473158888,16156036,217
2019-03-01 21:03:31.858,0.3,sell,3827.2,BTC-28JUN19-4500-C,57.06,0.068,0.3,3,1551474211858,16156159,218
2019-03-04 05:19:45.584,3.0,sell,3691.92,BTC-28JUN19-4500-C,58.05,0.0585,3.0,2,1551676785584,16216638,219
2019-03-04 05:22:36.151,0.2,buy,3713.93,BTC-28JUN19-4500-C,57.3,0.0585,0.2,3,1551676956151,16217433,220
2019-03-04 10:39:46.693,10.0,sell,3681.14,BTC-28JUN19-4500-C,57.17,0.0555,10.0,2,1551695986693,16230066,221
2019-03-08 08:08:51.067,5.0,sell,3868.76,BTC-28JUN19-4500-C,52.26,0.0585,5.0,0,1552032531067,16378227,222
2019-03-08 22:03:17.432,1.4,sell,3805.39,BTC-28JUN19-4500-C,55.6,0.0605,1.4,0,1552082597432,16398819,223
2019-03-08 22:03:21.577,3.5,sell,3794.13,BTC-28JUN19-4500-C,56.26,0.0605,3.5,1,1552082601577,16399010,224
2019-03-08 22:03:21.835,0.1,sell,3794.13,BTC-28JUN19-4500-C,56.26,0.0605,0.1,1,1552082601835,16399019,225
2019-03-08 22:03:32.777,0.8,sell,3789.61,BTC-28JUN19-4500-C,56.22,0.06,0.8,2,1552082612777,16399462,226
2019-03-08 22:03:36.865,4.2,sell,3781.67,BTC-28JUN19-4500-C,56.47,0.06,4.2,3,1552082616865,16399543,227
2019-03-10 20:52:16.003,1.0,sell,3895.29,BTC-28JUN19-4500-C,54.12,0.0625,1.0,0,1552251136003,16466385,228
2019-03-11 06:02:24.994,5.0,buy,3868.14,BTC-28JUN19-4500-C,56.24,0.0645,5.0,0,1552284144994,16477079,229
2019-03-11 06:02:32.702,5.0,sell,3869.81,BTC-28JUN19-4500-C,56.15,0.0645,5.0,1,1552284152702,16477115,230
2019-03-11 11:27:25.067,1.0,sell,3855.9,BTC-28JUN19-4500-C,55.38,0.062,1.0,2,1552303645067,16483485,231
2019-03-11 13:57:13.570,10.0,buy,3846.66,BTC-28JUN19-4500-C,56.15,0.063,10.0,0,1552312633570,16491427,232
2019-03-12 01:10:08.414,5.0,sell,3817.44,BTC-28JUN19-4500-C,55.67,0.0595,5.0,2,1552353008414,16502021,233
2019-03-13 10:48:47.366,5.0,sell,3833.53,BTC-28JUN19-4500-C,54.96,0.057999999999999996,5.0,2,1552474127366,16534488,234
2019-03-14 06:59:07.222,0.6,sell,3843.82,BTC-28JUN19-4500-C,54.87,0.058,0.6,3,1552546747222,16550613,235
