date_utc,amount,direction,indexPrice,instrument,iv,price,quantity,tickDirection,timeStamp,tradeId,tradeSeq
2019-05-13 17:19:34.456,0.3,buy,7933.0,BTC-17MAY19-9250-C,138.96,0.01,0.3,1,1557767974456,20276852,1
2019-05-13 17:39:50.070,20.0,sell,7805.55,BTC-17MAY19-9250-C,126.16,0.0055,20.0,2,1557769190070,20284315,2
2019-05-13 20:37:10.126,1.3,buy,7885.03,BTC-17MAY19-9250-C,130.98,0.006999999999999999,1.3,0,1557779830126,20307976,3
2019-05-13 20:50:45.965,2.0,sell,7892.18,BTC-17MAY19-9250-C,130.64,0.006999999999999999,2.0,1,1557780645965,20308895,4
2019-05-13 20:51:07.947,0.8,sell,7894.21,BTC-17MAY19-9250-C,130.49,0.006999999999999999,0.8,1,1557780667947,20308906,5
2019-05-13 21:02:40.901,0.3,sell,7878.2,BTC-17MAY19-9250-C,123.58,0.0055,0.3,2,1557781360901,20309903,6
2019-05-13 21:07:01.558,0.3,buy,7912.81,BTC-17MAY19-9250-C,136.76,0.0085,0.3,0,1557781621558,20310433,7
2019-05-13 21:21:38.024,1.8,buy,7937.47,BTC-17MAY19-9250-C,135.1,0.0085,1.8,1,1557782498024,20315846,8
2019-05-13 21:22:56.282,3.1,sell,7942.68,BTC-17MAY19-9250-C,127.35,0.006999999999999999,3.1,2,1557782576282,20315975,9
2019-05-13 21:25:54.520,2.1,buy,8036.56,BTC-17MAY19-9250-C,122.93,0.0075,2.1,0,1557782754520,20317843,10
2019-05-13 21:36:44.402,1.6,sell,8071.44,BTC-17MAY19-9250-C,122.82,0.008,1.6,0,1557783404402,20325164,11
2019-05-13 21:37:22.149,5.3,buy,8108.29,BTC-17MAY19-9250-C,120.03,0.008,5.3,1,1557783442149,20325613,12
2019-05-13 23:17:33.873,1.0,buy,7718.35,BTC-17MAY19-9250-C,142.66,0.0065,1.0,2,1557789453873,20359943,13
2019-05-13 23:57:43.345,0.3,sell,7834.52,BTC-17MAY19-9250-C,131.89,0.006,0.3,2,1557791863345,20370566,14
2019-05-14 01:48:02.410,1.3,buy,7964.45,BTC-17MAY19-9250-C,123.86,0.006,1.3,3,1557798482410,20392834,15
2019-05-14 03:00:08.030,0.7000000000000001,sell,7913.0,BTC-17MAY19-9250-C,122.68,0.005,0.7000000000000001,2,1557802808030,20404890,16
2019-05-14 05:55:32.008,1.0,sell,7993.78,BTC-17MAY19-9250-C,122.15,0.0055,1.0,0,1557813332008,20430870,17
2019-05-14 07:14:50.206,1.0,sell,8108.71,BTC-17MAY19-9250-C,117.35,0.006,1.0,0,1557818090206,20443751,18
2019-05-14 07:57:13.065,1.0,buy,8298.81,BTC-17MAY19-9250-C,127.87,0.0115,1.0,0,1557820633065,20458691,19
2019-05-14 10:16:11.912,0.1,sell,7951.52,BTC-17MAY19-9250-C,129.14,0.0055,0.1,2,1557828971912,20498490,20
2019-05-14 10:16:16.400,0.4,buy,7962.48,BTC-17MAY19-9250-C,128.3,0.0055,0.4,3,1557828976400,20498534,21
2019-05-14 13:32:25.035,1.2,sell,8137.64,BTC-17MAY19-9250-C,123.24,0.0065,1.2,0,1557840745035,20522464,22
2019-05-14 14:32:52.632,0.1,sell,8089.1,BTC-17MAY19-9250-C,122.33,0.0055,0.1,2,1557844372632,20529973,23
2019-05-14 15:50:43.860,0.1,buy,8004.14,BTC-17MAY19-9250-C,127.19,0.005,0.1,2,1557849043860,20542306,24
2019-05-14 17:15:07.474,0.1,buy,8052.49,BTC-17MAY19-9250-C,142.36,0.008,0.1,0,1557854107474,20562986,25
2019-05-14 17:16:00.611,0.1,buy,8024.42,BTC-17MAY19-9250-C,142.07,0.0075,0.1,2,1557854160611,20563340,26
2019-05-14 17:56:34.330,0.1,buy,8018.43,BTC-17MAY19-9250-C,137.59,0.0065,0.1,2,1557856594330,20570539,27
2019-05-14 17:56:48.916,0.2,buy,8024.7,BTC-17MAY19-9250-C,137.07,0.0065,0.2,3,1557856608916,20570571,28
2019-05-14 17:56:55.693,0.2,sell,8020.17,BTC-17MAY19-9250-C,128.03,0.005,0.2,2,1557856615693,20570596,29
2019-05-14 17:57:33.566,0.2,sell,8027.64,BTC-17MAY19-9250-C,127.44,0.005,0.2,3,1557856653566,20570650,30
2019-05-14 19:42:03.189,1.0,sell,7746.67,BTC-17MAY19-9250-C,118.26,0.0015,1.0,2,1557862923189,20600569,31
2019-05-14 19:43:54.516,1.0,buy,7717.29,BTC-17MAY19-9250-C,126.91,0.002,1.0,0,1557863034516,20600908,32
2019-05-14 22:13:22.230,1.0,buy,7870.65,BTC-17MAY19-9250-C,118.36,0.002,1.0,1,1557872002230,20625696,33
2019-05-15 08:16:48.381,1.0,buy,7949.91,BTC-17MAY19-9250-C,123.86,0.002,1.0,1,1557908208381,20682426,34
2019-05-15 12:11:33.535,2.3000000000000003,buy,7930.3,BTC-17MAY19-9250-C,142.6,0.003,2.3000000000000003,0,1557922293535,20707010,35
2019-05-15 13:14:35.231,0.7000000000000001,buy,7919.64,BTC-17MAY19-9250-C,155.23,0.004,0.7000000000000001,0,1557926075231,20716806,36
2019-05-15 19:47:34.576,0.6,sell,8159.84,BTC-17MAY19-9250-C,134.33,0.003,0.6,2,1557949654576,20769308,37
2019-05-15 20:31:40.198,0.2,sell,8182.6,BTC-17MAY19-9250-C,133.44,0.003,0.2,3,1557952300198,20776464,38
2019-05-15 20:31:40.295,0.2,sell,8182.6,BTC-17MAY19-9250-C,127.94,0.0025,0.2,2,1557952300295,20776466,39
2019-05-15 22:35:28.272,0.1,buy,8180.13,BTC-17MAY19-9250-C,142.95,0.0035,0.1,0,1557959728272,20789274,40
2019-05-16 13:34:54.737,1.0,buy,7855.71,BTC-17MAY19-9250-C,186.59,0.001,1.0,2,1558013694737,20931415,41
2019-05-16 13:34:54.737,10.0,buy,7855.71,BTC-17MAY19-9250-C,186.59,0.001,10.0,3,1558013694737,20931416,42
2019-05-16 13:35:40.082,4.7,buy,7861.0,BTC-17MAY19-9250-C,186.05,0.001,4.7,3,1558013740082,20931432,43
2019-05-16 22:13:13.437,1.0,buy,7911.7,BTC-17MAY19-9250-C,265.26,0.0015,1.0,0,1558044793437,20993643,44
2019-05-16 22:13:13.437,2.1,buy,7911.7,BTC-17MAY19-9250-C,265.26,0.0015,2.1,1,1558044793437,20993644,45
