date_utc,amount,direction,indexPrice,instrument,iv,price,quantity,tickDirection,timeStamp,tradeId,tradeSeq
2019-02-16 00:21:10.921,0.4,sell,3565.83,BTC-26APR19-3500-P,58.27,0.0925,0.4,1,1550276470921,15403228,1
2019-02-16 00:55:59.922,0.5,sell,3571.02,BTC-26APR19-3500-P,57.29,0.0905,0.5,2,1550278559922,15403565,2
2019-02-16 02:55:41.018,0.5,sell,3579.3,BTC-26APR19-3500-P,58.03,0.0905,0.5,3,1550285741018,15405376,3
2019-02-16 03:00:17.428,1.0,sell,3581.4,BTC-26APR19-3500-P,56.26,0.0875,1.0,2,1550286017428,15405415,4
2019-02-16 11:56:39.391,1.0,sell,3588.27,BTC-26APR19-3500-P,57.49,0.087,1.0,2,1550318199391,15412116,5
2019-02-16 14:53:10.968,6.0,sell,3596.66,BTC-26APR19-3500-P,57.62,0.086,6.0,2,1550328790968,15419029,6
2019-02-16 14:53:42.130,6.0,sell,3595.39,BTC-26APR19-3500-P,57.6,0.086,6.0,3,1550328822130,15419047,7
2019-02-16 15:01:47.238,6.0,sell,3600.55,BTC-26APR19-3500-P,57.94,0.086,6.0,3,1550329307238,15419247,8
2019-02-16 16:12:00.960,6.0,sell,3591.93,BTC-26APR19-3500-P,57.38,0.0865,6.0,0,1550333520960,15420841,9
2019-02-16 16:22:33.390,6.0,sell,3594.04,BTC-26APR19-3500-P,57.44,0.0865,6.0,1,1550334153390,15421210,10
2019-02-16 23:18:31.339,0.5,sell,3585.81,BTC-26APR19-3500-P,57.02,0.087,0.5,0,1550359111339,15424340,11
2019-02-17 03:33:46.002,1.0,sell,3588.86,BTC-26APR19-3500-P,55.96,0.0845,1.0,2,1550374426002,15427145,12
2019-02-17 15:35:22.138,1.0,buy,3572.22,BTC-26APR19-3500-P,57.86,0.08900000000000001,1.0,0,1550417722138,15449196,13
2019-02-17 15:55:07.476,1.0,buy,3569.35,BTC-26APR19-3500-P,57.75,0.0895,1.0,0,1550418907476,15449492,14
2019-02-17 17:15:19.350,0.1,buy,3573.06,BTC-26APR19-3500-P,57.68,0.08900000000000001,0.1,2,1550423719350,15450724,15
2019-02-18 06:25:28.361,2.0,buy,3688.67,BTC-26APR19-3500-P,58.09,0.07400000000000001,2.0,2,1550471128361,15495163,16
2019-02-18 08:07:12.648,2.9,buy,3690.65,BTC-26APR19-3500-P,58.3,0.0735,2.9,0,1550477232648,15504769,18
2019-02-18 08:07:12.648,0.1,buy,3690.65,BTC-26APR19-3500-P,56.76,0.071,0.1,2,1550477232648,15504768,17
2019-02-18 08:10:30.504,3.0,sell,3689.91,BTC-26APR19-3500-P,56.05,0.07,3.0,2,1550477430504,15504876,19
2019-02-18 08:24:12.729,2.0,sell,3692.87,BTC-26APR19-3500-P,56.37,0.07,2.0,3,1550478252729,15505356,20
2019-02-18 09:05:57.881,2.0,buy,3700.0,BTC-26APR19-3500-P,58.44,0.073,2.0,0,1550480757881,15506970,21
2019-02-18 12:21:25.115,2.0,sell,3708.82,BTC-26APR19-3500-P,56.77,0.069,2.0,2,1550492485115,15515461,22
2019-02-18 17:08:38.965,2.0,buy,3852.29,BTC-26APR19-3500-P,59.45,0.0575,2.0,2,1550509718965,15567558,23
2019-02-18 19:16:59.606,10.0,sell,3874.84,BTC-26APR19-3500-P,57.76,0.053,10.0,2,1550517419606,15575074,24
2019-02-18 22:14:33.895,5.0,buy,3849.84,BTC-26APR19-3500-P,59.72,0.058,5.0,0,1550528073895,15583380,25
2019-02-18 22:20:10.611,1.0,sell,3856.25,BTC-26APR19-3500-P,57.46,0.054000000000000006,1.0,2,1550528410611,15583922,26
2019-02-19 00:21:11.055,1.0,sell,3902.55,BTC-26APR19-3500-P,57.64,0.0495,1.0,2,1550535671055,15589759,27
2019-02-19 02:01:56.605,0.2,sell,3867.62,BTC-26APR19-3500-P,60.98,0.057,0.2,0,1550541716605,15604315,28
2019-02-19 18:01:40.400,2.0,buy,3934.7,BTC-26APR19-3500-P,63.11,0.054000000000000006,2.0,2,1550599300400,15658087,29
2019-02-20 19:58:15.059,4.2,sell,3924.0,BTC-26APR19-3500-P,59.44,0.049,4.2,2,1550692695059,15709415,30
2019-02-20 19:58:15.059,5.0,sell,3924.0,BTC-26APR19-3500-P,57.66,0.0465,5.0,2,1550692695059,15709416,31
2019-02-20 19:58:15.059,2.0,sell,3924.0,BTC-26APR19-3500-P,57.66,0.0465,2.0,3,1550692695059,15709417,32
2019-02-20 19:58:15.249,0.8,buy,3924.0,BTC-26APR19-3500-P,53.7,0.041,0.8,2,1550692695249,15709433,33
2019-02-20 19:58:20.131,3.8,buy,3924.21,BTC-26APR19-3500-P,54.45,0.042,3.8,0,1550692700131,15709505,34
2019-02-21 07:40:23.360,0.8,sell,3933.45,BTC-26APR19-3500-P,60.96,0.05,0.8,0,1550734823360,15731155,35
2019-02-21 07:46:30.199,0.2,sell,3932.75,BTC-26APR19-3500-P,60.9,0.05,0.2,1,1550735190199,15731220,36
2019-02-22 20:29:07.737,2.0,buy,3935.25,BTC-26APR19-3500-P,59.89,0.047,2.0,2,1550867347737,15787259,37
2019-02-22 21:21:09.831,2.0,sell,3936.16,BTC-26APR19-3500-P,58.22,0.0445,2.0,2,1550870469831,15787699,38
2019-02-22 21:22:47.715,1.0,sell,3938.64,BTC-26APR19-3500-P,58.31,0.0445,1.0,3,1550870567715,15787715,39
2019-02-23 12:18:48.780,2.0,sell,3932.64,BTC-26APR19-3500-P,61.78,0.05,2.0,0,1550924328780,15802340,40
2019-02-24 09:30:30.030,3.0,buy,4132.27,BTC-26APR19-3500-P,63.05,0.0365,3.0,2,1551000630030,15874338,41
2019-02-24 09:57:11.392,2.0,sell,4130.9,BTC-26APR19-3500-P,60.1,0.033,2.0,2,1551002231392,15875456,42
2019-02-24 11:37:26.832,10.0,sell,4137.6,BTC-26APR19-3500-P,62.96,0.036000000000000004,10.0,0,1551008246832,15877547,43
2019-02-24 12:53:23.137,2.5,buy,4110.48,BTC-26APR19-3500-P,62.48,0.0365,2.5,0,1551012803137,15880658,44
2019-02-24 14:16:28.534,4.6000000000000005,sell,3739.75,BTC-26APR19-3500-P,59.91,0.0725,4.6000000000000005,0,1551017788534,15901320,45
2019-02-24 14:20:21.296,2.5,sell,3825.0,BTC-26APR19-3500-P,58.96,0.061,2.5,2,1551018021296,15906946,46
2019-02-24 14:35:21.992,7.0,buy,3787.33,BTC-26APR19-3500-P,62.39,0.0675,7.0,0,1551018921992,15918847,47
2019-02-24 14:35:29.580,4.0,buy,3788.16,BTC-26APR19-3500-P,62.87,0.068,4.0,0,1551018929580,15918916,48
2019-02-24 16:03:00.638,0.2,buy,3734.64,BTC-26APR19-3500-P,57.82,0.0665,0.2,2,1551024180638,15940533,49
2019-02-27 20:43:47.374,1.0,buy,3727.55,BTC-26APR19-3500-P,59.95,0.0655,1.0,2,1551300227374,16074338,50
2019-02-27 21:09:50.500,2.0,buy,3722.9,BTC-26APR19-3500-P,60.53,0.067,2.0,0,1551301790500,16078096,51
2019-02-27 22:27:14.589,8.8,sell,3745.86,BTC-26APR19-3500-P,58.45,0.0615,8.8,2,1551306434589,16081870,52
2019-02-27 22:27:28.089,8.8,sell,3745.7,BTC-26APR19-3500-P,58.79,0.062,8.8,0,1551306448089,16081900,53
2019-02-28 12:23:13.470,1.0,buy,3823.3,BTC-26APR19-3500-P,60.71,0.0565,1.0,2,1551356593470,16102539,54
2019-03-01 07:27:51.189,6.0,sell,3796.31,BTC-26APR19-3500-P,57.32,0.0535,6.0,2,1551425271189,16143714,55
2019-03-01 07:27:51.189,4.0,sell,3796.31,BTC-26APR19-3500-P,57.32,0.0535,4.0,3,1551425271189,16143715,56
2019-03-01 15:30:19.324,1.0,sell,3815.39,BTC-26APR19-3500-P,57.46,0.0515,1.0,2,1551454219324,16151460,57
2019-03-01 21:49:26.059,6.0,buy,3831.11,BTC-26APR19-3500-P,57.5,0.0495,6.0,2,1551476966059,16156604,58
2019-03-01 21:49:40.130,5.0,sell,3830.85,BTC-26APR19-3500-P,56.74,0.0485,5.0,2,1551476980130,16156605,59
2019-03-01 21:49:40.130,495.0,sell,3830.85,BTC-26APR19-3500-P,56.74,0.0485,495.0,3,1551476980130,16156606,60
2019-03-02 14:12:23.631,1.0,buy,3810.82,BTC-26APR19-3500-P,58.87,0.053,1.0,0,1551535943631,16176702,61
2019-03-02 14:19:00.599,4.0,buy,3810.54,BTC-26APR19-3500-P,58.88,0.053,4.0,1,1551536340599,16176754,62
2019-03-02 15:48:09.201,1.0,sell,3806.39,BTC-26APR19-3500-P,58.01,0.0525,1.0,2,1551541689201,16177685,63
2019-03-02 20:24:15.706,1.0,buy,3805.05,BTC-26APR19-3500-P,58.13,0.053,1.0,0,1551558255706,16181047,64
2019-03-03 11:15:31.247,0.2,sell,3813.55,BTC-26APR19-3500-P,57.11,0.05,0.2,2,1551611731247,16188213,65
2019-03-03 22:01:19.453,3.0,buy,3790.29,BTC-26APR19-3500-P,58.54,0.054000000000000006,3.0,0,1551650479453,16198171,66
2019-03-04 00:08:11.669,5.0,sell,3794.37,BTC-26APR19-3500-P,57.3,0.0515,5.0,2,1551658091669,16201794,67
2019-03-04 00:08:11.669,1.0,sell,3794.37,BTC-26APR19-3500-P,56.93,0.051,1.0,2,1551658091669,16201795,68
2019-03-04 07:19:39.842,2.0,sell,3733.23,BTC-26APR19-3500-P,57.02,0.057,2.0,0,1551683979842,16221462,69
2019-03-04 12:30:40.526,1.0,buy,3703.1,BTC-26APR19-3500-P,58.02,0.0615,1.0,0,1551702640526,16235020,70
2019-03-04 16:50:03.345,0.6,sell,3714.35,BTC-26APR19-3500-P,56.73,0.0585,0.6,3,1551718203345,16240010,72
2019-03-04 16:50:03.345,4.0,sell,3714.35,BTC-26APR19-3500-P,56.73,0.0585,4.0,3,1551718203345,16240011,73
2019-03-04 16:50:03.345,1.0,sell,3714.35,BTC-26APR19-3500-P,56.73,0.0585,1.0,2,1551718203345,16240009,71
2019-03-05 14:08:16.671,0.1,sell,3818.48,BTC-26APR19-3500-P,56.46,0.0465,0.1,2,1551794896671,16274268,74
2019-03-05 16:08:16.171,11.9,sell,3852.48,BTC-26APR19-3500-P,57.59,0.0455,11.9,2,1551802096171,16284951,75
2019-03-05 19:05:21.411,1.0,sell,3838.79,BTC-26APR19-3500-P,56.07,0.044,1.0,2,1551812721411,16293089,76
2019-03-06 00:02:41.957,1.0,buy,3845.16,BTC-26APR19-3500-P,58.96,0.0465,1.0,0,1551830561957,16297673,77
2019-03-06 10:22:38.225,0.1,buy,3849.34,BTC-26APR19-3500-P,56.27,0.0425,0.1,2,1551867758225,16310879,78
2019-03-06 17:48:42.586,1.0,sell,3848.31,BTC-26APR19-3500-P,56.1,0.042,1.0,2,1551894522586,16326286,79
2019-03-06 19:32:10.864,6.0,sell,3845.37,BTC-26APR19-3500-P,56.3,0.0425,6.0,0,1551900730864,16326929,80
2019-03-06 19:40:57.552,50.0,buy,3844.7,BTC-26APR19-3500-P,56.64,0.043,50.0,0,1551901257552,16327012,81
2019-03-07 19:26:39.691,6.0,sell,3870.0,BTC-26APR19-3500-P,53.84,0.0365,6.0,2,1551986799691,16361386,82
2019-03-08 00:07:54.697,1.0,sell,3858.68,BTC-26APR19-3500-P,53.26,0.0365,1.0,3,1552003674697,16364327,83
2019-03-08 04:46:42.989,13.0,sell,3866.71,BTC-26APR19-3500-P,52.72,0.0355,13.0,2,1552020402989,16367615,84
2019-03-08 04:46:42.989,31.0,sell,3866.71,BTC-26APR19-3500-P,51.9,0.0345,31.0,2,1552020402989,16367617,86
2019-03-08 04:46:42.989,6.0,sell,3866.71,BTC-26APR19-3500-P,52.72,0.0355,6.0,3,1552020402989,16367616,85
2019-03-08 09:21:52.806,2.0,sell,3858.15,BTC-26APR19-3500-P,52.35,0.0355,2.0,0,1552036912806,16379500,87
2019-03-08 13:22:57.434,0.9,buy,3876.96,BTC-26APR19-3500-P,52.07,0.034,0.9,2,1552051377434,16384221,88
2019-03-08 13:33:44.267,5.0,buy,3880.48,BTC-26APR19-3500-P,53.94,0.036000000000000004,5.0,0,1552052024267,16384427,89
2019-03-08 13:39:15.869,4.5,sell,3884.61,BTC-26APR19-3500-P,51.66,0.033,4.5,2,1552052355869,16384527,90
2019-03-08 13:39:15.869,13.0,sell,3884.61,BTC-26APR19-3500-P,51.66,0.033,13.0,3,1552052355869,16384528,91
2019-03-08 13:39:15.879,0.5,buy,3884.61,BTC-26APR19-3500-P,51.66,0.033,0.5,3,1552052355879,16384529,92
2019-03-08 13:39:21.441,4.8,buy,3884.63,BTC-26APR19-3500-P,51.66,0.033,4.8,3,1552052361441,16384530,93
2019-03-08 13:39:21.625,6.0,buy,3884.63,BTC-26APR19-3500-P,51.66,0.033,6.0,3,1552052361625,16384531,94
2019-03-08 13:39:30.653,7.2,buy,3884.95,BTC-26APR19-3500-P,51.69,0.033,7.2,3,1552052370653,16384534,95
2019-03-08 13:39:34.881,2.8000000000000003,sell,3884.69,BTC-26APR19-3500-P,51.69,0.033,2.8000000000000003,3,1552052374881,16384535,96
2019-03-08 13:43:29.767,2.0,buy,3884.34,BTC-26APR19-3500-P,53.46,0.035,2.0,0,1552052609767,16384841,97
2019-03-08 13:45:09.162,3.0,sell,3881.81,BTC-26APR19-3500-P,52.5,0.034,3.0,2,1552052709162,16384915,98
2019-03-08 13:48:58.732,10.0,sell,3880.3,BTC-26APR19-3500-P,52.36,0.034,10.0,3,1552052938732,16384987,99
2019-03-08 13:53:33.048,5.0,sell,3879.34,BTC-26APR19-3500-P,52.38,0.034,5.0,3,1552053213048,16385057,100
2019-03-08 14:09:55.465,2.0,buy,3885.49,BTC-26APR19-3500-P,53.89,0.0355,2.0,0,1552054195465,16385817,101
2019-03-08 14:33:22.170,1.5,buy,3889.26,BTC-26APR19-3500-P,52.9,0.034,1.5,2,1552055602170,16386480,102
2019-03-08 18:26:40.864,1.0,buy,3887.67,BTC-26APR19-3500-P,53.94,0.035,1.0,0,1552069600864,16390956,103
2019-03-08 18:34:25.453,1.0,sell,3885.62,BTC-26APR19-3500-P,52.06,0.033,1.0,2,1552070065453,16391087,104
2019-03-08 19:28:47.206,1.0,sell,3890.25,BTC-26APR19-3500-P,52.27,0.033,1.0,3,1552073327206,16391528,105
2019-03-08 22:08:46.153,5.0,buy,3802.23,BTC-26APR19-3500-P,54.85,0.0435,5.0,0,1552082926153,16402235,106
2019-03-08 23:33:39.009,3.0,sell,3839.69,BTC-26APR19-3500-P,54.78,0.04,3.0,2,1552088019009,16407025,107
2019-03-09 00:28:55.097,3.0,sell,3851.23,BTC-26APR19-3500-P,54.94,0.039,3.0,2,1552091335097,16408911,108
2019-03-09 02:18:31.397,5.0,buy,3854.45,BTC-26APR19-3500-P,54.31,0.038,5.0,2,1552097911397,16410802,109
2019-03-09 06:19:56.618,2.0,sell,3882.74,BTC-26APR19-3500-P,54.15,0.0355,2.0,2,1552112396618,16414123,110
2019-03-09 14:09:45.148,2.0,sell,3906.22,BTC-26APR19-3500-P,51.87,0.031,2.0,2,1552140585148,16428846,112
2019-03-09 14:09:45.148,1.0,sell,3906.22,BTC-26APR19-3500-P,52.3,0.0315,1.0,2,1552140585148,16428845,111
2019-03-09 14:09:45.148,42.5,sell,3906.22,BTC-26APR19-3500-P,51.87,0.031,42.5,3,1552140585148,16428848,114
2019-03-09 14:09:45.148,4.5,sell,3906.22,BTC-26APR19-3500-P,51.87,0.031,4.5,3,1552140585148,16428847,113
2019-03-09 23:50:04.825,0.1,sell,3911.79,BTC-26APR19-3500-P,53.82,0.0325,0.1,0,1552175404825,16448804,115
2019-03-09 23:59:55.114,2.0,sell,3917.7,BTC-26APR19-3500-P,53.73,0.032,2.0,2,1552175995114,16449308,116
2019-03-10 03:49:24.001,1.0,buy,3896.47,BTC-26APR19-3500-P,54.12,0.034,1.0,0,1552189764001,16451838,117
2019-03-10 04:17:06.878,1.0,sell,3893.85,BTC-26APR19-3500-P,51.28,0.031,1.0,2,1552191426878,16452535,118
2019-03-10 19:22:54.537,2.0,sell,3881.33,BTC-26APR19-3500-P,52.15,0.0325,2.0,1,1552245774537,16465810,120
2019-03-10 19:22:54.537,3.0,sell,3881.33,BTC-26APR19-3500-P,52.15,0.0325,3.0,0,1552245774537,16465809,119
2019-03-10 23:15:27.388,1.0,sell,3904.66,BTC-26APR19-3500-P,53.92,0.0325,1.0,1,1552259727388,16468388,121
2019-03-11 04:09:27.538,2.0,sell,3908.7,BTC-26APR19-3500-P,53.78,0.032,2.0,2,1552277367538,16471636,122
2019-03-11 04:34:25.299,10.0,sell,3896.69,BTC-26APR19-3500-P,53.01,0.032,10.0,3,1552278865299,16472091,123
2019-03-11 04:48:29.080,1.0,buy,3892.46,BTC-26APR19-3500-P,53.58,0.033,1.0,0,1552279709080,16472439,124
2019-03-11 04:52:53.650,0.1,sell,3896.33,BTC-26APR19-3500-P,53.0,0.032,0.1,2,1552279973650,16472597,125
2019-03-11 06:53:41.135,0.4,buy,3874.79,BTC-26APR19-3500-P,54.23,0.035,0.4,0,1552287221135,16478922,126
2019-03-11 12:07:05.827,0.1,sell,3841.58,BTC-26APR19-3500-P,52.18,0.035,0.1,1,1552306025827,16486296,127
2019-03-11 17:43:58.612,0.9,sell,3849.95,BTC-26APR19-3500-P,52.73,0.035,0.9,1,1552326238612,16495227,128
2019-03-12 00:13:01.715,3.0,buy,3850.33,BTC-26APR19-3500-P,54.31,0.0365,3.0,0,1552349581715,16498921,129
2019-03-12 03:31:42.282,13.0,sell,3818.0,BTC-26APR19-3500-P,51.72,0.036000000000000004,13.0,2,1552361502282,16507403,130
2019-03-12 03:31:42.282,0.5,sell,3818.0,BTC-26APR19-3500-P,51.72,0.036000000000000004,0.5,3,1552361502282,16507404,131
2019-03-12 03:31:42.282,49.0,sell,3818.0,BTC-26APR19-3500-P,50.89,0.035,49.0,2,1552361502282,16507406,133
2019-03-12 03:31:42.282,11.9,sell,3818.0,BTC-26APR19-3500-P,51.3,0.0355,11.9,2,1552361502282,16507405,132
2019-03-12 08:05:09.844,0.1,sell,3841.24,BTC-26APR19-3500-P,52.76,0.035,0.1,3,1552377909844,16511411,134
2019-03-12 08:07:21.931,0.9,sell,3849.07,BTC-26APR19-3500-P,53.3,0.035,0.9,3,1552378041931,16511955,135
2019-03-12 08:21:50.275,5.0,sell,3855.18,BTC-26APR19-3500-P,52.88,0.034,5.0,2,1552378910275,16513065,136
2019-03-12 10:14:11.827,5.0,sell,3870.26,BTC-26APR19-3500-P,53.01,0.033,5.0,2,1552385651827,16517144,137
2019-03-12 13:15:38.354,1.0,buy,3868.03,BTC-26APR19-3500-P,53.11,0.0335,1.0,0,1552396538354,16520200,138
2019-03-12 17:13:56.494,0.3,sell,3860.38,BTC-26APR19-3500-P,51.82,0.0325,0.3,2,1552410836494,16524035,139
2019-03-12 20:44:27.603,6.2,sell,3864.83,BTC-26APR19-3500-P,51.7,0.032,6.2,2,1552423467603,16525519,140
2019-03-12 22:12:50.415,1.0,sell,3862.3,BTC-26APR19-3500-P,51.5,0.032,1.0,3,1552428770415,16525831,141
2019-03-13 03:36:41.799,3.0,sell,3866.01,BTC-26APR19-3500-P,51.9,0.032,3.0,3,1552448201799,16528632,142
2019-03-13 03:38:12.694,2.0,sell,3867.2,BTC-26APR19-3500-P,51.92,0.032,2.0,3,1552448292694,16528669,143
2019-03-13 12:46:00.626,0.1,buy,3849.21,BTC-26APR19-3500-P,52.57,0.034,0.1,0,1552481160626,16536291,144
2019-03-13 13:41:30.807,0.1,sell,3861.08,BTC-26APR19-3500-P,51.56,0.0315,0.1,2,1552484490807,16537122,145
2019-03-14 09:59:57.172,0.4,buy,3844.25,BTC-26APR19-3500-P,52.79,0.034,0.4,0,1552557597172,16552074,146
2019-03-14 09:59:57.172,0.5,buy,3844.25,BTC-26APR19-3500-P,52.79,0.034,0.5,1,1552557597172,16552075,147
2019-03-14 13:34:13.061,4.0,sell,3850.29,BTC-26APR19-3500-P,51.5,0.032,4.0,2,1552570453061,16554811,148
2019-03-14 13:34:13.061,0.5,sell,3850.29,BTC-26APR19-3500-P,51.5,0.032,0.5,3,1552570453061,16554812,149
2019-03-14 15:01:43.588,1.0,sell,3857.65,BTC-26APR19-3500-P,53.07,0.033,1.0,0,1552575703588,16569995,150
2019-03-14 20:28:05.920,10.0,sell,3854.05,BTC-26APR19-3500-P,50.82,0.0305,10.0,2,1552595285920,16573238,151
2019-03-15 01:11:47.385,1.0,sell,3868.41,BTC-26APR19-3500-P,52.29,0.031,1.0,0,1552612307385,16576050,152
2019-03-15 09:50:49.959,5.0,sell,3864.64,BTC-26APR19-3500-P,52.59,0.031,5.0,1,1552643449959,16582553,153
2019-03-15 12:00:14.121,3.0,sell,3888.23,BTC-26APR19-3500-P,52.34,0.028999999999999998,3.0,2,1552651214121,16587609,154
2019-03-15 13:15:38.684,10.0,buy,3882.09,BTC-26APR19-3500-P,51.61,0.0285,10.0,2,1552655738684,16591341,155
2019-03-15 13:15:48.852,4.9,buy,3882.21,BTC-26APR19-3500-P,51.62,0.0285,4.9,3,1552655748852,16591345,156
2019-03-15 13:16:07.499,10.0,buy,3882.24,BTC-26APR19-3500-P,51.63,0.0285,10.0,3,1552655767499,16591354,157
2019-03-15 13:16:48.061,10.0,buy,3882.46,BTC-26APR19-3500-P,51.63,0.0285,10.0,3,1552655808061,16591358,158
2019-03-15 13:46:23.846,0.5,buy,3881.84,BTC-26APR19-3500-P,51.87,0.028999999999999998,0.5,0,1552657583846,16591890,159
2019-03-15 13:46:44.710,3.0,buy,3881.84,BTC-26APR19-3500-P,52.33,0.0295,3.0,0,1552657604710,16591893,160
2019-03-15 13:46:50.851,1.0,buy,3881.84,BTC-26APR19-3500-P,52.79,0.03,1.0,0,1552657610851,16591894,161
2019-03-15 14:16:25.097,0.5,sell,3888.49,BTC-26APR19-3500-P,52.42,0.028999999999999998,0.5,2,1552659385097,16592337,162
2019-03-15 15:44:28.835,3.0,sell,3898.23,BTC-26APR19-3500-P,51.01,0.027000000000000003,3.0,2,1552664668835,16595518,163
2019-03-15 21:29:31.676,1.0,buy,3887.4,BTC-26APR19-3500-P,51.34,0.027999999999999997,1.0,0,1552685371676,16601439,164
2019-03-15 21:33:58.799,3.0,buy,3887.01,BTC-26APR19-3500-P,52.05,0.0285,3.0,0,1552685638799,16601548,165
2019-03-15 22:15:08.107,3.0,sell,3894.85,BTC-26APR19-3500-P,51.58,0.0275,3.0,2,1552688108107,16601887,166
2019-03-16 01:40:01.751,1.0,buy,3921.61,BTC-26APR19-3500-P,52.85,0.027000000000000003,1.0,2,1552700401751,16606013,167
2019-03-16 01:51:21.260,1.0,buy,3927.86,BTC-26APR19-3500-P,53.12,0.0265,1.0,2,1552701081260,16606574,168
2019-03-16 01:51:28.001,0.2,buy,3928.06,BTC-26APR19-3500-P,53.13,0.0265,0.2,3,1552701088001,16606582,169
2019-03-16 01:52:29.179,1.0,sell,3928.34,BTC-26APR19-3500-P,52.65,0.026000000000000002,1.0,2,1552701149179,16606689,170
2019-03-16 01:54:09.529,9.0,sell,3930.08,BTC-26APR19-3500-P,52.93,0.026000000000000002,9.0,3,1552701249529,16606843,171
2019-03-16 04:15:00.838,1.0,sell,3979.44,BTC-26APR19-3500-P,54.58,0.025,1.0,2,1552709700838,16616421,172
2019-03-16 04:17:32.471,1.0,sell,3997.35,BTC-26APR19-3500-P,54.72,0.024,1.0,2,1552709852471,16617803,173
2019-03-16 04:17:32.471,2.0,sell,3997.35,BTC-26APR19-3500-P,54.72,0.024,2.0,3,1552709852471,16617804,174
2019-03-16 04:17:49.810,1.0,sell,4010.86,BTC-26APR19-3500-P,55.16,0.0235,1.0,2,1552709869810,16618325,175
2019-03-16 04:38:15.609,2.0,buy,4000.0,BTC-26APR19-3500-P,55.01,0.024,2.0,0,1552711095609,16624566,176
2019-03-16 05:09:11.472,3.0,sell,4031.38,BTC-26APR19-3500-P,56.4,0.0235,3.0,2,1552712951472,16628389,177
2019-03-16 05:09:26.159,5.0,sell,4036.67,BTC-26APR19-3500-P,55.64,0.0225,5.0,2,1552712966159,16628535,178
2019-03-16 05:30:24.030,2.0,buy,4007.61,BTC-26APR19-3500-P,55.28,0.024,2.0,0,1552714224030,16630818,179
2019-03-16 05:42:36.343,3.0,buy,4008.1,BTC-26APR19-3500-P,55.38,0.024,3.0,1,1552714956343,16631448,180
2019-03-16 07:42:03.991,8.8,buy,4005.33,BTC-26APR19-3500-P,57.38,0.026000000000000002,8.8,0,1552722123991,16635339,181
2019-03-16 07:43:09.477,11.0,buy,4005.01,BTC-26APR19-3500-P,57.33,0.026000000000000002,11.0,1,1552722189477,16635344,182
2019-03-16 07:44:51.270,5.7,buy,4004.81,BTC-26APR19-3500-P,57.33,0.026000000000000002,5.7,1,1552722291270,16635374,183
2019-03-16 07:51:44.170,5.0,buy,4003.64,BTC-26APR19-3500-P,56.72,0.0255,5.0,2,1552722704170,16635486,184
2019-03-16 07:53:58.390,5.0,buy,4002.81,BTC-26APR19-3500-P,56.69,0.0255,5.0,3,1552722838390,16635495,185
2019-03-16 08:27:38.815,0.2,sell,3996.0,BTC-26APR19-3500-P,54.86,0.024,0.2,2,1552724858815,16636090,186
2019-03-16 08:37:43.232,0.5,buy,3991.02,BTC-26APR19-3500-P,56.12,0.0255,0.5,0,1552725463232,16636271,187
2019-03-16 08:37:43.232,3.5,buy,3991.02,BTC-26APR19-3500-P,56.12,0.0255,3.5,1,1552725463232,16636272,188
2019-03-16 08:37:54.733,0.5,buy,3990.91,BTC-26APR19-3500-P,56.63,0.026000000000000002,0.5,0,1552725474733,16636278,189
2019-03-16 09:48:16.659,2.5,sell,4002.09,BTC-26APR19-3500-P,53.55,0.0225,2.5,2,1552729696659,16637278,190
2019-03-16 11:51:48.817,0.3,sell,4004.74,BTC-26APR19-3500-P,54.41,0.023,0.3,0,1552737108817,16639014,191
2019-03-16 11:51:48.817,0.7000000000000001,sell,4004.74,BTC-26APR19-3500-P,52.82,0.0215,0.7000000000000001,2,1552737108817,16639015,192
2019-03-16 16:51:58.900,0.5,sell,3984.17,BTC-26APR19-3500-P,53.47,0.023,0.5,1,1552755118900,16647078,194
2019-03-16 16:51:58.900,2.0,sell,3984.17,BTC-26APR19-3500-P,53.47,0.023,2.0,0,1552755118900,16647077,193
2019-03-16 16:51:58.900,1.0,sell,3984.17,BTC-26APR19-3500-P,52.95,0.0225,1.0,2,1552755118900,16647079,195
2019-03-16 16:51:58.900,50.0,sell,3984.17,BTC-26APR19-3500-P,52.95,0.0225,50.0,3,1552755118900,16647080,196
2019-03-17 07:09:23.117,3.0,buy,3954.34,BTC-26APR19-3500-P,52.92,0.024,3.0,0,1552806563117,16658835,197
2019-03-17 07:09:31.677,2.0,buy,3954.34,BTC-26APR19-3500-P,52.93,0.024,2.0,1,1552806571677,16658836,198
2019-03-17 07:41:19.767,25.0,sell,3952.89,BTC-26APR19-3500-P,51.36,0.0225,25.0,2,1552808479767,16658989,199
2019-03-17 07:41:19.767,0.5,sell,3952.89,BTC-26APR19-3500-P,51.36,0.0225,0.5,3,1552808479767,16658990,200
2019-03-17 12:14:26.112,0.5,sell,3963.42,BTC-26APR19-3500-P,51.63,0.022000000000000002,0.5,2,1552824866112,16662178,201
2019-03-17 18:19:40.905,13.0,sell,3968.12,BTC-26APR19-3500-P,50.39,0.0205,13.0,2,1552846780905,16666206,202
2019-03-17 18:19:40.905,37.0,sell,3968.12,BTC-26APR19-3500-P,50.39,0.0205,37.0,3,1552846780905,16666207,203
2019-03-17 18:19:52.207,13.0,sell,3968.25,BTC-26APR19-3500-P,50.41,0.0205,13.0,3,1552846792207,16666209,204
2019-03-17 19:44:07.782,0.5,buy,3973.11,BTC-26APR19-3500-P,51.73,0.0215,0.5,0,1552851847782,16666573,205
2019-03-18 00:32:34.526,5.0,sell,3980.0,BTC-26APR19-3500-P,50.65,0.02,5.0,2,1552869154526,16669336,206
2019-03-18 00:46:39.224,8.0,sell,3982.17,BTC-26APR19-3500-P,50.13,0.0195,8.0,2,1552869999224,16669542,207
2019-03-18 01:42:44.772,1.0,buy,4012.56,BTC-26APR19-3500-P,53.05,0.0205,1.0,0,1552873364772,16673152,208
2019-03-18 01:45:42.364,0.5,buy,4005.96,BTC-26APR19-3500-P,52.76,0.0205,0.5,1,1552873542364,16673483,209
2019-03-18 01:45:42.364,0.5,buy,4005.96,BTC-26APR19-3500-P,52.76,0.0205,0.5,1,1552873542364,16673484,210
2019-03-18 01:46:34.672,2.0,buy,4002.3,BTC-26APR19-3500-P,52.68,0.0205,2.0,1,1552873594672,16673584,211
2019-03-18 02:07:12.544,1.0,sell,4004.27,BTC-26APR19-3500-P,52.25,0.02,1.0,2,1552874832544,16674445,212
2019-03-18 02:08:39.630,0.5,sell,4004.98,BTC-26APR19-3500-P,51.12,0.019,0.5,3,1552874919630,16674473,215
2019-03-18 02:08:39.630,1.0,sell,4004.98,BTC-26APR19-3500-P,51.12,0.019,1.0,2,1552874919630,16674471,213
2019-03-18 02:08:39.630,0.5,sell,4004.98,BTC-26APR19-3500-P,51.12,0.019,0.5,3,1552874919630,16674472,214
2019-03-18 10:38:23.568,0.2,buy,3948.1,BTC-26APR19-3500-P,52.28,0.023,0.2,0,1552905503568,16686581,216
2019-03-18 10:38:23.640,0.2,buy,3948.1,BTC-26APR19-3500-P,52.28,0.023,0.2,1,1552905503640,16686583,217
2019-03-18 10:38:23.730,0.2,buy,3948.1,BTC-26APR19-3500-P,52.28,0.023,0.2,1,1552905503730,16686585,218
2019-03-18 10:38:23.858,0.1,buy,3948.1,BTC-26APR19-3500-P,52.28,0.023,0.1,1,1552905503858,16686588,220
2019-03-18 10:38:23.858,0.1,buy,3948.1,BTC-26APR19-3500-P,52.28,0.023,0.1,1,1552905503858,16686587,219
2019-03-18 10:38:23.951,0.2,buy,3948.1,BTC-26APR19-3500-P,52.28,0.023,0.2,1,1552905503951,16686590,221
2019-03-18 10:38:24.057,0.2,buy,3948.1,BTC-26APR19-3500-P,52.28,0.023,0.2,1,1552905504057,16686592,222
2019-03-18 10:39:25.540,0.2,sell,3948.41,BTC-26APR19-3500-P,51.74,0.0225,0.2,2,1552905565540,16686610,223
2019-03-18 11:19:57.877,0.4,sell,3947.89,BTC-26APR19-3500-P,51.63,0.0225,0.4,3,1552907997877,16687153,224
2019-03-18 13:20:57.969,0.1,sell,3963.61,BTC-26APR19-3500-P,50.11,0.02,0.1,2,1552915257969,16689648,225
2019-03-18 14:03:00.944,6.0,sell,3963.98,BTC-26APR19-3500-P,50.25,0.02,6.0,3,1552917780944,16690063,226
2019-03-18 23:53:20.399,0.5,sell,3969.87,BTC-26APR19-3500-P,49.7,0.019,0.5,3,1552953200399,16695005,228
2019-03-18 23:53:20.399,1.0,sell,3969.87,BTC-26APR19-3500-P,49.7,0.019,1.0,2,1552953200399,16695004,227
2019-03-18 23:53:58.433,0.1,sell,3969.92,BTC-26APR19-3500-P,49.14,0.0185,0.1,2,1552953238433,16695011,229
2019-03-18 23:54:33.897,0.5,sell,3969.95,BTC-26APR19-3500-P,48.58,0.018000000000000002,0.5,2,1552953273897,16695012,230
2019-03-18 23:55:32.030,0.2,sell,3970.14,BTC-26APR19-3500-P,49.7,0.019,0.2,0,1552953332030,16695021,231
2019-03-18 23:55:32.030,6.3,sell,3970.14,BTC-26APR19-3500-P,48.58,0.018000000000000002,6.3,3,1552953332030,16695023,233
2019-03-18 23:55:32.030,1.5,sell,3970.14,BTC-26APR19-3500-P,48.58,0.018000000000000002,1.5,2,1552953332030,16695022,232
2019-03-19 01:10:37.206,10.0,buy,3983.95,BTC-26APR19-3500-P,51.09,0.0195,10.0,0,1552957837206,16695977,234
2019-03-19 01:10:49.421,1.0,buy,3983.95,BTC-26APR19-3500-P,51.09,0.0195,1.0,1,1552957849421,16695978,235
2019-03-19 01:10:52.617,1.0,buy,3983.95,BTC-26APR19-3500-P,51.09,0.0195,1.0,1,1552957852617,16695979,236
2019-03-19 01:10:58.363,1.0,buy,3983.94,BTC-26APR19-3500-P,51.09,0.0195,1.0,1,1552957858363,16695980,237
2019-03-19 13:29:23.988,0.1,buy,3970.1,BTC-26APR19-3500-P,50.86,0.0195,0.1,1,1553002163988,16704903,238
2019-03-19 19:04:11.501,10.0,sell,3982.38,BTC-26APR19-3500-P,49.2,0.0175,10.0,2,1553022251501,16715041,239
2019-03-19 23:21:18.480,1.0,buy,3993.02,BTC-26APR19-3500-P,49.95,0.0175,1.0,3,1553037678480,16717036,240
2019-03-19 23:21:26.413,1.0,buy,3993.02,BTC-26APR19-3500-P,49.95,0.0175,1.0,3,1553037686413,16717039,241
2019-03-20 00:52:55.143,5.5,buy,3991.21,BTC-26APR19-3500-P,49.26,0.017,5.5,3,1553043175143,16720569,243
2019-03-20 00:52:55.143,0.5,buy,3991.21,BTC-26APR19-3500-P,49.26,0.017,0.5,2,1553043175143,16720568,242
2019-03-20 04:40:19.791,1.0,buy,3974.67,BTC-26APR19-3500-P,50.62,0.019,1.0,0,1553056819791,16724245,244
2019-03-20 04:47:46.562,0.1,sell,3975.46,BTC-26APR19-3500-P,50.1,0.0185,0.1,2,1553057266562,16724434,245
2019-03-20 05:57:31.179,1.0,sell,3984.93,BTC-26APR19-3500-P,50.17,0.018000000000000002,1.0,2,1553061451179,16724819,246
2019-03-20 14:12:31.813,0.2,buy,3995.57,BTC-26APR19-3500-P,49.28,0.0165,0.2,2,1553091151813,16732406,247
2019-03-20 14:20:55.913,9.8,buy,3994.21,BTC-26APR19-3500-P,49.15,0.0165,9.8,3,1553091655913,16732629,248
2019-03-20 20:23:26.428,0.5,sell,4015.65,BTC-26APR19-3500-P,49.81,0.016,0.5,2,1553113406428,16739204,249
2019-03-21 00:59:06.819,3.0,sell,4038.67,BTC-26APR19-3500-P,49.48,0.0145,3.0,2,1553129946819,16746276,250
2019-03-21 10:39:28.838,5.0,buy,4030.32,BTC-26APR19-3500-P,50.56,0.0155,5.0,0,1553164768838,16750729,251
2019-03-21 11:44:07.546,0.5,sell,4030.57,BTC-26APR19-3500-P,49.43,0.0145,0.5,2,1553168647546,16751591,252
2019-03-21 13:10:31.357,1.0,buy,4036.76,BTC-26APR19-3500-P,50.29,0.015,1.0,0,1553173831357,16754794,253
2019-03-21 13:10:32.881,1.0,buy,4036.76,BTC-26APR19-3500-P,50.29,0.015,1.0,1,1553173832881,16754795,254
2019-03-21 13:10:35.972,0.3,buy,4036.93,BTC-26APR19-3500-P,50.3,0.015,0.3,1,1553173835972,16754797,256
2019-03-21 13:10:35.972,0.7000000000000001,buy,4036.93,BTC-26APR19-3500-P,50.3,0.015,0.7000000000000001,1,1553173835972,16754796,255
2019-03-21 14:06:51.646,12.8,sell,4017.8,BTC-26APR19-3500-P,48.52,0.0145,12.8,2,1553177211646,16757065,257
2019-03-21 14:06:51.646,0.5,sell,4017.8,BTC-26APR19-3500-P,48.52,0.0145,0.5,3,1553177211646,16757066,258
2019-03-21 14:19:01.254,0.1,buy,4009.26,BTC-26APR19-3500-P,49.43,0.0155,0.1,0,1553177941254,16757258,259
2019-03-21 14:48:37.789,2.0,sell,3982.01,BTC-26APR19-3500-P,47.84,0.0155,2.0,1,1553179717789,16760402,260
2019-03-21 15:26:16.794,10.0,buy,3968.59,BTC-26APR19-3500-P,50.55,0.0185,10.0,0,1553181976794,16766835,261
2019-03-21 23:48:43.017,0.8,sell,3976.96,BTC-26APR19-3500-P,47.85,0.0155,0.8,3,1553212123017,16772586,263
2019-03-21 23:48:43.017,0.2,sell,3976.96,BTC-26APR19-3500-P,47.85,0.0155,0.2,2,1553212123017,16772585,262
2019-03-22 04:21:26.303,0.5,buy,3971.66,BTC-26APR19-3500-P,48.22,0.016,0.5,1,1553228486303,16773940,265
2019-03-22 04:21:26.303,1.0,buy,3971.66,BTC-26APR19-3500-P,48.22,0.016,1.0,0,1553228486303,16773939,264
2019-03-23 05:44:33.429,0.2,sell,3987.97,BTC-26APR19-3500-P,47.7,0.014,0.2,2,1553319873429,16787991,266
2019-03-23 12:48:56.730,0.2,buy,3981.56,BTC-26APR19-3500-P,49.5,0.0155,0.2,0,1553345336730,16792084,267
2019-03-23 12:49:17.580,0.2,buy,3980.55,BTC-26APR19-3500-P,50.08,0.016,0.2,0,1553345357580,16792096,268
2019-03-23 12:49:17.626,0.2,sell,3980.55,BTC-26APR19-3500-P,50.08,0.016,0.2,1,1553345357626,16792097,269
2019-03-23 12:49:22.441,0.4,sell,3980.57,BTC-26APR19-3500-P,50.08,0.016,0.4,1,1553345362441,16792098,270
2019-03-24 01:02:14.531,0.2,buy,3974.74,BTC-26APR19-3500-P,50.01,0.016,0.2,1,1553389334531,16796756,271
2019-03-24 01:02:14.531,0.8,buy,3974.74,BTC-26APR19-3500-P,50.01,0.016,0.8,1,1553389334531,16796757,272
2019-03-24 07:23:42.695,1.0,sell,3963.78,BTC-26APR19-3500-P,47.64,0.0145,1.0,2,1553412222695,16799065,273
2019-03-24 09:12:46.255,1.0,sell,3967.7,BTC-26APR19-3500-P,47.39,0.013999999999999999,1.0,2,1553418766255,16799671,274
2019-03-24 09:13:20.805,2.0,buy,3967.75,BTC-26APR19-3500-P,49.32,0.0155,2.0,0,1553418800805,16799674,275
2019-03-24 09:13:23.889,2.0,buy,3967.83,BTC-26APR19-3500-P,49.33,0.0155,2.0,1,1553418803889,16799675,276
2019-03-24 09:13:28.165,1.0,buy,3967.83,BTC-26APR19-3500-P,49.33,0.0155,1.0,1,1553418808165,16799676,277
2019-03-24 11:35:18.607,1.0,sell,3974.97,BTC-26APR19-3500-P,47.86,0.013999999999999999,1.0,2,1553427318607,16800604,278
2019-03-24 13:31:34.424,0.2,buy,3971.76,BTC-26APR19-3500-P,49.67,0.0155,0.2,0,1553434294424,16800993,279
2019-03-24 13:31:34.424,0.6,buy,3971.76,BTC-26APR19-3500-P,49.67,0.0155,0.6,1,1553434294424,16800995,281
2019-03-24 13:31:34.424,0.2,buy,3971.76,BTC-26APR19-3500-P,49.67,0.0155,0.2,1,1553434294424,16800994,280
2019-03-24 14:44:53.455,1.0,buy,3973.2,BTC-26APR19-3500-P,49.04,0.015,1.0,2,1553438693455,16801320,282
2019-03-24 21:38:56.439,1.0,sell,3961.05,BTC-26APR19-3500-P,47.34,0.013999999999999999,1.0,2,1553463536439,16805047,283
2019-03-24 21:38:56.439,0.2,sell,3961.05,BTC-26APR19-3500-P,47.34,0.013999999999999999,0.2,3,1553463536439,16805048,284
2019-03-25 02:19:19.135,0.2,buy,3973.9,BTC-26APR19-3500-P,48.72,0.0145,0.2,0,1553480359135,16807582,285
2019-03-25 02:19:19.170,0.2,sell,3973.9,BTC-26APR19-3500-P,48.72,0.0145,0.2,1,1553480359170,16807583,286
2019-03-25 02:19:19.210,0.2,sell,3973.9,BTC-26APR19-3500-P,48.72,0.0145,0.2,1,1553480359210,16807584,287
2019-03-25 02:19:21.226,0.4,sell,3973.9,BTC-26APR19-3500-P,48.72,0.0145,0.4,1,1553480361226,16807585,288
2019-03-25 06:09:12.392,1.0,buy,3968.83,BTC-26APR19-3500-P,48.7,0.0145,1.0,1,1553494152392,16808550,289
2019-03-25 09:43:26.021,0.2,buy,3971.68,BTC-26APR19-3500-P,48.9,0.0145,0.2,1,1553507006021,16809593,290
2019-03-25 09:43:26.047,0.2,sell,3971.68,BTC-26APR19-3500-P,48.9,0.0145,0.2,1,1553507006047,16809594,291
2019-03-25 10:24:39.487,1.0,buy,3969.81,BTC-26APR19-3500-P,49.53,0.015,1.0,1,1553509479487,16809693,293
2019-03-25 10:24:39.487,2.0,buy,3969.81,BTC-26APR19-3500-P,49.53,0.015,2.0,0,1553509479487,16809692,292
2019-03-25 10:32:12.764,1.0,sell,3969.13,BTC-26APR19-3500-P,48.7,0.0145,1.0,2,1553509932764,16809790,294
2019-03-25 10:35:09.563,1.0,buy,3967.86,BTC-26APR19-3500-P,49.31,0.015,1.0,0,1553510109563,16809859,295
2019-03-25 10:35:11.484,1.0,buy,3967.86,BTC-26APR19-3500-P,49.31,0.015,1.0,1,1553510111484,16809860,296
2019-03-25 11:06:07.785,0.5,buy,3969.09,BTC-26APR19-3500-P,49.44,0.015,0.5,1,1553511967785,16809940,297
2019-03-25 11:06:27.286,0.1,buy,3969.04,BTC-26APR19-3500-P,49.44,0.015,0.1,1,1553511987286,16809943,298
2019-03-25 11:12:13.218,5.0,buy,3968.53,BTC-26APR19-3500-P,49.42,0.015,5.0,1,1553512333218,16809964,299
2019-03-25 11:16:16.000,25.0,sell,3968.88,BTC-26APR19-3500-P,48.11,0.014,25.0,2,1553512576000,16809976,300
2019-03-25 12:16:34.825,2.3000000000000003,buy,3961.34,BTC-26APR19-3500-P,49.05,0.015,2.3000000000000003,1,1553516194825,16810572,303
2019-03-25 12:16:34.825,0.5,buy,3961.34,BTC-26APR19-3500-P,49.05,0.015,0.5,0,1553516194825,16810570,301
2019-03-25 12:16:34.825,0.2,buy,3961.34,BTC-26APR19-3500-P,49.05,0.015,0.2,1,1553516194825,16810571,302
2019-03-25 18:15:23.552,2.0,sell,3933.14,BTC-26APR19-3500-P,47.28,0.015,2.0,1,1553537723552,16816897,304
2019-03-25 18:15:27.073,0.5,buy,3932.2,BTC-26APR19-3500-P,47.24,0.015,0.5,1,1553537727073,16816903,305
2019-03-25 19:34:08.931,0.5,buy,3899.97,BTC-26APR19-3500-P,49.36,0.0185,0.5,0,1553542448931,16825794,306
2019-03-25 20:21:29.857,2.0,sell,3882.98,BTC-26APR19-3500-P,47.16,0.0175,2.0,3,1553545289857,16826729,308
2019-03-25 20:21:29.857,50.0,sell,3882.98,BTC-26APR19-3500-P,47.16,0.0175,50.0,2,1553545289857,16826728,307
2019-03-25 20:29:28.847,1.0,sell,3879.98,BTC-26APR19-3500-P,47.58,0.018000000000000002,1.0,0,1553545768847,16827043,309
2019-03-25 20:33:10.659,0.5,sell,3879.49,BTC-26APR19-3500-P,47.56,0.018000000000000002,0.5,1,1553545990659,16827101,310
2019-03-25 20:33:10.659,2.5,sell,3879.49,BTC-26APR19-3500-P,47.56,0.018000000000000002,2.5,1,1553545990659,16827102,311
2019-03-25 21:37:46.224,0.5,sell,3885.09,BTC-26APR19-3500-P,47.77,0.018000000000000002,0.5,1,1553549866224,16828143,312
2019-03-25 23:12:32.700,2.0,buy,3906.3,BTC-26APR19-3500-P,47.55,0.0165,2.0,2,1553555552700,16829429,313
2019-03-25 23:12:40.248,1.0,buy,3906.3,BTC-26APR19-3500-P,46.96,0.016,1.0,2,1553555560248,16829431,314
2019-03-25 23:49:38.034,0.5,sell,3908.81,BTC-26APR19-3500-P,46.41,0.0155,0.5,2,1553557778034,16830167,315
2019-03-26 00:24:22.682,2.0,buy,3914.69,BTC-26APR19-3500-P,47.58,0.016,2.0,0,1553559862682,16830644,316
2019-03-26 00:24:22.682,4.0,buy,3914.69,BTC-26APR19-3500-P,47.58,0.016,4.0,1,1553559862682,16830645,317
2019-03-26 00:29:31.626,1.0,buy,3913.29,BTC-26APR19-3500-P,47.58,0.016,1.0,1,1553560171626,16830678,318
2019-03-26 00:30:03.853,2.0,buy,3912.09,BTC-26APR19-3500-P,47.49,0.016,2.0,1,1553560203853,16830707,319
2019-03-26 01:44:11.079,5.0,buy,3910.53,BTC-26APR19-3500-P,47.96,0.0165,5.0,0,1553564651079,16831401,320
2019-03-26 11:39:51.379,23.0,buy,3898.44,BTC-26APR19-3500-P,46.81,0.016,23.0,2,1553600391379,16835882,321
2019-03-26 18:07:20.939,0.5,buy,3912.89,BTC-26APR19-3500-P,46.64,0.015,0.5,2,1553623640939,16840668,322
2019-03-26 19:45:02.907,0.5,buy,3915.07,BTC-26APR19-3500-P,46.83,0.015,0.5,3,1553629502907,16841717,323
2019-03-26 19:45:05.407,1.6,sell,3915.36,BTC-26APR19-3500-P,46.84,0.015,1.6,3,1553629505407,16841719,324
2019-03-26 22:50:05.518,0.3,sell,3913.59,BTC-26APR19-3500-P,45.59,0.013999999999999999,0.3,2,1553640605518,16842460,325
2019-03-27 01:00:11.060,0.5,sell,3935.46,BTC-26APR19-3500-P,45.85,0.013000000000000001,0.5,2,1553648411060,16844352,326
2019-03-27 01:00:51.689,0.5,sell,3937.17,BTC-26APR19-3500-P,45.83,0.013000000000000001,0.5,3,1553648451689,16844401,327
2019-03-27 01:00:52.691,0.5,sell,3937.12,BTC-26APR19-3500-P,45.84,0.013000000000000001,0.5,3,1553648452691,16844404,328
2019-03-27 01:00:55.218,0.5,sell,3937.83,BTC-26APR19-3500-P,45.91,0.013000000000000001,0.5,3,1553648455218,16844618,329
2019-03-27 01:01:03.707,0.5,sell,3943.21,BTC-26APR19-3500-P,46.3,0.013000000000000001,0.5,3,1553648463707,16844765,330
2019-03-27 01:01:09.013,0.5,sell,3944.8,BTC-26APR19-3500-P,46.46,0.013000000000000001,0.5,3,1553648469013,16845078,331
2019-03-27 01:23:32.880,15.3,sell,3949.83,BTC-26APR19-3500-P,45.49,0.012,15.3,2,1553649812880,16847435,332
2019-03-27 01:23:32.880,4.7,sell,3949.83,BTC-26APR19-3500-P,45.49,0.012,4.7,3,1553649812880,16847436,333
2019-03-27 03:05:56.124,2.0,sell,3975.88,BTC-26APR19-3500-P,44.79,0.0105,2.0,2,1553655956124,16851209,334
2019-03-27 03:05:56.124,8.700000000000001,sell,3975.88,BTC-26APR19-3500-P,44.79,0.0105,8.700000000000001,3,1553655956124,16851210,335
2019-03-27 03:05:56.124,10.0,sell,3975.88,BTC-26APR19-3500-P,44.79,0.0105,10.0,3,1553655956124,16851211,336
2019-03-27 03:05:56.124,12.8,sell,3975.88,BTC-26APR19-3500-P,44.79,0.0105,12.8,3,1553655956124,16851212,337
2019-03-27 03:05:56.124,0.5,sell,3975.88,BTC-26APR19-3500-P,44.79,0.0105,0.5,3,1553655956124,16851213,338
2019-03-27 03:05:56.149,0.5,buy,3975.88,BTC-26APR19-3500-P,44.79,0.0105,0.5,3,1553655956149,16851214,339
2019-03-27 03:06:42.947,46.2,sell,3975.84,BTC-26APR19-3500-P,44.04,0.01,46.2,2,1553656002947,16851226,341
2019-03-27 03:06:42.947,7.4,sell,3975.84,BTC-26APR19-3500-P,44.79,0.0105,7.4,3,1553656002947,16851225,340
2019-03-27 03:06:42.947,5.9,sell,3975.84,BTC-26APR19-3500-P,44.04,0.01,5.9,3,1553656002947,16851228,343
2019-03-27 03:06:42.947,10.0,sell,3975.84,BTC-26APR19-3500-P,44.04,0.01,10.0,3,1553656002947,16851227,342
2019-03-27 03:06:55.032,23.1,sell,3975.84,BTC-26APR19-3500-P,44.8,0.0105,23.1,0,1553656015032,16851229,344
2019-03-27 03:06:55.032,12.8,sell,3975.84,BTC-26APR19-3500-P,44.04,0.01,12.8,2,1553656015032,16851230,345
2019-03-27 03:06:55.032,7.4,sell,3975.84,BTC-26APR19-3500-P,44.04,0.01,7.4,3,1553656015032,16851231,346
2019-03-27 03:06:55.032,0.5,sell,3975.84,BTC-26APR19-3500-P,44.04,0.01,0.5,3,1553656015032,16851232,347
2019-03-27 03:06:55.056,0.5,buy,3975.84,BTC-26APR19-3500-P,44.04,0.01,0.5,3,1553656015056,16851233,348
2019-03-27 03:06:56.322,5.7,buy,3975.84,BTC-26APR19-3500-P,44.04,0.01,5.7,3,1553656016322,16851236,349
2019-03-27 03:07:11.653,12.8,sell,3975.87,BTC-26APR19-3500-P,44.05,0.01,12.8,3,1553656031653,16851242,350
2019-03-27 03:07:11.653,46.2,sell,3975.87,BTC-26APR19-3500-P,44.05,0.01,46.2,3,1553656031653,16851243,351
2019-03-27 03:07:11.653,23.9,sell,3975.87,BTC-26APR19-3500-P,44.05,0.01,23.9,3,1553656031653,16851244,352
2019-03-27 03:07:11.656,6.1000000000000005,buy,3975.87,BTC-26APR19-3500-P,44.05,0.01,6.1000000000000005,3,1553656031656,16851245,353
2019-03-27 03:07:33.687,7.0,sell,3976.1,BTC-26APR19-3500-P,44.12,0.01,7.0,3,1553656053687,16851256,354
2019-03-27 03:34:14.646,0.5,buy,3970.7,BTC-26APR19-3500-P,46.06,0.0115,0.5,0,1553657654646,16851743,355
2019-03-27 03:34:14.646,10.0,buy,3970.7,BTC-26APR19-3500-P,46.78,0.012,10.0,0,1553657654646,16851744,356
2019-03-27 03:34:14.646,2.0,buy,3970.7,BTC-26APR19-3500-P,46.78,0.012,2.0,1,1553657654646,16851745,357
2019-03-27 03:34:14.646,12.8,buy,3970.7,BTC-26APR19-3500-P,47.5,0.0125,12.8,0,1553657654646,16851746,358
2019-03-27 03:34:14.646,5.0,buy,3970.7,BTC-26APR19-3500-P,48.89,0.0135,5.0,0,1553657654646,16851747,359
2019-03-27 03:34:14.646,39.7,buy,3970.7,BTC-26APR19-3500-P,48.89,0.0135,39.7,1,1553657654646,16851748,360
2019-03-27 03:34:33.478,0.5,buy,3970.66,BTC-26APR19-3500-P,46.78,0.012,0.5,2,1553657673478,16851751,361
2019-03-27 03:34:33.478,10.0,buy,3970.66,BTC-26APR19-3500-P,47.49,0.0125,10.0,0,1553657673478,16851752,362
2019-03-27 03:34:33.478,9.5,buy,3970.66,BTC-26APR19-3500-P,48.19,0.013,9.5,0,1553657673478,16851753,363
2019-03-27 12:12:56.801,0.5,sell,4019.59,BTC-26APR19-3500-P,45.32,0.009000000000000001,0.5,2,1553688776801,16862511,364
2019-03-27 12:12:56.814,1.0,sell,4019.59,BTC-26APR19-3500-P,45.32,0.009000000000000001,1.0,3,1553688776814,16862512,365
2019-03-27 13:43:28.721,3.0,buy,4011.36,BTC-26APR19-3500-P,46.61,0.01,3.0,0,1553694208721,16863698,366
2019-03-27 13:45:15.646,7.0,buy,4011.02,BTC-26APR19-3500-P,46.64,0.01,7.0,1,1553694315646,16863720,367
2019-03-27 16:17:35.051,1.0,sell,4005.99,BTC-26APR19-3500-P,46.31,0.01,1.0,1,1553703455051,16866087,368
2019-03-27 16:18:06.659,1.0,sell,4005.3,BTC-26APR19-3500-P,46.27,0.01,1.0,1,1553703486659,16866107,369
2019-03-27 16:18:06.659,500.0,sell,4005.3,BTC-26APR19-3500-P,46.27,0.01,500.0,1,1553703486659,16866108,370
2019-03-27 16:18:33.944,6.0,sell,4005.54,BTC-26APR19-3500-P,46.3,0.01,6.0,1,1553703513944,16866126,371
2019-03-27 16:23:22.200,0.1,buy,4006.82,BTC-26APR19-3500-P,47.12,0.0105,0.1,0,1553703802200,16866178,372
2019-03-27 17:04:53.281,9.9,buy,4007.23,BTC-26APR19-3500-P,47.2,0.0105,9.9,1,1553706293281,16866795,373
2019-03-27 17:04:53.281,21.6,buy,4007.23,BTC-26APR19-3500-P,47.2,0.0105,21.6,1,1553706293281,16866796,374
