date_utc,amount,direction,indexPrice,instrument,iv,price,quantity,tickDirection,timeStamp,tradeId,tradeSeq
2019-02-16 00:21:10.921,0.4,sell,3565.83,BTC-26APR19-3500-P,58.27,0.0925,0.4,1,1550276470921,15403228,1
2019-02-16 00:55:59.922,0.5,sell,3571.02,BTC-26APR19-3500-P,57.29,0.0905,0.5,2,1550278559922,15403565,2
2019-02-16 02:55:41.018,0.5,sell,3579.3,BTC-26APR19-3500-P,58.03,0.0905,0.5,3,1550285741018,15405376,3
2019-02-16 03:00:17.428,1.0,sell,3581.4,BTC-26APR19-3500-P,56.26,0.0875,1.0,2,1550286017428,15405415,4
2019-02-16 11:56:39.391,1.0,sell,3588.27,BTC-26APR19-3500-P,57.49,0.087,1.0,2,1550318199391,15412116,5
2019-02-16 14:53:10.968,6.0,sell,3596.66,BTC-26APR19-3500-P,57.62,0.086,6.0,2,1550328790968,15419029,6
2019-02-16 14:53:42.130,6.0,sell,3595.39,BTC-26APR19-3500-P,57.6,0.086,6.0,3,1550328822130,15419047,7
2019-02-16 15:01:47.238,6.0,sell,3600.55,BTC-26APR19-3500-P,57.94,0.086,6.0,3,1550329307238,15419247,8
2019-02-16 16:12:00.960,6.0,sell,3591.93,BTC-26APR19-3500-P,57.38,0.0865,6.0,0,1550333520960,15420841,9
2019-02-16 16:22:33.390,6.0,sell,3594.04,BTC-26APR19-3500-P,57.44,0.0865,6.0,1,1550334153390,15421210,10
2019-02-16 23:18:31.339,0.5,sell,3585.81,BTC-26APR19-3500-P,57.02,0.087,0.5,0,1550359111339,15424340,11
2019-02-17 03:33:46.002,1.0,sell,3588.86,BTC-26APR19-3500-P,55.96,0.0845,1.0,2,1550374426002,15427145,12
2019-02-17 15:35:22.138,1.0,buy,3572.22,BTC-26APR19-3500-P,57.86,0.08900000000000001,1.0,0,1550417722138,15449196,13
2019-02-17 15:55:07.476,1.0,buy,3569.35,BTC-26APR19-3500-P,57.75,0.0895,1.0,0,1550418907476,15449492,14
2019-02-17 17:15:19.350,0.1,buy,3573.06,BTC-26APR19-3500-P,57.68,0.08900000000000001,0.1,2,1550423719350,15450724,15
2019-02-18 06:25:28.361,2.0,buy,3688.67,BTC-26APR19-3500-P,58.09,0.07400000000000001,2.0,2,1550471128361,15495163,16
2019-02-18 08:07:12.648,2.9,buy,3690.65,BTC-26APR19-3500-P,58.3,0.0735,2.9,0,1550477232648,15504769,18
2019-02-18 08:07:12.648,0.1,buy,3690.65,BTC-26APR19-3500-P,56.76,0.071,0.1,2,1550477232648,15504768,17
2019-02-18 08:10:30.504,3.0,sell,3689.91,BTC-26APR19-3500-P,56.05,0.07,3.0,2,1550477430504,15504876,19
2019-02-18 08:24:12.729,2.0,sell,3692.87,BTC-26APR19-3500-P,56.37,0.07,2.0,3,1550478252729,15505356,20
2019-02-18 09:05:57.881,2.0,buy,3700.0,BTC-26APR19-3500-P,58.44,0.073,2.0,0,1550480757881,15506970,21
2019-02-18 12:21:25.115,2.0,sell,3708.82,BTC-26APR19-3500-P,56.77,0.069,2.0,2,1550492485115,15515461,22
2019-02-18 17:08:38.965,2.0,buy,3852.29,BTC-26APR19-3500-P,59.45,0.0575,2.0,2,1550509718965,15567558,23
2019-02-18 19:16:59.606,10.0,sell,3874.84,BTC-26APR19-3500-P,57.76,0.053,10.0,2,1550517419606,15575074,24
2019-02-18 22:14:33.895,5.0,buy,3849.84,BTC-26APR19-3500-P,59.72,0.058,5.0,0,1550528073895,15583380,25
2019-02-18 22:20:10.611,1.0,sell,3856.25,BTC-26APR19-3500-P,57.46,0.054000000000000006,1.0,2,1550528410611,15583922,26
2019-02-19 00:21:11.055,1.0,sell,3902.55,BTC-26APR19-3500-P,57.64,0.0495,1.0,2,1550535671055,15589759,27
2019-02-19 02:01:56.605,0.2,sell,3867.62,BTC-26APR19-3500-P,60.98,0.057,0.2,0,1550541716605,15604315,28
2019-02-19 18:01:40.400,2.0,buy,3934.7,BTC-26APR19-3500-P,63.11,0.054000000000000006,2.0,2,1550599300400,15658087,29
2019-02-20 19:58:15.059,2.0,sell,3924.0,BTC-26APR19-3500-P,57.66,0.0465,2.0,3,1550692695059,15709417,32
2019-02-20 19:58:15.059,4.2,sell,3924.0,BTC-26APR19-3500-P,59.44,0.049,4.2,2,1550692695059,15709415,30
2019-02-20 19:58:15.059,5.0,sell,3924.0,BTC-26APR19-3500-P,57.66,0.0465,5.0,2,1550692695059,15709416,31
2019-02-20 19:58:15.249,0.8,buy,3924.0,BTC-26APR19-3500-P,53.7,0.041,0.8,2,1550692695249,15709433,33
2019-02-20 19:58:20.131,3.8,buy,3924.21,BTC-26APR19-3500-P,54.45,0.042,3.8,0,1550692700131,15709505,34
2019-02-21 07:40:23.360,0.8,sell,3933.45,BTC-26APR19-3500-P,60.96,0.05,0.8,0,1550734823360,15731155,35
2019-02-21 07:46:30.199,0.2,sell,3932.75,BTC-26APR19-3500-P,60.9,0.05,0.2,1,1550735190199,15731220,36
2019-02-22 20:29:07.737,2.0,buy,3935.25,BTC-26APR19-3500-P,59.89,0.047,2.0,2,1550867347737,15787259,37
2019-02-22 21:21:09.831,2.0,sell,3936.16,BTC-26APR19-3500-P,58.22,0.0445,2.0,2,1550870469831,15787699,38
2019-02-22 21:22:47.715,1.0,sell,3938.64,BTC-26APR19-3500-P,58.31,0.0445,1.0,3,1550870567715,15787715,39
2019-02-23 12:18:48.780,2.0,sell,3932.64,BTC-26APR19-3500-P,61.78,0.05,2.0,0,1550924328780,15802340,40
2019-02-24 09:30:30.030,3.0,buy,4132.27,BTC-26APR19-3500-P,63.05,0.0365,3.0,2,1551000630030,15874338,41
2019-02-24 09:57:11.392,2.0,sell,4130.9,BTC-26APR19-3500-P,60.1,0.033,2.0,2,1551002231392,15875456,42
2019-02-24 11:37:26.832,10.0,sell,4137.6,BTC-26APR19-3500-P,62.96,0.036000000000000004,10.0,0,1551008246832,15877547,43
2019-02-24 12:53:23.137,2.5,buy,4110.48,BTC-26APR19-3500-P,62.48,0.0365,2.5,0,1551012803137,15880658,44
2019-02-24 14:16:28.534,4.6000000000000005,sell,3739.75,BTC-26APR19-3500-P,59.91,0.0725,4.6000000000000005,0,1551017788534,15901320,45
2019-02-24 14:20:21.296,2.5,sell,3825.0,BTC-26APR19-3500-P,58.96,0.061,2.5,2,1551018021296,15906946,46
2019-02-24 14:35:21.992,7.0,buy,3787.33,BTC-26APR19-3500-P,62.39,0.0675,7.0,0,1551018921992,15918847,47
2019-02-24 14:35:29.580,4.0,buy,3788.16,BTC-26APR19-3500-P,62.87,0.068,4.0,0,1551018929580,15918916,48
2019-02-24 16:03:00.638,0.2,buy,3734.64,BTC-26APR19-3500-P,57.82,0.0665,0.2,2,1551024180638,15940533,49
2019-02-27 20:43:47.374,1.0,buy,3727.55,BTC-26APR19-3500-P,59.95,0.0655,1.0,2,1551300227374,16074338,50
2019-02-27 21:09:50.500,2.0,buy,3722.9,BTC-26APR19-3500-P,60.53,0.067,2.0,0,1551301790500,16078096,51
2019-02-27 22:27:14.589,8.8,sell,3745.86,BTC-26APR19-3500-P,58.45,0.0615,8.8,2,1551306434589,16081870,52
2019-02-27 22:27:28.089,8.8,sell,3745.7,BTC-26APR19-3500-P,58.79,0.062,8.8,0,1551306448089,16081900,53
2019-02-28 12:23:13.470,1.0,buy,3823.3,BTC-26APR19-3500-P,60.71,0.0565,1.0,2,1551356593470,16102539,54
2019-03-01 07:27:51.189,4.0,sell,3796.31,BTC-26APR19-3500-P,57.32,0.0535,4.0,3,1551425271189,16143715,56
2019-03-01 07:27:51.189,6.0,sell,3796.31,BTC-26APR19-3500-P,57.32,0.0535,6.0,2,1551425271189,16143714,55
2019-03-01 15:30:19.324,1.0,sell,3815.39,BTC-26APR19-3500-P,57.46,0.0515,1.0,2,1551454219324,16151460,57
2019-03-01 21:49:26.059,6.0,buy,3831.11,BTC-26APR19-3500-P,57.5,0.0495,6.0,2,1551476966059,16156604,58
2019-03-01 21:49:40.130,5.0,sell,3830.85,BTC-26APR19-3500-P,56.74,0.0485,5.0,2,1551476980130,16156605,59
2019-03-01 21:49:40.130,495.0,sell,3830.85,BTC-26APR19-3500-P,56.74,0.0485,495.0,3,1551476980130,16156606,60
2019-03-02 14:12:23.631,1.0,buy,3810.82,BTC-26APR19-3500-P,58.87,0.053,1.0,0,1551535943631,16176702,61
2019-03-02 14:19:00.599,4.0,buy,3810.54,BTC-26APR19-3500-P,58.88,0.053,4.0,1,1551536340599,16176754,62
2019-03-02 15:48:09.201,1.0,sell,3806.39,BTC-26APR19-3500-P,58.01,0.0525,1.0,2,1551541689201,16177685,63
2019-03-02 20:24:15.706,1.0,buy,3805.05,BTC-26APR19-3500-P,58.13,0.053,1.0,0,1551558255706,16181047,64
2019-03-03 11:15:31.247,0.2,sell,3813.55,BTC-26APR19-3500-P,57.11,0.05,0.2,2,1551611731247,16188213,65
2019-03-03 22:01:19.453,3.0,buy,3790.29,BTC-26APR19-3500-P,58.54,0.054000000000000006,3.0,0,1551650479453,16198171,66
2019-03-04 00:08:11.669,5.0,sell,3794.37,BTC-26APR19-3500-P,57.3,0.0515,5.0,2,1551658091669,16201794,67
2019-03-04 00:08:11.669,1.0,sell,3794.37,BTC-26APR19-3500-P,56.93,0.051,1.0,2,1551658091669,16201795,68
2019-03-04 07:19:39.842,2.0,sell,3733.23,BTC-26APR19-3500-P,57.02,0.057,2.0,0,1551683979842,16221462,69
2019-03-04 12:30:40.526,1.0,buy,3703.1,BTC-26APR19-3500-P,58.02,0.0615,1.0,0,1551702640526,16235020,70
2019-03-04 16:50:03.345,4.0,sell,3714.35,BTC-26APR19-3500-P,56.73,0.0585,4.0,3,1551718203345,16240011,73
2019-03-04 16:50:03.345,1.0,sell,3714.35,BTC-26APR19-3500-P,56.73,0.0585,1.0,2,1551718203345,16240009,71
2019-03-04 16:50:03.345,0.6,sell,3714.35,BTC-26APR19-3500-P,56.73,0.0585,0.6,3,1551718203345,16240010,72
2019-03-05 14:08:16.671,0.1,sell,3818.48,BTC-26APR19-3500-P,56.46,0.0465,0.1,2,1551794896671,16274268,74
2019-03-05 16:08:16.171,11.9,sell,3852.48,BTC-26APR19-3500-P,57.59,0.0455,11.9,2,1551802096171,16284951,75
2019-03-05 19:05:21.411,1.0,sell,3838.79,BTC-26APR19-3500-P,56.07,0.044,1.0,2,1551812721411,16293089,76
2019-03-06 00:02:41.957,1.0,buy,3845.16,BTC-26APR19-3500-P,58.96,0.0465,1.0,0,1551830561957,16297673,77
2019-03-06 10:22:38.225,0.1,buy,3849.34,BTC-26APR19-3500-P,56.27,0.0425,0.1,2,1551867758225,16310879,78
2019-03-06 17:48:42.586,1.0,sell,3848.31,BTC-26APR19-3500-P,56.1,0.042,1.0,2,1551894522586,16326286,79
2019-03-06 19:32:10.864,6.0,sell,3845.37,BTC-26APR19-3500-P,56.3,0.0425,6.0,0,1551900730864,16326929,80
2019-03-06 19:40:57.552,50.0,buy,3844.7,BTC-26APR19-3500-P,56.64,0.043,50.0,0,1551901257552,16327012,81
2019-03-07 19:26:39.691,6.0,sell,3870.0,BTC-26APR19-3500-P,53.84,0.0365,6.0,2,1551986799691,16361386,82
2019-03-08 00:07:54.697,1.0,sell,3858.68,BTC-26APR19-3500-P,53.26,0.0365,1.0,3,1552003674697,16364327,83
2019-03-08 04:46:42.989,6.0,sell,3866.71,BTC-26APR19-3500-P,52.72,0.0355,6.0,3,1552020402989,16367616,85
2019-03-08 04:46:42.989,31.0,sell,3866.71,BTC-26APR19-3500-P,51.9,0.0345,31.0,2,1552020402989,16367617,86
2019-03-08 04:46:42.989,13.0,sell,3866.71,BTC-26APR19-3500-P,52.72,0.0355,13.0,2,1552020402989,16367615,84
2019-03-08 09:21:52.806,2.0,sell,3858.15,BTC-26APR19-3500-P,52.35,0.0355,2.0,0,1552036912806,16379500,87
2019-03-08 13:22:57.434,0.9,buy,3876.96,BTC-26APR19-3500-P,52.07,0.034,0.9,2,1552051377434,16384221,88
2019-03-08 13:33:44.267,5.0,buy,3880.48,BTC-26APR19-3500-P,53.94,0.036000000000000004,5.0,0,1552052024267,16384427,89
2019-03-08 13:39:15.869,13.0,sell,3884.61,BTC-26APR19-3500-P,51.66,0.033,13.0,3,1552052355869,16384528,91
2019-03-08 13:39:15.869,4.5,sell,3884.61,BTC-26APR19-3500-P,51.66,0.033,4.5,2,1552052355869,16384527,90
2019-03-08 13:39:15.879,0.5,buy,3884.61,BTC-26APR19-3500-P,51.66,0.033,0.5,3,1552052355879,16384529,92
2019-03-08 13:39:21.441,4.8,buy,3884.63,BTC-26APR19-3500-P,51.66,0.033,4.8,3,1552052361441,16384530,93
2019-03-08 13:39:21.625,6.0,buy,3884.63,BTC-26APR19-3500-P,51.66,0.033,6.0,3,1552052361625,16384531,94
2019-03-08 13:39:30.653,7.2,buy,3884.95,BTC-26APR19-3500-P,51.69,0.033,7.2,3,1552052370653,16384534,95
2019-03-08 13:39:34.881,2.8000000000000003,sell,3884.69,BTC-26APR19-3500-P,51.69,0.033,2.8000000000000003,3,1552052374881,16384535,96
2019-03-08 13:43:29.767,2.0,buy,3884.34,BTC-26APR19-3500-P,53.46,0.035,2.0,0,1552052609767,16384841,97
2019-03-08 13:45:09.162,3.0,sell,3881.81,BTC-26APR19-3500-P,52.5,0.034,3.0,2,1552052709162,16384915,98
2019-03-08 13:48:58.732,10.0,sell,3880.3,BTC-26APR19-3500-P,52.36,0.034,10.0,3,1552052938732,16384987,99
2019-03-08 13:53:33.048,5.0,sell,3879.34,BTC-26APR19-3500-P,52.38,0.034,5.0,3,1552053213048,16385057,100
2019-03-08 14:09:55.465,2.0,buy,3885.49,BTC-26APR19-3500-P,53.89,0.0355,2.0,0,1552054195465,16385817,101
2019-03-08 14:33:22.170,1.5,buy,3889.26,BTC-26APR19-3500-P,52.9,0.034,1.5,2,1552055602170,16386480,102
2019-03-08 18:26:40.864,1.0,buy,3887.67,BTC-26APR19-3500-P,53.94,0.035,1.0,0,1552069600864,16390956,103
2019-03-08 18:34:25.453,1.0,sell,3885.62,BTC-26APR19-3500-P,52.06,0.033,1.0,2,1552070065453,16391087,104
2019-03-08 19:28:47.206,1.0,sell,3890.25,BTC-26APR19-3500-P,52.27,0.033,1.0,3,1552073327206,16391528,105
2019-03-08 22:08:46.153,5.0,buy,3802.23,BTC-26APR19-3500-P,54.85,0.0435,5.0,0,1552082926153,16402235,106
2019-03-08 23:33:39.009,3.0,sell,3839.69,BTC-26APR19-3500-P,54.78,0.04,3.0,2,1552088019009,16407025,107
2019-03-09 00:28:55.097,3.0,sell,3851.23,BTC-26APR19-3500-P,54.94,0.039,3.0,2,1552091335097,16408911,108
2019-03-09 02:18:31.397,5.0,buy,3854.45,BTC-26APR19-3500-P,54.31,0.038,5.0,2,1552097911397,16410802,109
2019-03-09 06:19:56.618,2.0,sell,3882.74,BTC-26APR19-3500-P,54.15,0.0355,2.0,2,1552112396618,16414123,110
2019-03-09 14:09:45.148,42.5,sell,3906.22,BTC-26APR19-3500-P,51.87,0.031,42.5,3,1552140585148,16428848,114
2019-03-09 14:09:45.148,4.5,sell,3906.22,BTC-26APR19-3500-P,51.87,0.031,4.5,3,1552140585148,16428847,113
2019-03-09 14:09:45.148,1.0,sell,3906.22,BTC-26APR19-3500-P,52.3,0.0315,1.0,2,1552140585148,16428845,111
2019-03-09 14:09:45.148,2.0,sell,3906.22,BTC-26APR19-3500-P,51.87,0.031,2.0,2,1552140585148,16428846,112
2019-03-09 23:50:04.825,0.1,sell,3911.79,BTC-26APR19-3500-P,53.82,0.0325,0.1,0,1552175404825,16448804,115
2019-03-09 23:59:55.114,2.0,sell,3917.7,BTC-26APR19-3500-P,53.73,0.032,2.0,2,1552175995114,16449308,116
2019-03-10 03:49:24.001,1.0,buy,3896.47,BTC-26APR19-3500-P,54.12,0.034,1.0,0,1552189764001,16451838,117
2019-03-10 04:17:06.878,1.0,sell,3893.85,BTC-26APR19-3500-P,51.28,0.031,1.0,2,1552191426878,16452535,118
2019-03-10 19:22:54.537,2.0,sell,3881.33,BTC-26APR19-3500-P,52.15,0.0325,2.0,1,1552245774537,16465810,120
2019-03-10 19:22:54.537,3.0,sell,3881.33,BTC-26APR19-3500-P,52.15,0.0325,3.0,0,1552245774537,16465809,119
2019-03-10 23:15:27.388,1.0,sell,3904.66,BTC-26APR19-3500-P,53.92,0.0325,1.0,1,1552259727388,16468388,121
2019-03-11 04:09:27.538,2.0,sell,3908.7,BTC-26APR19-3500-P,53.78,0.032,2.0,2,1552277367538,16471636,122
2019-03-11 04:34:25.299,10.0,sell,3896.69,BTC-26APR19-3500-P,53.01,0.032,10.0,3,1552278865299,16472091,123
2019-03-11 04:48:29.080,1.0,buy,3892.46,BTC-26APR19-3500-P,53.58,0.033,1.0,0,1552279709080,16472439,124
2019-03-11 04:52:53.650,0.1,sell,3896.33,BTC-26APR19-3500-P,53.0,0.032,0.1,2,1552279973650,16472597,125
2019-03-11 06:53:41.135,0.4,buy,3874.79,BTC-26APR19-3500-P,54.23,0.035,0.4,0,1552287221135,16478922,126
2019-03-11 12:07:05.827,0.1,sell,3841.58,BTC-26APR19-3500-P,52.18,0.035,0.1,1,1552306025827,16486296,127
2019-03-11 17:43:58.612,0.9,sell,3849.95,BTC-26APR19-3500-P,52.73,0.035,0.9,1,1552326238612,16495227,128
2019-03-12 00:13:01.715,3.0,buy,3850.33,BTC-26APR19-3500-P,54.31,0.0365,3.0,0,1552349581715,16498921,129
2019-03-12 03:31:42.282,49.0,sell,3818.0,BTC-26APR19-3500-P,50.89,0.035,49.0,2,1552361502282,16507406,133
2019-03-12 03:31:42.282,11.9,sell,3818.0,BTC-26APR19-3500-P,51.3,0.0355,11.9,2,1552361502282,16507405,132
2019-03-12 03:31:42.282,0.5,sell,3818.0,BTC-26APR19-3500-P,51.72,0.036000000000000004,0.5,3,1552361502282,16507404,131
2019-03-12 03:31:42.282,13.0,sell,3818.0,BTC-26APR19-3500-P,51.72,0.036000000000000004,13.0,2,1552361502282,16507403,130
2019-03-12 08:05:09.844,0.1,sell,3841.24,BTC-26APR19-3500-P,52.76,0.035,0.1,3,1552377909844,16511411,134
2019-03-12 08:07:21.931,0.9,sell,3849.07,BTC-26APR19-3500-P,53.3,0.035,0.9,3,1552378041931,16511955,135
2019-03-12 08:21:50.275,5.0,sell,3855.18,BTC-26APR19-3500-P,52.88,0.034,5.0,2,1552378910275,16513065,136
2019-03-12 10:14:11.827,5.0,sell,3870.26,BTC-26APR19-3500-P,53.01,0.033,5.0,2,1552385651827,16517144,137
2019-03-12 13:15:38.354,1.0,buy,3868.03,BTC-26APR19-3500-P,53.11,0.0335,1.0,0,1552396538354,16520200,138
2019-03-12 17:13:56.494,0.3,sell,3860.38,BTC-26APR19-3500-P,51.82,0.0325,0.3,2,1552410836494,16524035,139
2019-03-12 20:44:27.603,6.2,sell,3864.83,BTC-26APR19-3500-P,51.7,0.032,6.2,2,1552423467603,16525519,140
2019-03-12 22:12:50.415,1.0,sell,3862.3,BTC-26APR19-3500-P,51.5,0.032,1.0,3,1552428770415,16525831,141
2019-03-13 03:36:41.799,3.0,sell,3866.01,BTC-26APR19-3500-P,51.9,0.032,3.0,3,1552448201799,16528632,142
2019-03-13 03:38:12.694,2.0,sell,3867.2,BTC-26APR19-3500-P,51.92,0.032,2.0,3,1552448292694,16528669,143
2019-03-13 12:46:00.626,0.1,buy,3849.21,BTC-26APR19-3500-P,52.57,0.034,0.1,0,1552481160626,16536291,144
2019-03-13 13:41:30.807,0.1,sell,3861.08,BTC-26APR19-3500-P,51.56,0.0315,0.1,2,1552484490807,16537122,145
2019-03-14 09:59:57.172,0.4,buy,3844.25,BTC-26APR19-3500-P,52.79,0.034,0.4,0,1552557597172,16552074,146
2019-03-14 09:59:57.172,0.5,buy,3844.25,BTC-26APR19-3500-P,52.79,0.034,0.5,1,1552557597172,16552075,147
