date_utc,amount,direction,indexPrice,instrument,iv,price,quantity,tickDirection,timeStamp,tradeId,tradeSeq
2019-02-16 00:21:10.921,0.4,sell,3565.83,BTC-26APR19-3500-P,58.27,0.0925,0.4,1,1550276470921,15403228,1
2019-02-16 00:55:59.922,0.5,sell,3571.02,BTC-26APR19-3500-P,57.29,0.0905,0.5,2,1550278559922,15403565,2
2019-02-16 02:55:41.018,0.5,sell,3579.3,BTC-26APR19-3500-P,58.03,0.0905,0.5,3,1550285741018,15405376,3
2019-02-16 03:00:17.428,1.0,sell,3581.4,BTC-26APR19-3500-P,56.26,0.0875,1.0,2,1550286017428,15405415,4
2019-02-16 11:56:39.391,1.0,sell,3588.27,BTC-26APR19-3500-P,57.49,0.087,1.0,2,1550318199391,15412116,5
2019-02-16 14:53:10.968,6.0,sell,3596.66,BTC-26APR19-3500-P,57.62,0.086,6.0,2,1550328790968,15419029,6
2019-02-16 14:53:42.130,6.0,sell,3595.39,BTC-26APR19-3500-P,57.6,0.086,6.0,3,1550328822130,15419047,7
2019-02-16 15:01:47.238,6.0,sell,3600.55,BTC-26APR19-3500-P,57.94,0.086,6.0,3,1550329307238,15419247,8
2019-02-16 16:12:00.960,6.0,sell,3591.93,BTC-26APR19-3500-P,57.38,0.0865,6.0,0,1550333520960,15420841,9
2019-02-16 16:22:33.390,6.0,sell,3594.04,BTC-26APR19-3500-P,57.44,0.0865,6.0,1,1550334153390,15421210,10
2019-02-16 23:18:31.339,0.5,sell,3585.81,BTC-26APR19-3500-P,57.02,0.087,0.5,0,1550359111339,15424340,11
2019-02-17 03:33:46.002,1.0,sell,3588.86,BTC-26APR19-3500-P,55.96,0.0845,1.0,2,1550374426002,15427145,12
2019-02-17 15:35:22.138,1.0,buy,3572.22,BTC-26APR19-3500-P,57.86,0.08900000000000001,1.0,0,1550417722138,15449196,13
2019-02-17 15:55:07.476,1.0,buy,3569.35,BTC-26APR19-3500-P,57.75,0.0895,1.0,0,1550418907476,15449492,14
2019-02-17 17:15:19.350,0.1,buy,3573.06,BTC-26APR19-3500-P,57.68,0.08900000000000001,0.1,2,1550423719350,15450724,15
2019-02-18 06:25:28.361,2.0,buy,3688.67,BTC-26APR19-3500-P,58.09,0.07400000000000001,2.0,2,1550471128361,15495163,16
2019-02-18 08:07:12.648,2.9,buy,3690.65,BTC-26APR19-3500-P,58.3,0.0735,2.9,0,1550477232648,15504769,18
2019-02-18 08:07:12.648,0.1,buy,3690.65,BTC-26APR19-3500-P,56.76,0.071,0.1,2,1550477232648,15504768,17
2019-02-18 08:10:30.504,3.0,sell,3689.91,BTC-26APR19-3500-P,56.05,0.07,3.0,2,1550477430504,15504876,19
2019-02-18 08:24:12.729,2.0,sell,3692.87,BTC-26APR19-3500-P,56.37,0.07,2.0,3,1550478252729,15505356,20
2019-02-18 09:05:57.881,2.0,buy,3700.0,BTC-26APR19-3500-P,58.44,0.073,2.0,0,1550480757881,15506970,21
2019-02-18 12:21:25.115,2.0,sell,3708.82,BTC-26APR19-3500-P,56.77,0.069,2.0,2,1550492485115,15515461,22
2019-02-18 17:08:38.965,2.0,buy,3852.29,BTC-26APR19-3500-P,59.45,0.0575,2.0,2,1550509718965,15567558,23
2019-02-18 19:16:59.606,10.0,sell,3874.84,BTC-26APR19-3500-P,57.76,0.053,10.0,2,1550517419606,15575074,24
2019-02-18 22:14:33.895,5.0,buy,3849.84,BTC-26APR19-3500-P,59.72,0.057999999999999996,5.0,0,1550528073895,15583380,25
2019-02-18 22:20:10.611,1.0,sell,3856.25,BTC-26APR19-3500-P,57.46,0.054000000000000006,1.0,2,1550528410611,15583922,26
2019-02-19 00:21:11.055,1.0,sell,3902.55,BTC-26APR19-3500-P,57.64,0.0495,1.0,2,1550535671055,15589759,27
2019-02-19 02:01:56.605,0.2,sell,3867.62,BTC-26APR19-3500-P,60.98,0.057,0.2,0,1550541716605,15604315,28
2019-02-19 18:01:40.400,2.0,buy,3934.7,BTC-26APR19-3500-P,63.11,0.054000000000000006,2.0,2,1550599300400,15658087,29
2019-02-20 19:58:15.059,4.2,sell,3924.0,BTC-26APR19-3500-P,59.44,0.049,4.2,2,1550692695059,15709415,30
2019-02-20 19:58:15.059,5.0,sell,3924.0,BTC-26APR19-3500-P,57.66,0.0465,5.0,2,1550692695059,15709416,31
2019-02-20 19:58:15.059,2.0,sell,3924.0,BTC-26APR19-3500-P,57.66,0.0465,2.0,3,1550692695059,15709417,32
2019-02-20 19:58:15.249,0.8,buy,3924.0,BTC-26APR19-3500-P,53.7,0.040999999999999995,0.8,2,1550692695249,15709433,33
2019-02-20 19:58:20.131,3.8,buy,3924.21,BTC-26APR19-3500-P,54.45,0.042,3.8,0,1550692700131,15709505,34
2019-02-21 07:40:23.360,0.8,sell,3933.45,BTC-26APR19-3500-P,60.96,0.05,0.8,0,1550734823360,15731155,35
2019-02-21 07:46:30.199,0.2,sell,3932.75,BTC-26APR19-3500-P,60.9,0.05,0.2,1,1550735190199,15731220,36
2019-02-22 20:29:07.737,2.0,buy,3935.25,BTC-26APR19-3500-P,59.89,0.047,2.0,2,1550867347737,15787259,37
2019-02-22 21:21:09.831,2.0,sell,3936.16,BTC-26APR19-3500-P,58.22,0.0445,2.0,2,1550870469831,15787699,38
2019-02-22 21:22:47.715,1.0,sell,3938.64,BTC-26APR19-3500-P,58.31,0.0445,1.0,3,1550870567715,15787715,39
2019-02-23 12:18:48.780,2.0,sell,3932.64,BTC-26APR19-3500-P,61.78,0.05,2.0,0,1550924328780,15802340,40
2019-02-24 09:30:30.030,3.0,buy,4132.27,BTC-26APR19-3500-P,63.05,0.0365,3.0,2,1551000630030,15874338,41
2019-02-24 09:57:11.392,2.0,sell,4130.9,BTC-26APR19-3500-P,60.1,0.033,2.0,2,1551002231392,15875456,42
2019-02-24 11:37:26.832,10.0,sell,4137.6,BTC-26APR19-3500-P,62.96,0.036000000000000004,10.0,0,1551008246832,15877547,43
2019-02-24 12:53:23.137,2.5,buy,4110.48,BTC-26APR19-3500-P,62.48,0.0365,2.5,0,1551012803137,15880658,44
2019-02-24 14:16:28.534,4.6000000000000005,sell,3739.75,BTC-26APR19-3500-P,59.91,0.0725,4.6000000000000005,0,1551017788534,15901320,45
2019-02-24 14:20:21.296,2.5,sell,3825.0,BTC-26APR19-3500-P,58.96,0.061,2.5,2,1551018021296,15906946,46
2019-02-24 14:35:21.992,7.0,buy,3787.33,BTC-26APR19-3500-P,62.39,0.0675,7.0,0,1551018921992,15918847,47
2019-02-24 14:35:29.580,4.0,buy,3788.16,BTC-26APR19-3500-P,62.87,0.068,4.0,0,1551018929580,15918916,48
2019-02-24 16:03:00.638,0.2,buy,3734.64,BTC-26APR19-3500-P,57.82,0.0665,0.2,2,1551024180638,15940533,49
2019-02-27 20:43:47.374,1.0,buy,3727.55,BTC-26APR19-3500-P,59.95,0.0655,1.0,2,1551300227374,16074338,50
2019-02-27 21:09:50.500,2.0,buy,3722.9,BTC-26APR19-3500-P,60.53,0.067,2.0,0,1551301790500,16078096,51
2019-02-27 22:27:14.589,8.8,sell,3745.86,BTC-26APR19-3500-P,58.45,0.0615,8.8,2,1551306434589,16081870,52
2019-02-27 22:27:28.089,8.8,sell,3745.7,BTC-26APR19-3500-P,58.79,0.062,8.8,0,1551306448089,16081900,53
2019-02-28 12:23:13.470,1.0,buy,3823.3,BTC-26APR19-3500-P,60.71,0.0565,1.0,2,1551356593470,16102539,54
2019-03-01 07:27:51.189,6.0,sell,3796.31,BTC-26APR19-3500-P,57.32,0.0535,6.0,2,1551425271189,16143714,55
2019-03-01 07:27:51.189,4.0,sell,3796.31,BTC-26APR19-3500-P,57.32,0.0535,4.0,3,1551425271189,16143715,56
2019-03-01 15:30:19.324,1.0,sell,3815.39,BTC-26APR19-3500-P,57.46,0.0515,1.0,2,1551454219324,16151460,57
2019-03-01 21:49:26.059,6.0,buy,3831.11,BTC-26APR19-3500-P,57.5,0.0495,6.0,2,1551476966059,16156604,58
2019-03-01 21:49:40.130,5.0,sell,3830.85,BTC-26APR19-3500-P,56.74,0.0485,5.0,2,1551476980130,16156605,59
2019-03-01 21:49:40.130,495.0,sell,3830.85,BTC-26APR19-3500-P,56.74,0.0485,495.0,3,1551476980130,16156606,60
2019-03-02 14:12:23.631,1.0,buy,3810.82,BTC-26APR19-3500-P,58.87,0.053,1.0,0,1551535943631,16176702,61
2019-03-02 14:19:00.599,4.0,buy,3810.54,BTC-26APR19-3500-P,58.88,0.053,4.0,1,1551536340599,16176754,62
2019-03-02 15:48:09.201,1.0,sell,3806.39,BTC-26APR19-3500-P,58.01,0.0525,1.0,2,1551541689201,16177685,63
2019-03-02 20:24:15.706,1.0,buy,3805.05,BTC-26APR19-3500-P,58.13,0.053,1.0,0,1551558255706,16181047,64
2019-03-03 11:15:31.247,0.2,sell,3813.55,BTC-26APR19-3500-P,57.11,0.05,0.2,2,1551611731247,16188213,65
2019-03-03 22:01:19.453,3.0,buy,3790.29,BTC-26APR19-3500-P,58.54,0.054000000000000006,3.0,0,1551650479453,16198171,66
2019-03-04 00:08:11.669,1.0,sell,3794.37,BTC-26APR19-3500-P,56.93,0.051,1.0,2,1551658091669,16201795,68
2019-03-04 00:08:11.669,5.0,sell,3794.37,BTC-26APR19-3500-P,57.3,0.0515,5.0,2,1551658091669,16201794,67
2019-03-04 07:19:39.842,2.0,sell,3733.23,BTC-26APR19-3500-P,57.02,0.057,2.0,0,1551683979842,16221462,69
2019-03-04 12:30:40.526,1.0,buy,3703.1,BTC-26APR19-3500-P,58.02,0.0615,1.0,0,1551702640526,16235020,70
2019-03-04 16:50:03.345,0.6,sell,3714.35,BTC-26APR19-3500-P,56.73,0.0585,0.6,3,1551718203345,16240010,72
2019-03-04 16:50:03.345,4.0,sell,3714.35,BTC-26APR19-3500-P,56.73,0.0585,4.0,3,1551718203345,16240011,73
2019-03-04 16:50:03.345,1.0,sell,3714.35,BTC-26APR19-3500-P,56.73,0.0585,1.0,2,1551718203345,16240009,71
2019-03-05 14:08:16.671,0.1,sell,3818.48,BTC-26APR19-3500-P,56.46,0.0465,0.1,2,1551794896671,16274268,74
2019-03-05 16:08:16.171,11.9,sell,3852.48,BTC-26APR19-3500-P,57.59,0.0455,11.9,2,1551802096171,16284951,75
2019-03-05 19:05:21.411,1.0,sell,3838.79,BTC-26APR19-3500-P,56.07,0.044000000000000004,1.0,2,1551812721411,16293089,76
2019-03-06 00:02:41.957,1.0,buy,3845.16,BTC-26APR19-3500-P,58.96,0.0465,1.0,0,1551830561957,16297673,77
2019-03-06 10:22:38.225,0.1,buy,3849.34,BTC-26APR19-3500-P,56.27,0.0425,0.1,2,1551867758225,16310879,78
2019-03-06 17:48:42.586,1.0,sell,3848.31,BTC-26APR19-3500-P,56.1,0.042,1.0,2,1551894522586,16326286,79
2019-03-06 19:32:10.864,6.0,sell,3845.37,BTC-26APR19-3500-P,56.3,0.0425,6.0,0,1551900730864,16326929,80
2019-03-06 19:40:57.552,50.0,buy,3844.7,BTC-26APR19-3500-P,56.64,0.043,50.0,0,1551901257552,16327012,81
2019-03-07 19:26:39.691,6.0,sell,3870.0,BTC-26APR19-3500-P,53.84,0.0365,6.0,2,1551986799691,16361386,82
2019-03-08 00:07:54.697,1.0,sell,3858.68,BTC-26APR19-3500-P,53.26,0.0365,1.0,3,1552003674697,16364327,83
2019-03-08 04:46:42.989,6.0,sell,3866.71,BTC-26APR19-3500-P,52.72,0.0355,6.0,3,1552020402989,16367616,85
2019-03-08 04:46:42.989,13.0,sell,3866.71,BTC-26APR19-3500-P,52.72,0.0355,13.0,2,1552020402989,16367615,84
2019-03-08 04:46:42.989,31.0,sell,3866.71,BTC-26APR19-3500-P,51.9,0.0345,31.0,2,1552020402989,16367617,86
2019-03-08 09:21:52.806,2.0,sell,3858.15,BTC-26APR19-3500-P,52.35,0.0355,2.0,0,1552036912806,16379500,87
2019-03-08 13:22:57.434,0.9,buy,3876.96,BTC-26APR19-3500-P,52.07,0.034,0.9,2,1552051377434,16384221,88
2019-03-08 13:33:44.267,5.0,buy,3880.48,BTC-26APR19-3500-P,53.94,0.036000000000000004,5.0,0,1552052024267,16384427,89
2019-03-08 13:39:15.869,13.0,sell,3884.61,BTC-26APR19-3500-P,51.66,0.033,13.0,3,1552052355869,16384528,91
2019-03-08 13:39:15.869,4.5,sell,3884.61,BTC-26APR19-3500-P,51.66,0.033,4.5,2,1552052355869,16384527,90
2019-03-08 13:39:15.879,0.5,buy,3884.61,BTC-26APR19-3500-P,51.66,0.033,0.5,3,1552052355879,16384529,92
2019-03-08 13:39:21.441,4.8,buy,3884.63,BTC-26APR19-3500-P,51.66,0.033,4.8,3,1552052361441,16384530,93
2019-03-08 13:39:21.625,6.0,buy,3884.63,BTC-26APR19-3500-P,51.66,0.033,6.0,3,1552052361625,16384531,94
2019-03-08 13:39:30.653,7.2,buy,3884.95,BTC-26APR19-3500-P,51.69,0.033,7.2,3,1552052370653,16384534,95
2019-03-08 13:39:34.881,2.8000000000000003,sell,3884.69,BTC-26APR19-3500-P,51.69,0.033,2.8000000000000003,3,1552052374881,16384535,96
2019-03-08 13:43:29.767,2.0,buy,3884.34,BTC-26APR19-3500-P,53.46,0.035,2.0,0,1552052609767,16384841,97
2019-03-08 13:45:09.162,3.0,sell,3881.81,BTC-26APR19-3500-P,52.5,0.034,3.0,2,1552052709162,16384915,98
2019-03-08 13:48:58.732,10.0,sell,3880.3,BTC-26APR19-3500-P,52.36,0.034,10.0,3,1552052938732,16384987,99
2019-03-08 13:53:33.048,5.0,sell,3879.34,BTC-26APR19-3500-P,52.38,0.034,5.0,3,1552053213048,16385057,100
2019-03-08 14:09:55.465,2.0,buy,3885.49,BTC-26APR19-3500-P,53.89,0.0355,2.0,0,1552054195465,16385817,101
2019-03-08 14:33:22.170,1.5,buy,3889.26,BTC-26APR19-3500-P,52.9,0.034,1.5,2,1552055602170,16386480,102
2019-03-08 18:26:40.864,1.0,buy,3887.67,BTC-26APR19-3500-P,53.94,0.035,1.0,0,1552069600864,16390956,103
2019-03-08 18:34:25.453,1.0,sell,3885.62,BTC-26APR19-3500-P,52.06,0.033,1.0,2,1552070065453,16391087,104
2019-03-08 19:28:47.206,1.0,sell,3890.25,BTC-26APR19-3500-P,52.27,0.033,1.0,3,1552073327206,16391528,105
2019-03-08 22:08:46.153,5.0,buy,3802.23,BTC-26APR19-3500-P,54.85,0.0435,5.0,0,1552082926153,16402235,106
2019-03-08 23:33:39.009,3.0,sell,3839.69,BTC-26APR19-3500-P,54.78,0.04,3.0,2,1552088019009,16407025,107
2019-03-09 00:28:55.097,3.0,sell,3851.23,BTC-26APR19-3500-P,54.94,0.039,3.0,2,1552091335097,16408911,108
2019-03-09 02:18:31.397,5.0,buy,3854.45,BTC-26APR19-3500-P,54.31,0.038,5.0,2,1552097911397,16410802,109
2019-03-09 06:19:56.618,2.0,sell,3882.74,BTC-26APR19-3500-P,54.15,0.0355,2.0,2,1552112396618,16414123,110
2019-03-09 14:09:45.148,4.5,sell,3906.22,BTC-26APR19-3500-P,51.87,0.031,4.5,3,1552140585148,16428847,113
2019-03-09 14:09:45.148,42.5,sell,3906.22,BTC-26APR19-3500-P,51.87,0.031,42.5,3,1552140585148,16428848,114
2019-03-09 14:09:45.148,2.0,sell,3906.22,BTC-26APR19-3500-P,51.87,0.031,2.0,2,1552140585148,16428846,112
2019-03-09 14:09:45.148,1.0,sell,3906.22,BTC-26APR19-3500-P,52.3,0.0315,1.0,2,1552140585148,16428845,111
2019-03-09 23:50:04.825,0.1,sell,3911.79,BTC-26APR19-3500-P,53.82,0.0325,0.1,0,1552175404825,16448804,115
2019-03-09 23:59:55.114,2.0,sell,3917.7,BTC-26APR19-3500-P,53.73,0.032,2.0,2,1552175995114,16449308,116
2019-03-10 03:49:24.001,1.0,buy,3896.47,BTC-26APR19-3500-P,54.12,0.034,1.0,0,1552189764001,16451838,117
2019-03-10 04:17:06.878,1.0,sell,3893.85,BTC-26APR19-3500-P,51.28,0.031,1.0,2,1552191426878,16452535,118
2019-03-10 19:22:54.537,3.0,sell,3881.33,BTC-26APR19-3500-P,52.15,0.0325,3.0,0,1552245774537,16465809,119
2019-03-10 19:22:54.537,2.0,sell,3881.33,BTC-26APR19-3500-P,52.15,0.0325,2.0,1,1552245774537,16465810,120
2019-03-10 23:15:27.388,1.0,sell,3904.66,BTC-26APR19-3500-P,53.92,0.0325,1.0,1,1552259727388,16468388,121
2019-03-11 04:09:27.538,2.0,sell,3908.7,BTC-26APR19-3500-P,53.78,0.032,2.0,2,1552277367538,16471636,122
2019-03-11 04:34:25.299,10.0,sell,3896.69,BTC-26APR19-3500-P,53.01,0.032,10.0,3,1552278865299,16472091,123
2019-03-11 04:48:29.080,1.0,buy,3892.46,BTC-26APR19-3500-P,53.58,0.033,1.0,0,1552279709080,16472439,124
2019-03-11 04:52:53.650,0.1,sell,3896.33,BTC-26APR19-3500-P,53.0,0.032,0.1,2,1552279973650,16472597,125
2019-03-11 06:53:41.135,0.4,buy,3874.79,BTC-26APR19-3500-P,54.23,0.035,0.4,0,1552287221135,16478922,126
2019-03-11 12:07:05.827,0.1,sell,3841.58,BTC-26APR19-3500-P,52.18,0.035,0.1,1,1552306025827,16486296,127
2019-03-11 17:43:58.612,0.9,sell,3849.95,BTC-26APR19-3500-P,52.73,0.035,0.9,1,1552326238612,16495227,128
2019-03-12 00:13:01.715,3.0,buy,3850.33,BTC-26APR19-3500-P,54.31,0.0365,3.0,0,1552349581715,16498921,129
2019-03-12 03:31:42.282,11.9,sell,3818.0,BTC-26APR19-3500-P,51.3,0.0355,11.9,2,1552361502282,16507405,132
2019-03-12 03:31:42.282,49.0,sell,3818.0,BTC-26APR19-3500-P,50.89,0.035,49.0,2,1552361502282,16507406,133
2019-03-12 03:31:42.282,0.5,sell,3818.0,BTC-26APR19-3500-P,51.72,0.036000000000000004,0.5,3,1552361502282,16507404,131
2019-03-12 03:31:42.282,13.0,sell,3818.0,BTC-26APR19-3500-P,51.72,0.036000000000000004,13.0,2,1552361502282,16507403,130
2019-03-12 08:05:09.844,0.1,sell,3841.24,BTC-26APR19-3500-P,52.76,0.035,0.1,3,1552377909844,16511411,134
2019-03-12 08:07:21.931,0.9,sell,3849.07,BTC-26APR19-3500-P,53.3,0.035,0.9,3,1552378041931,16511955,135
2019-03-12 08:21:50.275,5.0,sell,3855.18,BTC-26APR19-3500-P,52.88,0.034,5.0,2,1552378910275,16513065,136
2019-03-12 10:14:11.827,5.0,sell,3870.26,BTC-26APR19-3500-P,53.01,0.033,5.0,2,1552385651827,16517144,137
2019-03-12 13:15:38.354,1.0,buy,3868.03,BTC-26APR19-3500-P,53.11,0.0335,1.0,0,1552396538354,16520200,138
2019-03-12 17:13:56.494,0.3,sell,3860.38,BTC-26APR19-3500-P,51.82,0.0325,0.3,2,1552410836494,16524035,139
2019-03-12 20:44:27.603,6.2,sell,3864.83,BTC-26APR19-3500-P,51.7,0.032,6.2,2,1552423467603,16525519,140
2019-03-12 22:12:50.415,1.0,sell,3862.3,BTC-26APR19-3500-P,51.5,0.032,1.0,3,1552428770415,16525831,141
2019-03-13 03:36:41.799,3.0,sell,3866.01,BTC-26APR19-3500-P,51.9,0.032,3.0,3,1552448201799,16528632,142
2019-03-13 03:38:12.694,2.0,sell,3867.2,BTC-26APR19-3500-P,51.92,0.032,2.0,3,1552448292694,16528669,143
2019-03-13 12:46:00.626,0.1,buy,3849.21,BTC-26APR19-3500-P,52.57,0.034,0.1,0,1552481160626,16536291,144
2019-03-13 13:41:30.807,0.1,sell,3861.08,BTC-26APR19-3500-P,51.56,0.0315,0.1,2,1552484490807,16537122,145
2019-03-14 09:59:57.172,0.5,buy,3844.25,BTC-26APR19-3500-P,52.79,0.034,0.5,1,1552557597172,16552075,147
2019-03-14 09:59:57.172,0.4,buy,3844.25,BTC-26APR19-3500-P,52.79,0.034,0.4,0,1552557597172,16552074,146
2019-03-14 13:34:13.061,0.5,sell,3850.29,BTC-26APR19-3500-P,51.5,0.032,0.5,3,1552570453061,16554812,149
2019-03-14 13:34:13.061,4.0,sell,3850.29,BTC-26APR19-3500-P,51.5,0.032,4.0,2,1552570453061,16554811,148
2019-03-14 15:01:43.588,1.0,sell,3857.65,BTC-26APR19-3500-P,53.07,0.033,1.0,0,1552575703588,16569995,150
2019-03-14 20:28:05.920,10.0,sell,3854.05,BTC-26APR19-3500-P,50.82,0.0305,10.0,2,1552595285920,16573238,151
2019-03-15 01:11:47.385,1.0,sell,3868.41,BTC-26APR19-3500-P,52.29,0.031,1.0,0,1552612307385,16576050,152
2019-03-15 09:50:49.959,5.0,sell,3864.64,BTC-26APR19-3500-P,52.59,0.031,5.0,1,1552643449959,16582553,153
2019-03-15 12:00:14.121,3.0,sell,3888.23,BTC-26APR19-3500-P,52.34,0.029,3.0,2,1552651214121,16587609,154
2019-03-15 13:15:38.684,10.0,buy,3882.09,BTC-26APR19-3500-P,51.61,0.0285,10.0,2,1552655738684,16591341,155
2019-03-15 13:15:48.852,4.9,buy,3882.21,BTC-26APR19-3500-P,51.62,0.0285,4.9,3,1552655748852,16591345,156
2019-03-15 13:16:07.499,10.0,buy,3882.24,BTC-26APR19-3500-P,51.63,0.0285,10.0,3,1552655767499,16591354,157
2019-03-15 13:16:48.061,10.0,buy,3882.46,BTC-26APR19-3500-P,51.63,0.0285,10.0,3,1552655808061,16591358,158
2019-03-15 13:46:23.846,0.5,buy,3881.84,BTC-26APR19-3500-P,51.87,0.029,0.5,0,1552657583846,16591890,159
2019-03-15 13:46:44.710,3.0,buy,3881.84,BTC-26APR19-3500-P,52.33,0.0295,3.0,0,1552657604710,16591893,160
2019-03-15 13:46:50.851,1.0,buy,3881.84,BTC-26APR19-3500-P,52.79,0.03,1.0,0,1552657610851,16591894,161
2019-03-15 14:16:25.097,0.5,sell,3888.49,BTC-26APR19-3500-P,52.42,0.029,0.5,2,1552659385097,16592337,162
2019-03-15 15:44:28.835,3.0,sell,3898.23,BTC-26APR19-3500-P,51.01,0.027000000000000003,3.0,2,1552664668835,16595518,163
2019-03-15 21:29:31.676,1.0,buy,3887.4,BTC-26APR19-3500-P,51.34,0.028,1.0,0,1552685371676,16601439,164
2019-03-15 21:33:58.799,3.0,buy,3887.01,BTC-26APR19-3500-P,52.05,0.0285,3.0,0,1552685638799,16601548,165
2019-03-15 22:15:08.107,3.0,sell,3894.85,BTC-26APR19-3500-P,51.58,0.0275,3.0,2,1552688108107,16601887,166
2019-03-16 01:40:01.751,1.0,buy,3921.61,BTC-26APR19-3500-P,52.85,0.027000000000000003,1.0,2,1552700401751,16606013,167
2019-03-16 01:51:21.260,1.0,buy,3927.86,BTC-26APR19-3500-P,53.12,0.0265,1.0,2,1552701081260,16606574,168
2019-03-16 01:51:28.001,0.2,buy,3928.06,BTC-26APR19-3500-P,53.13,0.0265,0.2,3,1552701088001,16606582,169
2019-03-16 01:52:29.179,1.0,sell,3928.34,BTC-26APR19-3500-P,52.65,0.026,1.0,2,1552701149179,16606689,170
2019-03-16 01:54:09.529,9.0,sell,3930.08,BTC-26APR19-3500-P,52.93,0.026,9.0,3,1552701249529,16606843,171
2019-03-16 04:15:00.838,1.0,sell,3979.44,BTC-26APR19-3500-P,54.58,0.025,1.0,2,1552709700838,16616421,172
2019-03-16 04:17:32.471,1.0,sell,3997.35,BTC-26APR19-3500-P,54.72,0.024,1.0,2,1552709852471,16617803,173
2019-03-16 04:17:32.471,2.0,sell,3997.35,BTC-26APR19-3500-P,54.72,0.024,2.0,3,1552709852471,16617804,174
2019-03-16 04:17:49.810,1.0,sell,4010.86,BTC-26APR19-3500-P,55.16,0.0235,1.0,2,1552709869810,16618325,175
2019-03-16 04:38:15.609,2.0,buy,4000.0,BTC-26APR19-3500-P,55.01,0.024,2.0,0,1552711095609,16624566,176
2019-03-16 05:09:11.472,3.0,sell,4031.38,BTC-26APR19-3500-P,56.4,0.0235,3.0,2,1552712951472,16628389,177
2019-03-16 05:09:26.159,5.0,sell,4036.67,BTC-26APR19-3500-P,55.64,0.0225,5.0,2,1552712966159,16628535,178
2019-03-16 05:30:24.030,2.0,buy,4007.61,BTC-26APR19-3500-P,55.28,0.024,2.0,0,1552714224030,16630818,179
2019-03-16 05:42:36.343,3.0,buy,4008.1,BTC-26APR19-3500-P,55.38,0.024,3.0,1,1552714956343,16631448,180
2019-03-16 07:42:03.991,8.8,buy,4005.33,BTC-26APR19-3500-P,57.38,0.026,8.8,0,1552722123991,16635339,181
2019-03-16 07:43:09.477,11.0,buy,4005.01,BTC-26APR19-3500-P,57.33,0.026,11.0,1,1552722189477,16635344,182
2019-03-16 07:44:51.270,5.7,buy,4004.81,BTC-26APR19-3500-P,57.33,0.026,5.7,1,1552722291270,16635374,183
2019-03-16 07:51:44.170,5.0,buy,4003.64,BTC-26APR19-3500-P,56.72,0.0255,5.0,2,1552722704170,16635486,184
2019-03-16 07:53:58.390,5.0,buy,4002.81,BTC-26APR19-3500-P,56.69,0.0255,5.0,3,1552722838390,16635495,185
2019-03-16 08:27:38.815,0.2,sell,3996.0,BTC-26APR19-3500-P,54.86,0.024,0.2,2,1552724858815,16636090,186
2019-03-16 08:37:43.232,0.5,buy,3991.02,BTC-26APR19-3500-P,56.12,0.0255,0.5,0,1552725463232,16636271,187
2019-03-16 08:37:43.232,3.5,buy,3991.02,BTC-26APR19-3500-P,56.12,0.0255,3.5,1,1552725463232,16636272,188
2019-03-16 08:37:54.733,0.5,buy,3990.91,BTC-26APR19-3500-P,56.63,0.026,0.5,0,1552725474733,16636278,189
2019-03-16 09:48:16.659,2.5,sell,4002.09,BTC-26APR19-3500-P,53.55,0.0225,2.5,2,1552729696659,16637278,190
2019-03-16 11:51:48.817,0.3,sell,4004.74,BTC-26APR19-3500-P,54.41,0.023,0.3,0,1552737108817,16639014,191
2019-03-16 11:51:48.817,0.7000000000000001,sell,4004.74,BTC-26APR19-3500-P,52.82,0.0215,0.7000000000000001,2,1552737108817,16639015,192
2019-03-16 16:51:58.900,2.0,sell,3984.17,BTC-26APR19-3500-P,53.47,0.023,2.0,0,1552755118900,16647077,193
2019-03-16 16:51:58.900,1.0,sell,3984.17,BTC-26APR19-3500-P,52.95,0.0225,1.0,2,1552755118900,16647079,195
2019-03-16 16:51:58.900,0.5,sell,3984.17,BTC-26APR19-3500-P,53.47,0.023,0.5,1,1552755118900,16647078,194
2019-03-16 16:51:58.900,50.0,sell,3984.17,BTC-26APR19-3500-P,52.95,0.0225,50.0,3,1552755118900,16647080,196
2019-03-17 07:09:23.117,3.0,buy,3954.34,BTC-26APR19-3500-P,52.92,0.024,3.0,0,1552806563117,16658835,197
2019-03-17 07:09:31.677,2.0,buy,3954.34,BTC-26APR19-3500-P,52.93,0.024,2.0,1,1552806571677,16658836,198
2019-03-17 07:41:19.767,0.5,sell,3952.89,BTC-26APR19-3500-P,51.36,0.0225,0.5,3,1552808479767,16658990,200
2019-03-17 07:41:19.767,25.0,sell,3952.89,BTC-26APR19-3500-P,51.36,0.0225,25.0,2,1552808479767,16658989,199
2019-03-17 12:14:26.112,0.5,sell,3963.42,BTC-26APR19-3500-P,51.63,0.022,0.5,2,1552824866112,16662178,201
2019-03-17 18:19:40.905,13.0,sell,3968.12,BTC-26APR19-3500-P,50.39,0.0205,13.0,2,1552846780905,16666206,202
2019-03-17 18:19:40.905,37.0,sell,3968.12,BTC-26APR19-3500-P,50.39,0.0205,37.0,3,1552846780905,16666207,203
2019-03-17 18:19:52.207,13.0,sell,3968.25,BTC-26APR19-3500-P,50.41,0.0205,13.0,3,1552846792207,16666209,204
2019-03-17 19:44:07.782,0.5,buy,3973.11,BTC-26APR19-3500-P,51.73,0.0215,0.5,0,1552851847782,16666573,205
2019-03-18 00:32:34.526,5.0,sell,3980.0,BTC-26APR19-3500-P,50.65,0.02,5.0,2,1552869154526,16669336,206
2019-03-18 00:46:39.224,8.0,sell,3982.17,BTC-26APR19-3500-P,50.13,0.0195,8.0,2,1552869999224,16669542,207
2019-03-18 01:42:44.772,1.0,buy,4012.56,BTC-26APR19-3500-P,53.05,0.0205,1.0,0,1552873364772,16673152,208
2019-03-18 01:45:42.364,0.5,buy,4005.96,BTC-26APR19-3500-P,52.76,0.0205,0.5,1,1552873542364,16673484,210
2019-03-18 01:45:42.364,0.5,buy,4005.96,BTC-26APR19-3500-P,52.76,0.0205,0.5,1,1552873542364,16673483,209
2019-03-18 01:46:34.672,2.0,buy,4002.3,BTC-26APR19-3500-P,52.68,0.0205,2.0,1,1552873594672,16673584,211
2019-03-18 02:07:12.544,1.0,sell,4004.27,BTC-26APR19-3500-P,52.25,0.02,1.0,2,1552874832544,16674445,212
2019-03-18 02:08:39.630,0.5,sell,4004.98,BTC-26APR19-3500-P,51.12,0.019,0.5,3,1552874919630,16674472,214
2019-03-18 02:08:39.630,0.5,sell,4004.98,BTC-26APR19-3500-P,51.12,0.019,0.5,3,1552874919630,16674473,215
2019-03-18 02:08:39.630,1.0,sell,4004.98,BTC-26APR19-3500-P,51.12,0.019,1.0,2,1552874919630,16674471,213
2019-03-18 10:38:23.568,0.2,buy,3948.1,BTC-26APR19-3500-P,52.28,0.023,0.2,0,1552905503568,16686581,216
2019-03-18 10:38:23.640,0.2,buy,3948.1,BTC-26APR19-3500-P,52.28,0.023,0.2,1,1552905503640,16686583,217
2019-03-18 10:38:23.730,0.2,buy,3948.1,BTC-26APR19-3500-P,52.28,0.023,0.2,1,1552905503730,16686585,218
2019-03-18 10:38:23.858,0.1,buy,3948.1,BTC-26APR19-3500-P,52.28,0.023,0.1,1,1552905503858,16686588,220
2019-03-18 10:38:23.858,0.1,buy,3948.1,BTC-26APR19-3500-P,52.28,0.023,0.1,1,1552905503858,16686587,219
2019-03-18 10:38:23.951,0.2,buy,3948.1,BTC-26APR19-3500-P,52.28,0.023,0.2,1,1552905503951,16686590,221
2019-03-18 10:38:24.057,0.2,buy,3948.1,BTC-26APR19-3500-P,52.28,0.023,0.2,1,1552905504057,16686592,222
2019-03-18 10:39:25.540,0.2,sell,3948.41,BTC-26APR19-3500-P,51.74,0.0225,0.2,2,1552905565540,16686610,223
2019-03-18 11:19:57.877,0.4,sell,3947.89,BTC-26APR19-3500-P,51.63,0.0225,0.4,3,1552907997877,16687153,224
2019-03-18 13:20:57.969,0.1,sell,3963.61,BTC-26APR19-3500-P,50.11,0.02,0.1,2,1552915257969,16689648,225
2019-03-18 14:03:00.944,6.0,sell,3963.98,BTC-26APR19-3500-P,50.25,0.02,6.0,3,1552917780944,16690063,226
2019-03-18 23:53:20.399,1.0,sell,3969.87,BTC-26APR19-3500-P,49.7,0.019,1.0,2,1552953200399,16695004,227
2019-03-18 23:53:20.399,0.5,sell,3969.87,BTC-26APR19-3500-P,49.7,0.019,0.5,3,1552953200399,16695005,228
2019-03-18 23:53:58.433,0.1,sell,3969.92,BTC-26APR19-3500-P,49.14,0.0185,0.1,2,1552953238433,16695011,229
2019-03-18 23:54:33.897,0.5,sell,3969.95,BTC-26APR19-3500-P,48.58,0.018000000000000002,0.5,2,1552953273897,16695012,230
2019-03-18 23:55:32.030,1.5,sell,3970.14,BTC-26APR19-3500-P,48.58,0.018000000000000002,1.5,2,1552953332030,16695022,232
2019-03-18 23:55:32.030,0.2,sell,3970.14,BTC-26APR19-3500-P,49.7,0.019,0.2,0,1552953332030,16695021,231
2019-03-18 23:55:32.030,6.3,sell,3970.14,BTC-26APR19-3500-P,48.58,0.018000000000000002,6.3,3,1552953332030,16695023,233
2019-03-19 01:10:37.206,10.0,buy,3983.95,BTC-26APR19-3500-P,51.09,0.0195,10.0,0,1552957837206,16695977,234
2019-03-19 01:10:49.421,1.0,buy,3983.95,BTC-26APR19-3500-P,51.09,0.0195,1.0,1,1552957849421,16695978,235
2019-03-19 01:10:52.617,1.0,buy,3983.95,BTC-26APR19-3500-P,51.09,0.0195,1.0,1,1552957852617,16695979,236
2019-03-19 01:10:58.363,1.0,buy,3983.94,BTC-26APR19-3500-P,51.09,0.0195,1.0,1,1552957858363,16695980,237
2019-03-19 13:29:23.988,0.1,buy,3970.1,BTC-26APR19-3500-P,50.86,0.0195,0.1,1,1553002163988,16704903,238
2019-03-19 19:04:11.501,10.0,sell,3982.38,BTC-26APR19-3500-P,49.2,0.0175,10.0,2,1553022251501,16715041,239
2019-03-19 23:21:18.480,1.0,buy,3993.02,BTC-26APR19-3500-P,49.95,0.0175,1.0,3,1553037678480,16717036,240
2019-03-19 23:21:26.413,1.0,buy,3993.02,BTC-26APR19-3500-P,49.95,0.0175,1.0,3,1553037686413,16717039,241
2019-03-20 00:52:55.143,0.5,buy,3991.21,BTC-26APR19-3500-P,49.26,0.017,0.5,2,1553043175143,16720568,242
2019-03-20 00:52:55.143,5.5,buy,3991.21,BTC-26APR19-3500-P,49.26,0.017,5.5,3,1553043175143,16720569,243
2019-03-20 04:40:19.791,1.0,buy,3974.67,BTC-26APR19-3500-P,50.62,0.019,1.0,0,1553056819791,16724245,244
2019-03-20 04:47:46.562,0.1,sell,3975.46,BTC-26APR19-3500-P,50.1,0.0185,0.1,2,1553057266562,16724434,245
2019-03-20 05:57:31.179,1.0,sell,3984.93,BTC-26APR19-3500-P,50.17,0.018000000000000002,1.0,2,1553061451179,16724819,246
2019-03-20 14:12:31.813,0.2,buy,3995.57,BTC-26APR19-3500-P,49.28,0.0165,0.2,2,1553091151813,16732406,247
2019-03-20 14:20:55.913,9.8,buy,3994.21,BTC-26APR19-3500-P,49.15,0.0165,9.8,3,1553091655913,16732629,248
2019-03-20 20:23:26.428,0.5,sell,4015.65,BTC-26APR19-3500-P,49.81,0.016,0.5,2,1553113406428,16739204,249
2019-03-21 00:59:06.819,3.0,sell,4038.67,BTC-26APR19-3500-P,49.48,0.0145,3.0,2,1553129946819,16746276,250
2019-03-21 10:39:28.838,5.0,buy,4030.32,BTC-26APR19-3500-P,50.56,0.0155,5.0,0,1553164768838,16750729,251
2019-03-21 11:44:07.546,0.5,sell,4030.57,BTC-26APR19-3500-P,49.43,0.0145,0.5,2,1553168647546,16751591,252
2019-03-21 13:10:31.357,1.0,buy,4036.76,BTC-26APR19-3500-P,50.29,0.015,1.0,0,1553173831357,16754794,253
2019-03-21 13:10:32.881,1.0,buy,4036.76,BTC-26APR19-3500-P,50.29,0.015,1.0,1,1553173832881,16754795,254
2019-03-21 13:10:35.972,0.3,buy,4036.93,BTC-26APR19-3500-P,50.3,0.015,0.3,1,1553173835972,16754797,256
2019-03-21 13:10:35.972,0.7000000000000001,buy,4036.93,BTC-26APR19-3500-P,50.3,0.015,0.7000000000000001,1,1553173835972,16754796,255
2019-03-21 14:06:51.646,12.8,sell,4017.8,BTC-26APR19-3500-P,48.52,0.0145,12.8,2,1553177211646,16757065,257
2019-03-21 14:06:51.646,0.5,sell,4017.8,BTC-26APR19-3500-P,48.52,0.0145,0.5,3,1553177211646,16757066,258
2019-03-21 14:19:01.254,0.1,buy,4009.26,BTC-26APR19-3500-P,49.43,0.0155,0.1,0,1553177941254,16757258,259
2019-03-21 14:48:37.789,2.0,sell,3982.01,BTC-26APR19-3500-P,47.84,0.0155,2.0,1,1553179717789,16760402,260
2019-03-21 15:26:16.794,10.0,buy,3968.59,BTC-26APR19-3500-P,50.55,0.0185,10.0,0,1553181976794,16766835,261
2019-03-21 23:48:43.017,0.8,sell,3976.96,BTC-26APR19-3500-P,47.85,0.0155,0.8,3,1553212123017,16772586,263
2019-03-21 23:48:43.017,0.2,sell,3976.96,BTC-26APR19-3500-P,47.85,0.0155,0.2,2,1553212123017,16772585,262
2019-03-22 04:21:26.303,0.5,buy,3971.66,BTC-26APR19-3500-P,48.22,0.016,0.5,1,1553228486303,16773940,265
2019-03-22 04:21:26.303,1.0,buy,3971.66,BTC-26APR19-3500-P,48.22,0.016,1.0,0,1553228486303,16773939,264
2019-03-23 05:44:33.429,0.2,sell,3987.97,BTC-26APR19-3500-P,47.7,0.013999999999999999,0.2,2,1553319873429,16787991,266
2019-03-23 12:48:56.730,0.2,buy,3981.56,BTC-26APR19-3500-P,49.5,0.0155,0.2,0,1553345336730,16792084,267
2019-03-23 12:49:17.580,0.2,buy,3980.55,BTC-26APR19-3500-P,50.08,0.016,0.2,0,1553345357580,16792096,268
2019-03-23 12:49:17.626,0.2,sell,3980.55,BTC-26APR19-3500-P,50.08,0.016,0.2,1,1553345357626,16792097,269
2019-03-23 12:49:22.441,0.4,sell,3980.57,BTC-26APR19-3500-P,50.08,0.016,0.4,1,1553345362441,16792098,270
2019-03-24 01:02:14.531,0.8,buy,3974.74,BTC-26APR19-3500-P,50.01,0.016,0.8,1,1553389334531,16796757,272
2019-03-24 01:02:14.531,0.2,buy,3974.74,BTC-26APR19-3500-P,50.01,0.016,0.2,1,1553389334531,16796756,271
2019-03-24 07:23:42.695,1.0,sell,3963.78,BTC-26APR19-3500-P,47.64,0.0145,1.0,2,1553412222695,16799065,273
2019-03-24 09:12:46.255,1.0,sell,3967.7,BTC-26APR19-3500-P,47.39,0.014,1.0,2,1553418766255,16799671,274
2019-03-24 09:13:20.805,2.0,buy,3967.75,BTC-26APR19-3500-P,49.32,0.0155,2.0,0,1553418800805,16799674,275
2019-03-24 09:13:23.889,2.0,buy,3967.83,BTC-26APR19-3500-P,49.33,0.0155,2.0,1,1553418803889,16799675,276
2019-03-24 09:13:28.165,1.0,buy,3967.83,BTC-26APR19-3500-P,49.33,0.0155,1.0,1,1553418808165,16799676,277
2019-03-24 11:35:18.607,1.0,sell,3974.97,BTC-26APR19-3500-P,47.86,0.014,1.0,2,1553427318607,16800604,278
2019-03-24 13:31:34.424,0.2,buy,3971.76,BTC-26APR19-3500-P,49.67,0.0155,0.2,0,1553434294424,16800993,279
2019-03-24 13:31:34.424,0.2,buy,3971.76,BTC-26APR19-3500-P,49.67,0.0155,0.2,1,1553434294424,16800994,280
2019-03-24 13:31:34.424,0.6,buy,3971.76,BTC-26APR19-3500-P,49.67,0.0155,0.6,1,1553434294424,16800995,281
2019-03-24 14:44:53.455,1.0,buy,3973.2,BTC-26APR19-3500-P,49.04,0.015,1.0,2,1553438693455,16801320,282
2019-03-24 21:38:56.439,1.0,sell,3961.05,BTC-26APR19-3500-P,47.34,0.014,1.0,2,1553463536439,16805047,283
2019-03-24 21:38:56.439,0.2,sell,3961.05,BTC-26APR19-3500-P,47.34,0.014,0.2,3,1553463536439,16805048,284
2019-03-25 02:19:19.135,0.2,buy,3973.9,BTC-26APR19-3500-P,48.72,0.0145,0.2,0,1553480359135,16807582,285
2019-03-25 02:19:19.170,0.2,sell,3973.9,BTC-26APR19-3500-P,48.72,0.0145,0.2,1,1553480359170,16807583,286
2019-03-25 02:19:19.210,0.2,sell,3973.9,BTC-26APR19-3500-P,48.72,0.0145,0.2,1,1553480359210,16807584,287
2019-03-25 02:19:21.226,0.4,sell,3973.9,BTC-26APR19-3500-P,48.72,0.0145,0.4,1,1553480361226,16807585,288
2019-03-25 06:09:12.392,1.0,buy,3968.83,BTC-26APR19-3500-P,48.7,0.0145,1.0,1,1553494152392,16808550,289
2019-03-25 09:43:26.021,0.2,buy,3971.68,BTC-26APR19-3500-P,48.9,0.0145,0.2,1,1553507006021,16809593,290
2019-03-25 09:43:26.047,0.2,sell,3971.68,BTC-26APR19-3500-P,48.9,0.0145,0.2,1,1553507006047,16809594,291
2019-03-25 10:24:39.487,1.0,buy,3969.81,BTC-26APR19-3500-P,49.53,0.015,1.0,1,1553509479487,16809693,293
2019-03-25 10:24:39.487,2.0,buy,3969.81,BTC-26APR19-3500-P,49.53,0.015,2.0,0,1553509479487,16809692,292
2019-03-25 10:32:12.764,1.0,sell,3969.13,BTC-26APR19-3500-P,48.7,0.0145,1.0,2,1553509932764,16809790,294
2019-03-25 10:35:09.563,1.0,buy,3967.86,BTC-26APR19-3500-P,49.31,0.015,1.0,0,1553510109563,16809859,295
2019-03-25 10:35:11.484,1.0,buy,3967.86,BTC-26APR19-3500-P,49.31,0.015,1.0,1,1553510111484,16809860,296
2019-03-25 11:06:07.785,0.5,buy,3969.09,BTC-26APR19-3500-P,49.44,0.015,0.5,1,1553511967785,16809940,297
2019-03-25 11:06:27.286,0.1,buy,3969.04,BTC-26APR19-3500-P,49.44,0.015,0.1,1,1553511987286,16809943,298
2019-03-25 11:12:13.218,5.0,buy,3968.53,BTC-26APR19-3500-P,49.42,0.015,5.0,1,1553512333218,16809964,299
2019-03-25 11:16:16.000,25.0,sell,3968.88,BTC-26APR19-3500-P,48.11,0.013999999999999999,25.0,2,1553512576000,16809976,300
2019-03-25 12:16:34.825,0.2,buy,3961.34,BTC-26APR19-3500-P,49.05,0.015,0.2,1,1553516194825,16810571,302
2019-03-25 12:16:34.825,2.3000000000000003,buy,3961.34,BTC-26APR19-3500-P,49.05,0.015,2.3000000000000003,1,1553516194825,16810572,303
2019-03-25 12:16:34.825,0.5,buy,3961.34,BTC-26APR19-3500-P,49.05,0.015,0.5,0,1553516194825,16810570,301
2019-03-25 18:15:23.552,2.0,sell,3933.14,BTC-26APR19-3500-P,47.28,0.015,2.0,1,1553537723552,16816897,304
2019-03-25 18:15:27.073,0.5,buy,3932.2,BTC-26APR19-3500-P,47.24,0.015,0.5,1,1553537727073,16816903,305
2019-03-25 19:34:08.931,0.5,buy,3899.97,BTC-26APR19-3500-P,49.36,0.0185,0.5,0,1553542448931,16825794,306
2019-03-25 20:21:29.857,2.0,sell,3882.98,BTC-26APR19-3500-P,47.16,0.0175,2.0,3,1553545289857,16826729,308
2019-03-25 20:21:29.857,50.0,sell,3882.98,BTC-26APR19-3500-P,47.16,0.0175,50.0,2,1553545289857,16826728,307
2019-03-25 20:29:28.847,1.0,sell,3879.98,BTC-26APR19-3500-P,47.58,0.018000000000000002,1.0,0,1553545768847,16827043,309
2019-03-25 20:33:10.659,0.5,sell,3879.49,BTC-26APR19-3500-P,47.56,0.018000000000000002,0.5,1,1553545990659,16827101,310
2019-03-25 20:33:10.659,2.5,sell,3879.49,BTC-26APR19-3500-P,47.56,0.018000000000000002,2.5,1,1553545990659,16827102,311
2019-03-25 21:37:46.224,0.5,sell,3885.09,BTC-26APR19-3500-P,47.77,0.018000000000000002,0.5,1,1553549866224,16828143,312
2019-03-25 23:12:32.700,2.0,buy,3906.3,BTC-26APR19-3500-P,47.55,0.0165,2.0,2,1553555552700,16829429,313
2019-03-25 23:12:40.248,1.0,buy,3906.3,BTC-26APR19-3500-P,46.96,0.016,1.0,2,1553555560248,16829431,314
2019-03-25 23:49:38.034,0.5,sell,3908.81,BTC-26APR19-3500-P,46.41,0.0155,0.5,2,1553557778034,16830167,315
2019-03-26 00:24:22.682,2.0,buy,3914.69,BTC-26APR19-3500-P,47.58,0.016,2.0,0,1553559862682,16830644,316
2019-03-26 00:24:22.682,4.0,buy,3914.69,BTC-26APR19-3500-P,47.58,0.016,4.0,1,1553559862682,16830645,317
2019-03-26 00:29:31.626,1.0,buy,3913.29,BTC-26APR19-3500-P,47.58,0.016,1.0,1,1553560171626,16830678,318
2019-03-26 00:30:03.853,2.0,buy,3912.09,BTC-26APR19-3500-P,47.49,0.016,2.0,1,1553560203853,16830707,319
2019-03-26 01:44:11.079,5.0,buy,3910.53,BTC-26APR19-3500-P,47.96,0.0165,5.0,0,1553564651079,16831401,320
2019-03-26 11:39:51.379,23.0,buy,3898.44,BTC-26APR19-3500-P,46.81,0.016,23.0,2,1553600391379,16835882,321
2019-03-26 18:07:20.939,0.5,buy,3912.89,BTC-26APR19-3500-P,46.64,0.015,0.5,2,1553623640939,16840668,322
2019-03-26 19:45:02.907,0.5,buy,3915.07,BTC-26APR19-3500-P,46.83,0.015,0.5,3,1553629502907,16841717,323
2019-03-26 19:45:05.407,1.6,sell,3915.36,BTC-26APR19-3500-P,46.84,0.015,1.6,3,1553629505407,16841719,324
2019-03-26 22:50:05.518,0.3,sell,3913.59,BTC-26APR19-3500-P,45.59,0.014,0.3,2,1553640605518,16842460,325
2019-03-27 01:00:11.060,0.5,sell,3935.46,BTC-26APR19-3500-P,45.85,0.013,0.5,2,1553648411060,16844352,326
2019-03-27 01:00:51.689,0.5,sell,3937.17,BTC-26APR19-3500-P,45.83,0.013,0.5,3,1553648451689,16844401,327
2019-03-27 01:00:52.691,0.5,sell,3937.12,BTC-26APR19-3500-P,45.84,0.013,0.5,3,1553648452691,16844404,328
2019-03-27 01:00:55.218,0.5,sell,3937.83,BTC-26APR19-3500-P,45.91,0.013,0.5,3,1553648455218,16844618,329
2019-03-27 01:01:03.707,0.5,sell,3943.21,BTC-26APR19-3500-P,46.3,0.013,0.5,3,1553648463707,16844765,330
2019-03-27 01:01:09.013,0.5,sell,3944.8,BTC-26APR19-3500-P,46.46,0.013,0.5,3,1553648469013,16845078,331
2019-03-27 01:23:32.880,4.7,sell,3949.83,BTC-26APR19-3500-P,45.49,0.012,4.7,3,1553649812880,16847436,333
2019-03-27 01:23:32.880,15.3,sell,3949.83,BTC-26APR19-3500-P,45.49,0.012,15.3,2,1553649812880,16847435,332
2019-03-27 03:05:56.124,0.5,sell,3975.88,BTC-26APR19-3500-P,44.79,0.0105,0.5,3,1553655956124,16851213,338
2019-03-27 03:05:56.124,10.0,sell,3975.88,BTC-26APR19-3500-P,44.79,0.0105,10.0,3,1553655956124,16851211,336
2019-03-27 03:05:56.124,2.0,sell,3975.88,BTC-26APR19-3500-P,44.79,0.0105,2.0,2,1553655956124,16851209,334
2019-03-27 03:05:56.124,12.8,sell,3975.88,BTC-26APR19-3500-P,44.79,0.0105,12.8,3,1553655956124,16851212,337
2019-03-27 03:05:56.124,8.700000000000001,sell,3975.88,BTC-26APR19-3500-P,44.79,0.0105,8.700000000000001,3,1553655956124,16851210,335
2019-03-27 03:05:56.149,0.5,buy,3975.88,BTC-26APR19-3500-P,44.79,0.0105,0.5,3,1553655956149,16851214,339
2019-03-27 03:06:42.947,7.4,sell,3975.84,BTC-26APR19-3500-P,44.79,0.0105,7.4,3,1553656002947,16851225,340
2019-03-27 03:06:42.947,5.9,sell,3975.84,BTC-26APR19-3500-P,44.04,0.01,5.9,3,1553656002947,16851228,343
2019-03-27 03:06:42.947,10.0,sell,3975.84,BTC-26APR19-3500-P,44.04,0.01,10.0,3,1553656002947,16851227,342
2019-03-27 03:06:42.947,46.2,sell,3975.84,BTC-26APR19-3500-P,44.04,0.01,46.2,2,1553656002947,16851226,341
2019-03-27 03:06:55.032,0.5,sell,3975.84,BTC-26APR19-3500-P,44.04,0.01,0.5,3,1553656015032,16851232,347
2019-03-27 03:06:55.032,12.8,sell,3975.84,BTC-26APR19-3500-P,44.04,0.01,12.8,2,1553656015032,16851230,345
2019-03-27 03:06:55.032,7.4,sell,3975.84,BTC-26APR19-3500-P,44.04,0.01,7.4,3,1553656015032,16851231,346
2019-03-27 03:06:55.032,23.1,sell,3975.84,BTC-26APR19-3500-P,44.8,0.0105,23.1,0,1553656015032,16851229,344
2019-03-27 03:06:55.056,0.5,buy,3975.84,BTC-26APR19-3500-P,44.04,0.01,0.5,3,1553656015056,16851233,348
2019-03-27 03:06:56.322,5.7,buy,3975.84,BTC-26APR19-3500-P,44.04,0.01,5.7,3,1553656016322,16851236,349
2019-03-27 03:07:11.653,46.2,sell,3975.87,BTC-26APR19-3500-P,44.05,0.01,46.2,3,1553656031653,16851243,351
2019-03-27 03:07:11.653,23.9,sell,3975.87,BTC-26APR19-3500-P,44.05,0.01,23.9,3,1553656031653,16851244,352
2019-03-27 03:07:11.653,12.8,sell,3975.87,BTC-26APR19-3500-P,44.05,0.01,12.8,3,1553656031653,16851242,350
2019-03-27 03:07:11.656,6.1000000000000005,buy,3975.87,BTC-26APR19-3500-P,44.05,0.01,6.1000000000000005,3,1553656031656,16851245,353
2019-03-27 03:07:33.687,7.0,sell,3976.1,BTC-26APR19-3500-P,44.12,0.01,7.0,3,1553656053687,16851256,354
2019-03-27 03:34:14.646,0.5,buy,3970.7,BTC-26APR19-3500-P,46.06,0.0115,0.5,0,1553657654646,16851743,355
2019-03-27 03:34:14.646,5.0,buy,3970.7,BTC-26APR19-3500-P,48.89,0.0135,5.0,0,1553657654646,16851747,359
2019-03-27 03:34:14.646,12.8,buy,3970.7,BTC-26APR19-3500-P,47.5,0.0125,12.8,0,1553657654646,16851746,358
2019-03-27 03:34:14.646,2.0,buy,3970.7,BTC-26APR19-3500-P,46.78,0.012,2.0,1,1553657654646,16851745,357
2019-03-27 03:34:14.646,39.7,buy,3970.7,BTC-26APR19-3500-P,48.89,0.0135,39.7,1,1553657654646,16851748,360
2019-03-27 03:34:14.646,10.0,buy,3970.7,BTC-26APR19-3500-P,46.78,0.012,10.0,0,1553657654646,16851744,356
2019-03-27 03:34:33.478,0.5,buy,3970.66,BTC-26APR19-3500-P,46.78,0.012,0.5,2,1553657673478,16851751,361
2019-03-27 03:34:33.478,10.0,buy,3970.66,BTC-26APR19-3500-P,47.49,0.0125,10.0,0,1553657673478,16851752,362
2019-03-27 03:34:33.478,9.5,buy,3970.66,BTC-26APR19-3500-P,48.19,0.013000000000000001,9.5,0,1553657673478,16851753,363
2019-03-27 12:12:56.801,0.5,sell,4019.59,BTC-26APR19-3500-P,45.32,0.009000000000000001,0.5,2,1553688776801,16862511,364
2019-03-27 12:12:56.814,1.0,sell,4019.59,BTC-26APR19-3500-P,45.32,0.009000000000000001,1.0,3,1553688776814,16862512,365
2019-03-27 13:43:28.721,3.0,buy,4011.36,BTC-26APR19-3500-P,46.61,0.01,3.0,0,1553694208721,16863698,366
2019-03-27 13:45:15.646,7.0,buy,4011.02,BTC-26APR19-3500-P,46.64,0.01,7.0,1,1553694315646,16863720,367
2019-03-27 16:17:35.051,1.0,sell,4005.99,BTC-26APR19-3500-P,46.31,0.01,1.0,1,1553703455051,16866087,368
2019-03-27 16:18:06.659,500.0,sell,4005.3,BTC-26APR19-3500-P,46.27,0.01,500.0,1,1553703486659,16866108,370
2019-03-27 16:18:06.659,1.0,sell,4005.3,BTC-26APR19-3500-P,46.27,0.01,1.0,1,1553703486659,16866107,369
2019-03-27 16:18:33.944,6.0,sell,4005.54,BTC-26APR19-3500-P,46.3,0.01,6.0,1,1553703513944,16866126,371
2019-03-27 16:23:22.200,0.1,buy,4006.82,BTC-26APR19-3500-P,47.12,0.0105,0.1,0,1553703802200,16866178,372
2019-03-27 17:04:53.281,21.6,buy,4007.23,BTC-26APR19-3500-P,47.2,0.0105,21.6,1,1553706293281,16866796,374
2019-03-27 17:04:53.281,9.9,buy,4007.23,BTC-26APR19-3500-P,47.2,0.0105,9.9,1,1553706293281,16866795,373
2019-03-27 20:26:26.796,2.1,buy,4002.47,BTC-26APR19-3500-P,47.69,0.011,2.1,0,1553718386796,16869087,375
2019-03-28 01:07:30.745,24.0,buy,4015.08,BTC-26APR19-3500-P,46.49,0.0095,24.0,2,1553735250745,16881449,376
2019-03-28 01:07:30.745,10.0,buy,4015.08,BTC-26APR19-3500-P,46.49,0.0095,10.0,3,1553735250745,16881450,377
2019-03-28 01:07:31.571,16.0,sell,4015.08,BTC-26APR19-3500-P,46.49,0.0095,16.0,3,1553735251571,16881451,378
2019-03-28 04:40:26.505,1.0,buy,3994.83,BTC-26APR19-3500-P,46.16,0.01,1.0,0,1553748026505,16920064,379
2019-03-28 09:38:48.437,1.0,buy,4005.62,BTC-26APR19-3500-P,46.25,0.0095,1.0,2,1553765928437,16923292,380
2019-03-28 09:38:57.451,29.0,sell,4005.45,BTC-26APR19-3500-P,46.24,0.0095,29.0,3,1553765937451,16923296,381
2019-03-28 11:37:38.185,10.0,buy,3998.07,BTC-26APR19-3500-P,46.67,0.01,10.0,0,1553773058185,16924256,382
2019-03-28 11:40:07.099,10.0,buy,3995.72,BTC-26APR19-3500-P,46.42,0.01,10.0,1,1553773207099,16924353,383
2019-03-28 12:31:04.753,2.0,buy,4001.31,BTC-26APR19-3500-P,47.62,0.0105,2.0,0,1553776264753,16925027,384
2019-03-28 14:59:45.541,1.0,buy,4016.25,BTC-26APR19-3500-P,47.19,0.0095,1.0,2,1553785185541,16926023,385
2019-03-28 15:17:10.826,5.0,buy,4012.83,BTC-26APR19-3500-P,47.6,0.01,5.0,0,1553786230826,16926151,386
2019-03-28 15:17:21.608,1.0,buy,4012.96,BTC-26APR19-3500-P,47.62,0.01,1.0,1,1553786241608,16926160,388
2019-03-28 15:17:21.608,1.0,buy,4012.96,BTC-26APR19-3500-P,47.62,0.01,1.0,1,1553786241608,16926159,387
2019-03-28 15:20:14.191,10.0,buy,4013.59,BTC-26APR19-3500-P,47.7,0.01,10.0,1,1553786414191,16926176,389
2019-03-28 15:23:31.384,1.0,buy,4013.17,BTC-26APR19-3500-P,47.66,0.01,1.0,1,1553786611384,16926187,390
2019-03-28 15:24:36.116,2.0,buy,4012.89,BTC-26APR19-3500-P,47.64,0.01,2.0,1,1553786676116,16926192,391
2019-03-28 16:51:51.583,1.0,sell,4007.73,BTC-26APR19-3500-P,46.66,0.0095,1.0,2,1553791911583,16926904,392
2019-03-28 19:05:09.202,10.0,sell,4013.94,BTC-26APR19-3500-P,47.94,0.01,10.0,0,1553799909202,16927797,393
2019-03-28 20:28:34.272,1.0,sell,4010.93,BTC-26APR19-3500-P,46.93,0.0095,1.0,2,1553804914272,16928198,394
2019-03-29 00:53:02.632,5.0,buy,4019.02,BTC-26APR19-3500-P,47.52,0.0095,5.0,3,1553820782632,16930500,395
2019-03-29 00:58:50.750,5.0,buy,4015.32,BTC-26APR19-3500-P,47.35,0.0095,5.0,3,1553821130750,16930752,396
2019-03-29 01:01:46.274,5.0,buy,4014.3,BTC-26APR19-3500-P,47.19,0.0095,5.0,3,1553821306274,16930903,397
2019-03-29 01:02:48.818,5.0,buy,4010.09,BTC-26APR19-3500-P,47.79,0.01,5.0,0,1553821368818,16931014,398
2019-03-29 01:13:52.481,0.9,buy,4014.09,BTC-26APR19-3500-P,48.14,0.01,0.9,1,1553822032481,16931377,399
2019-03-29 02:10:46.897,1.0,buy,4016.32,BTC-26APR19-3500-P,48.13,0.01,1.0,1,1553825446897,16931779,400
2019-03-29 02:11:37.799,6.9,buy,4016.25,BTC-26APR19-3500-P,47.31,0.0095,6.9,2,1553825497799,16931783,401
2019-03-29 02:12:35.256,100.0,buy,4015.88,BTC-26APR19-3500-P,47.33,0.0095,100.0,3,1553825555256,16931789,402
2019-03-29 02:28:55.024,25.0,buy,4014.3,BTC-26APR19-3500-P,47.37,0.0095,25.0,3,1553826535024,16931826,403
2019-03-29 03:27:57.861,5.0,buy,4020.09,BTC-26APR19-3500-P,49.35,0.0105,5.0,1,1553830077861,16932314,409
2019-03-29 03:27:57.861,24.0,buy,4020.09,BTC-26APR19-3500-P,49.35,0.0105,24.0,1,1553830077861,16932313,408
2019-03-29 03:27:57.861,8.0,buy,4020.09,BTC-26APR19-3500-P,49.35,0.0105,8.0,0,1553830077861,16932312,407
2019-03-29 03:27:57.861,1.0,buy,4020.09,BTC-26APR19-3500-P,48.54,0.01,1.0,1,1553830077861,16932310,405
2019-03-29 03:27:57.861,10.0,buy,4020.09,BTC-26APR19-3500-P,48.54,0.01,10.0,1,1553830077861,16932311,406
2019-03-29 03:27:57.861,2.0,buy,4020.09,BTC-26APR19-3500-P,48.54,0.01,2.0,0,1553830077861,16932309,404
2019-03-29 03:29:09.005,10.0,buy,4020.42,BTC-26APR19-3500-P,49.37,0.0105,10.0,1,1553830149005,16932334,413
2019-03-29 03:29:09.005,1.0,buy,4020.42,BTC-26APR19-3500-P,49.37,0.0105,1.0,1,1553830149005,16932333,412
2019-03-29 03:29:09.005,5.0,buy,4020.42,BTC-26APR19-3500-P,49.37,0.0105,5.0,1,1553830149005,16932331,410
2019-03-29 03:29:09.005,24.0,buy,4020.42,BTC-26APR19-3500-P,49.37,0.0105,24.0,1,1553830149005,16932332,411
2019-03-29 03:44:22.784,19.0,buy,4027.54,BTC-26APR19-3500-P,49.82,0.0105,19.0,0,1553831062784,16932493,415
2019-03-29 03:44:22.784,1.0,buy,4027.54,BTC-26APR19-3500-P,49.01,0.01,1.0,2,1553831062784,16932492,414
2019-03-29 04:13:56.275,1.0,buy,4032.44,BTC-26APR19-3500-P,48.42,0.0095,1.0,2,1553832836275,16933104,416
2019-03-29 04:13:56.275,19.0,buy,4032.44,BTC-26APR19-3500-P,50.07,0.0105,19.0,0,1553832836275,16933105,417
2019-03-29 04:15:56.658,39.0,buy,4030.61,BTC-26APR19-3500-P,49.97,0.0105,39.0,1,1553832956658,16933361,419
2019-03-29 04:15:56.658,1.0,buy,4030.61,BTC-26APR19-3500-P,49.97,0.0105,1.0,1,1553832956658,16933360,418
2019-03-29 04:20:33.720,10.0,buy,4032.75,BTC-26APR19-3500-P,50.27,0.0105,10.0,1,1553833233720,16933509,420
2019-03-29 04:24:34.361,9.0,buy,4033.32,BTC-26APR19-3500-P,50.32,0.0105,9.0,1,1553833474361,16933555,422
2019-03-29 04:24:34.361,1.0,buy,4033.32,BTC-26APR19-3500-P,50.32,0.0105,1.0,1,1553833474361,16933554,421
2019-03-29 04:30:47.488,1.0,buy,4035.35,BTC-26APR19-3500-P,50.34,0.0105,1.0,1,1553833847488,16933664,423
2019-03-29 04:30:47.488,1.0,buy,4035.35,BTC-26APR19-3500-P,50.34,0.0105,1.0,1,1553833847488,16933666,425
2019-03-29 04:30:47.488,24.0,buy,4035.35,BTC-26APR19-3500-P,50.34,0.0105,24.0,1,1553833847488,16933665,424
2019-03-29 04:32:09.790,48.4,buy,4038.02,BTC-26APR19-3500-P,50.56,0.0105,48.4,1,1553833929790,16933828,426
2019-03-29 04:32:09.790,1.6,buy,4038.02,BTC-26APR19-3500-P,50.56,0.0105,1.6,1,1553833929790,16933829,427
2019-03-29 04:35:41.589,5.0,buy,4039.33,BTC-26APR19-3500-P,50.77,0.0105,5.0,1,1553834141589,16934543,429
2019-03-29 04:35:41.589,1.0,buy,4039.33,BTC-26APR19-3500-P,50.77,0.0105,1.0,1,1553834141589,16934542,428
2019-03-29 04:35:41.665,1.0,sell,4039.33,BTC-26APR19-3500-P,50.77,0.0105,1.0,1,1553834141665,16934544,430
2019-03-29 04:35:52.281,1.0,sell,4039.09,BTC-26APR19-3500-P,50.74,0.0105,1.0,1,1553834152281,16934560,431
2019-03-29 04:35:52.478,1.0,sell,4039.09,BTC-26APR19-3500-P,50.74,0.0105,1.0,1,1553834152478,16934561,432
2019-03-29 04:37:28.883,10.0,sell,4043.71,BTC-26APR19-3500-P,50.76,0.0105,10.0,1,1553834248883,16934638,433
2019-03-29 04:37:31.585,10.0,sell,4043.83,BTC-26APR19-3500-P,50.76,0.0105,10.0,1,1553834251585,16934641,434
2019-03-29 04:37:45.107,10.0,sell,4043.99,BTC-26APR19-3500-P,50.75,0.0105,10.0,1,1553834265107,16934655,435
2019-03-29 04:40:34.805,10.0,sell,4041.72,BTC-26APR19-3500-P,50.86,0.0105,10.0,1,1553834434805,16934805,436
2019-03-29 04:40:41.948,1.0,sell,4041.66,BTC-26APR19-3500-P,50.86,0.0105,1.0,1,1553834441948,16934828,437
2019-03-29 04:46:00.356,10.0,sell,4031.23,BTC-26APR19-3500-P,50.05,0.0105,10.0,1,1553834760356,16935209,438
2019-03-29 04:48:50.238,7.9,buy,4026.29,BTC-26APR19-3500-P,50.66,0.011,7.9,0,1553834930238,16935372,439
2019-03-29 04:48:50.238,5.0,buy,4026.29,BTC-26APR19-3500-P,50.66,0.011,5.0,1,1553834930238,16935373,440
2019-03-29 04:48:50.427,10.0,sell,4026.29,BTC-26APR19-3500-P,50.66,0.011,10.0,1,1553834930427,16935375,441
2019-03-29 04:49:30.835,7.1000000000000005,buy,4024.63,BTC-26APR19-3500-P,51.38,0.0115,7.1000000000000005,1,1553834970835,16935405,443
2019-03-29 04:49:30.835,10.0,buy,4024.63,BTC-26APR19-3500-P,51.38,0.0115,10.0,0,1553834970835,16935404,442
2019-03-29 04:57:18.718,24.0,buy,4018.97,BTC-26APR19-3500-P,51.02,0.0115,24.0,1,1553835438718,16936024,444
2019-03-29 04:59:33.705,24.0,buy,4018.21,BTC-26APR19-3500-P,51.77,0.012,24.0,1,1553835573705,16936110,446
2019-03-29 04:59:33.705,0.8,buy,4018.21,BTC-26APR19-3500-P,51.77,0.012,0.8,1,1553835573705,16936111,447
2019-03-29 04:59:33.705,45.2,buy,4018.21,BTC-26APR19-3500-P,51.77,0.012,45.2,1,1553835573705,16936112,448
2019-03-29 04:59:33.705,10.0,buy,4018.21,BTC-26APR19-3500-P,51.77,0.012,10.0,0,1553835573705,16936109,445
2019-03-29 05:00:36.897,1.0,sell,4015.74,BTC-26APR19-3500-P,50.83,0.0115,1.0,2,1553835636897,16936174,449
2019-03-29 05:21:18.957,5.0,buy,4008.53,BTC-26APR19-3500-P,51.09,0.012,5.0,0,1553836878957,16936839,450
2019-03-29 06:26:26.612,2.0,sell,4011.75,BTC-26APR19-3500-P,48.99,0.0105,2.0,2,1553840786612,16937464,451
2019-03-29 06:26:26.612,2.0,sell,4011.75,BTC-26APR19-3500-P,48.99,0.0105,2.0,3,1553840786612,16937465,452
2019-03-29 06:26:26.612,6.0,sell,4011.75,BTC-26APR19-3500-P,48.99,0.0105,6.0,3,1553840786612,16937466,453
2019-03-29 08:29:25.425,2.0,sell,4028.91,BTC-26APR19-3500-P,48.51,0.0095,2.0,2,1553848165425,16941679,454
2019-03-29 08:43:30.610,0.2,sell,4028.77,BTC-26APR19-3500-P,47.66,0.009000000000000001,0.2,2,1553849010610,16941890,455
2019-03-29 09:14:30.387,1.0,sell,4050.06,BTC-26APR19-3500-P,48.92,0.009000000000000001,1.0,3,1553850870387,16942640,456
2019-03-29 09:14:45.348,1.0,buy,4055.63,BTC-26APR19-3500-P,50.11,0.0095,1.0,0,1553850885348,16942865,457
2019-03-29 09:14:45.807,1.0,buy,4055.63,BTC-26APR19-3500-P,50.11,0.0095,1.0,1,1553850885807,16942873,458
2019-03-29 09:14:46.020,1.0,buy,4055.63,BTC-26APR19-3500-P,50.11,0.0095,1.0,1,1553850886020,16942884,459
2019-03-29 09:14:46.213,1.0,buy,4055.63,BTC-26APR19-3500-P,50.11,0.0095,1.0,1,1553850886213,16942892,460
2019-03-29 09:14:46.328,1.0,buy,4055.63,BTC-26APR19-3500-P,50.11,0.0095,1.0,1,1553850886328,16942901,461
2019-03-29 09:14:46.494,1.0,buy,4055.63,BTC-26APR19-3500-P,50.11,0.0095,1.0,1,1553850886494,16942911,462
2019-03-29 09:14:47.422,1.0,buy,4055.63,BTC-26APR19-3500-P,50.11,0.0095,1.0,1,1553850887422,16942930,463
2019-03-29 09:14:49.180,1.0,sell,4056.83,BTC-26APR19-3500-P,49.32,0.009000000000000001,1.0,2,1553850889180,16942958,464
2019-03-29 09:14:49.517,1.0,sell,4056.83,BTC-26APR19-3500-P,49.32,0.009000000000000001,1.0,3,1553850889517,16942964,465
2019-03-29 09:14:49.986,1.0,sell,4056.9,BTC-26APR19-3500-P,49.32,0.009000000000000001,1.0,3,1553850889986,16942973,466
2019-03-29 09:14:50.561,0.2,sell,4056.9,BTC-26APR19-3500-P,49.32,0.009000000000000001,0.2,3,1553850890561,16942988,468
2019-03-29 09:14:50.561,0.8,sell,4056.9,BTC-26APR19-3500-P,49.32,0.009000000000000001,0.8,3,1553850890561,16942987,467
2019-03-29 09:14:50.851,0.1,sell,4056.9,BTC-26APR19-3500-P,48.43,0.0085,0.1,2,1553850890851,16943010,470
2019-03-29 09:14:50.851,0.9,sell,4056.9,BTC-26APR19-3500-P,49.32,0.009000000000000001,0.9,3,1553850890851,16943009,469
2019-03-29 09:15:45.436,1.0,sell,4073.11,BTC-26APR19-3500-P,49.36,0.0085,1.0,3,1553850945436,16943657,471
2019-03-29 09:15:45.581,1.0,sell,4073.11,BTC-26APR19-3500-P,49.36,0.0085,1.0,3,1553850945581,16943668,472
2019-03-29 09:25:26.024,0.2,sell,4060.57,BTC-26APR19-3500-P,48.65,0.0085,0.2,3,1553851526024,16945156,473
2019-03-29 10:23:09.816,4.0,sell,4080.4,BTC-26APR19-3500-P,49.82,0.0085,4.0,3,1553854989816,16948144,474
2019-03-29 10:30:58.408,4.0,sell,4088.23,BTC-26APR19-3500-P,50.26,0.0085,4.0,3,1553855458408,16948405,475
2019-03-29 10:31:14.151,6.9,sell,4090.51,BTC-26APR19-3500-P,50.39,0.0085,6.9,3,1553855474151,16948435,476
2019-03-29 10:31:37.402,0.4,sell,4089.14,BTC-26APR19-3500-P,50.32,0.0085,0.4,3,1553855497402,16948449,477
2019-03-29 10:31:38.447,0.4,sell,4089.37,BTC-26APR19-3500-P,50.33,0.0085,0.4,3,1553855498447,16948450,478
2019-03-29 10:31:38.538,0.4,sell,4089.37,BTC-26APR19-3500-P,50.33,0.0085,0.4,3,1553855498538,16948451,479
2019-03-29 10:31:38.561,0.4,sell,4089.37,BTC-26APR19-3500-P,50.33,0.0085,0.4,3,1553855498561,16948452,480
2019-03-29 10:31:38.607,0.4,sell,4089.37,BTC-26APR19-3500-P,50.33,0.0085,0.4,3,1553855498607,16948453,481
2019-03-29 10:32:09.608,0.4,sell,4090.18,BTC-26APR19-3500-P,50.38,0.0085,0.4,3,1553855529608,16948481,482
2019-03-29 10:32:10.802,0.4,sell,4090.12,BTC-26APR19-3500-P,50.37,0.0085,0.4,3,1553855530802,16948482,483
2019-03-29 10:32:33.296,10.0,sell,4091.26,BTC-26APR19-3500-P,50.44,0.0085,10.0,3,1553855553296,16948502,484
2019-03-29 10:32:33.296,3.0,sell,4091.26,BTC-26APR19-3500-P,50.44,0.0085,3.0,3,1553855553296,16948503,485
2019-03-29 10:32:51.318,7.6,buy,4093.41,BTC-26APR19-3500-P,49.63,0.008,7.6,2,1553855571318,16948587,486
2019-03-29 10:32:54.995,2.4,sell,4093.73,BTC-26APR19-3500-P,49.64,0.008,2.4,3,1553855574995,16948780,487
2019-03-29 10:33:15.448,10.0,sell,4091.77,BTC-26APR19-3500-P,48.58,0.0075,10.0,2,1553855595448,16949296,488
2019-03-29 10:33:25.246,5.0,sell,4091.45,BTC-26APR19-3500-P,47.58,0.006999999999999999,5.0,2,1553855605246,16949303,489
2019-03-29 10:33:25.246,10.0,sell,4091.45,BTC-26APR19-3500-P,47.58,0.006999999999999999,10.0,3,1553855605246,16949304,490
2019-03-29 10:33:32.764,10.0,sell,4092.02,BTC-26APR19-3500-P,46.61,0.0065,10.0,2,1553855612764,16949307,491
2019-03-29 10:33:32.764,49.9,sell,4092.02,BTC-26APR19-3500-P,46.61,0.0065,49.9,3,1553855612764,16949308,492
2019-03-29 10:33:32.764,0.1,sell,4092.02,BTC-26APR19-3500-P,46.61,0.0065,0.1,3,1553855612764,16949309,493
2019-03-29 10:34:22.357,1.0,sell,4093.22,BTC-26APR19-3500-P,47.68,0.006999999999999999,1.0,0,1553855662357,16950881,494
2019-03-29 10:34:22.357,4.0,sell,4093.22,BTC-26APR19-3500-P,47.68,0.006999999999999999,4.0,1,1553855662357,16950882,495
2019-03-29 15:19:08.193,0.1,sell,4078.26,BTC-26APR19-3500-P,46.03,0.0065,0.1,2,1553872748193,16959383,496
2019-03-29 15:44:45.710,0.4,buy,4079.61,BTC-26APR19-3500-P,48.1,0.0075,0.4,0,1553874285710,16959500,497
2019-03-29 15:44:45.710,1.6,buy,4079.61,BTC-26APR19-3500-P,48.1,0.0075,1.6,1,1553874285710,16959501,498
2019-03-29 16:25:53.972,0.1,sell,4077.45,BTC-26APR19-3500-P,47.03,0.006999999999999999,0.1,2,1553876753972,16959966,499
2019-03-29 18:57:14.526,19.9,sell,4092.99,BTC-26APR19-3500-P,47.97,0.006999999999999999,19.9,3,1553885834526,16960931,500
2019-03-29 19:21:55.917,0.5,sell,4088.65,BTC-26APR19-3500-P,46.73,0.0065,0.5,2,1553887315917,16961132,501
2019-03-29 23:07:44.402,0.5,sell,4080.03,BTC-26APR19-3500-P,47.41,0.006999999999999999,0.5,0,1553900864402,16962668,502
2019-03-29 23:27:29.700,0.2,sell,4087.93,BTC-26APR19-3500-P,47.86,0.006999999999999999,0.2,1,1553902049700,16962889,503
2019-03-30 00:24:25.397,0.4,sell,4098.2,BTC-26APR19-3500-P,48.45,0.006999999999999999,0.4,1,1553905465397,16963691,504
2019-03-30 00:24:35.126,13.8,sell,4100.37,BTC-26APR19-3500-P,48.57,0.006999999999999999,13.8,1,1553905475126,16963714,505
2019-03-30 00:49:20.293,0.4,sell,4127.82,BTC-26APR19-3500-P,49.04,0.0065,0.4,2,1553906960293,16965661,506
2019-03-30 02:55:56.235,4.1,sell,4115.27,BTC-26APR19-3500-P,48.44,0.0065,4.1,3,1553914556235,16967577,507
2019-03-30 02:55:56.235,20.0,sell,4115.27,BTC-26APR19-3500-P,48.44,0.0065,20.0,3,1553914556235,16967578,508
2019-03-30 04:04:02.496,24.0,buy,4073.03,BTC-26APR19-3500-P,46.19,0.0065,24.0,3,1553918642496,16970068,509
2019-03-30 04:10:50.793,1.0,buy,4052.7,BTC-26APR19-3500-P,45.07,0.0065,1.0,3,1553919050793,16971446,510
2019-03-30 04:10:50.822,0.4,buy,4052.7,BTC-26APR19-3500-P,45.07,0.0065,0.4,3,1553919050822,16971448,511
2019-03-30 04:10:51.447,1.0,buy,4053.11,BTC-26APR19-3500-P,45.09,0.0065,1.0,3,1553919051447,16971469,512
2019-03-30 04:10:51.870,1.0,buy,4053.11,BTC-26APR19-3500-P,45.09,0.0065,1.0,3,1553919051870,16971497,513
2019-03-30 04:10:51.953,0.4,buy,4053.11,BTC-26APR19-3500-P,45.09,0.0065,0.4,3,1553919051953,16971504,514
2019-03-30 04:10:52.179,1.0,buy,4050.83,BTC-26APR19-3500-P,44.97,0.0065,1.0,3,1553919052179,16971518,515
2019-03-30 04:10:52.679,1.0,buy,4050.83,BTC-26APR19-3500-P,44.97,0.0065,1.0,3,1553919052679,16971540,516
2019-03-30 04:10:53.074,0.4,buy,4049.91,BTC-26APR19-3500-P,44.92,0.0065,0.4,3,1553919053074,16971557,517
2019-03-30 04:10:53.185,1.0,buy,4049.91,BTC-26APR19-3500-P,44.92,0.0065,1.0,3,1553919053185,16971564,518
2019-03-30 04:10:53.361,1.0,buy,4049.91,BTC-26APR19-3500-P,44.92,0.0065,1.0,3,1553919053361,16971578,519
2019-03-30 04:10:53.507,1.0,buy,4049.91,BTC-26APR19-3500-P,44.92,0.0065,1.0,3,1553919053507,16971583,520
2019-03-30 04:10:53.719,1.0,buy,4049.91,BTC-26APR19-3500-P,44.92,0.0065,1.0,3,1553919053719,16971594,521
2019-03-30 04:10:54.216,1.0,buy,4049.91,BTC-26APR19-3500-P,44.92,0.0065,1.0,3,1553919054216,16971621,522
2019-03-30 04:10:54.347,1.0,buy,4049.91,BTC-26APR19-3500-P,44.92,0.0065,1.0,3,1553919054347,16971626,523
2019-03-30 04:10:54.390,0.4,buy,4049.91,BTC-26APR19-3500-P,44.92,0.0065,0.4,3,1553919054390,16971631,524
2019-03-30 04:10:55.506,0.4,buy,4050.02,BTC-26APR19-3500-P,44.92,0.0065,0.4,3,1553919055506,16971685,525
2019-03-30 04:10:56.022,1.0,buy,4050.02,BTC-26APR19-3500-P,44.92,0.0065,1.0,3,1553919056022,16971704,526
2019-03-30 04:10:56.185,1.0,buy,4049.44,BTC-26APR19-3500-P,44.89,0.0065,1.0,3,1553919056185,16971709,527
2019-03-30 04:10:56.677,0.4,buy,4049.44,BTC-26APR19-3500-P,44.89,0.0065,0.4,3,1553919056677,16971742,528
2019-03-30 04:10:57.378,1.0,buy,4049.53,BTC-26APR19-3500-P,44.9,0.0065,1.0,3,1553919057378,16971779,529
2019-03-30 04:10:57.925,0.4,buy,4049.53,BTC-26APR19-3500-P,44.9,0.0065,0.4,3,1553919057925,16971795,530
2019-03-30 04:11:03.970,0.4,buy,4048.08,BTC-26APR19-3500-P,44.81,0.0065,0.4,3,1553919063970,16971930,531
2019-03-30 05:58:33.712,0.4,buy,4089.08,BTC-26APR19-3500-P,43.85,0.005,0.4,2,1553925513712,16975482,532
2019-03-30 06:00:20.844,0.1,sell,4091.52,BTC-26APR19-3500-P,42.78,0.0045,0.1,2,1553925620844,16975564,533
2019-03-30 06:00:20.844,0.9,sell,4091.52,BTC-26APR19-3500-P,42.78,0.0045,0.9,3,1553925620844,16975565,534
2019-03-30 06:00:20.870,1.0,sell,4091.52,BTC-26APR19-3500-P,42.78,0.0045,1.0,3,1553925620870,16975566,535
2019-03-30 06:02:00.135,1.0,sell,4093.57,BTC-26APR19-3500-P,42.89,0.0045,1.0,3,1553925720135,16975625,536
2019-03-30 06:02:00.877,1.0,sell,4093.57,BTC-26APR19-3500-P,42.89,0.0045,1.0,3,1553925720877,16975626,537
2019-03-30 06:02:18.646,1.0,sell,4094.44,BTC-26APR19-3500-P,42.93,0.0045,1.0,3,1553925738646,16975649,538
2019-03-30 06:19:57.486,0.4,sell,4090.47,BTC-26APR19-3500-P,43.93,0.005,0.4,0,1553926797486,16975968,539
2019-03-30 06:19:58.821,0.4,buy,4090.44,BTC-26APR19-3500-P,43.93,0.005,0.4,1,1553926798821,16975969,540
2019-03-30 06:19:58.962,0.2,buy,4090.44,BTC-26APR19-3500-P,43.93,0.005,0.2,1,1553926798962,16975971,542
2019-03-30 06:19:58.962,0.2,buy,4090.44,BTC-26APR19-3500-P,43.93,0.005,0.2,1,1553926798962,16975970,541
2019-03-30 06:19:59.175,0.2,buy,4090.44,BTC-26APR19-3500-P,43.93,0.005,0.2,1,1553926799175,16975972,543
2019-03-30 06:19:59.175,0.2,buy,4090.44,BTC-26APR19-3500-P,43.93,0.005,0.2,1,1553926799175,16975973,544
2019-03-30 08:01:57.103,5.0,buy,4087.41,BTC-26APR19-3500-P,44.97,0.0055,5.0,0,1553932917103,16976872,545
2019-03-30 08:02:57.748,5.0,buy,4087.01,BTC-26APR19-3500-P,44.95,0.0055,5.0,1,1553932977748,16976877,546
2019-03-30 10:20:05.793,1.0,buy,4072.44,BTC-26APR19-3500-P,45.33,0.006,1.0,0,1553941205793,16977854,547
2019-03-30 10:21:36.866,0.5,buy,4071.96,BTC-26APR19-3500-P,45.31,0.006,0.5,1,1553941296866,16977862,548
2019-03-30 12:35:54.867,0.5,buy,4083.09,BTC-26APR19-3500-P,45.99,0.006,0.5,1,1553949354867,16979045,549
2019-03-30 12:36:58.466,2.5,buy,4082.96,BTC-26APR19-3500-P,47.04,0.0065,2.5,0,1553949418466,16979048,550
2019-03-30 14:24:19.831,5.0,buy,4075.84,BTC-26APR19-3500-P,46.72,0.0065,5.0,1,1553955859831,16979696,551
2019-03-30 21:06:28.147,1.0,sell,4079.98,BTC-26APR19-3500-P,46.13,0.006,1.0,2,1553979988147,16983261,552
2019-03-31 10:45:46.712,1.0,sell,4092.57,BTC-26APR19-3500-P,46.21,0.0055,1.0,2,1554029146712,16987890,553
2019-03-31 10:50:04.795,0.5,buy,4092.69,BTC-26APR19-3500-P,47.34,0.006,0.5,0,1554029404795,16987895,554
2019-03-31 10:50:04.795,1.0,buy,4092.69,BTC-26APR19-3500-P,47.34,0.006,1.0,1,1554029404795,16987896,555
2019-03-31 10:50:04.852,1.0,sell,4092.69,BTC-26APR19-3500-P,47.34,0.006,1.0,1,1554029404852,16987897,556
2019-03-31 11:14:11.608,10.0,buy,4091.83,BTC-26APR19-3500-P,48.39,0.0065,10.0,0,1554030851608,16988022,557
2019-03-31 11:14:51.280,1.0,buy,4091.53,BTC-26APR19-3500-P,48.37,0.0065,1.0,1,1554030891280,16988026,558
2019-03-31 11:15:00.621,1.0,buy,4091.2,BTC-26APR19-3500-P,48.35,0.0065,1.0,1,1554030900621,16988027,559
2019-03-31 11:15:17.736,0.7000000000000001,buy,4091.2,BTC-26APR19-3500-P,49.4,0.006999999999999999,0.7000000000000001,0,1554030917736,16988032,560
2019-03-31 11:16:39.800,0.1,buy,4091.17,BTC-26APR19-3500-P,49.4,0.006999999999999999,0.1,1,1554030999800,16988038,561
2019-03-31 13:07:23.397,1.0,buy,4089.43,BTC-26APR19-3500-P,47.25,0.006,1.0,2,1554037643397,16989168,562
2019-03-31 13:07:23.397,1.0,buy,4089.43,BTC-26APR19-3500-P,47.25,0.006,1.0,3,1554037643397,16989169,563
2019-03-31 18:14:27.633,1.0,buy,4091.16,BTC-26APR19-3500-P,48.63,0.0065,1.0,0,1554056067633,16990658,564
2019-03-31 18:18:12.618,3.0,buy,4090.7,BTC-26APR19-3500-P,49.66,0.006999999999999999,3.0,0,1554056292618,16990677,565
2019-03-31 20:24:20.035,1.0,buy,4095.88,BTC-26APR19-3500-P,47.88,0.006,1.0,2,1554063860035,16991596,566
2019-03-31 20:57:10.174,5.0,buy,4093.24,BTC-26APR19-3500-P,48.85,0.0065,5.0,0,1554065830174,16991734,567
2019-04-01 03:32:36.990,3.0,buy,4118.51,BTC-26APR19-3500-P,49.42,0.006,3.0,2,1554089556990,16999599,568
2019-04-01 03:46:59.126,1.0,sell,4133.63,BTC-26APR19-3500-P,50.26,0.006,1.0,3,1554090419126,16999891,569
2019-04-01 07:37:57.157,2.0,sell,4123.54,BTC-26APR19-3500-P,48.7,0.0055,2.0,2,1554104277157,17002067,570
2019-04-01 09:17:55.735,0.5,buy,4123.38,BTC-26APR19-3500-P,49.92,0.006,0.5,0,1554110275735,17003023,571
2019-04-01 09:50:47.956,1.0,buy,4118.03,BTC-26APR19-3500-P,51.86,0.006999999999999999,1.0,0,1554112247956,17003233,572
2019-04-01 12:59:26.022,2.0,sell,4126.67,BTC-26APR19-3500-P,49.09,0.0055,2.0,2,1554123566022,17005016,573
2019-04-01 12:59:26.022,2.0,sell,4126.67,BTC-26APR19-3500-P,49.09,0.0055,2.0,3,1554123566022,17005017,574
2019-04-01 15:03:29.462,3.0,buy,4136.23,BTC-26APR19-3500-P,49.69,0.0055,3.0,3,1554131009462,17007887,575
2019-04-01 15:44:41.908,20.0,sell,4135.17,BTC-26APR19-3500-P,48.43,0.005,20.0,2,1554133481908,17008128,576
2019-04-01 15:44:41.908,10.0,sell,4135.17,BTC-26APR19-3500-P,48.43,0.005,10.0,3,1554133481908,17008129,577
2019-04-01 16:19:27.460,10.0,buy,4141.18,BTC-26APR19-3500-P,48.77,0.005,10.0,3,1554135567460,17008606,578
2019-04-01 16:19:34.626,10.0,buy,4141.18,BTC-26APR19-3500-P,48.77,0.005,10.0,3,1554135574626,17008607,579
2019-04-01 16:19:46.235,10.0,buy,4141.26,BTC-26APR19-3500-P,48.78,0.005,10.0,3,1554135586235,17008611,580
2019-04-01 16:19:57.272,10.0,buy,4141.64,BTC-26APR19-3500-P,48.8,0.005,10.0,3,1554135597272,17008612,581
2019-04-01 16:20:06.239,10.0,buy,4141.87,BTC-26APR19-3500-P,48.81,0.005,10.0,3,1554135606239,17008613,582
2019-04-01 16:20:12.320,10.0,buy,4141.79,BTC-26APR19-3500-P,48.81,0.005,10.0,3,1554135612320,17008614,583
2019-04-01 16:20:21.148,10.0,buy,4141.8,BTC-26APR19-3500-P,48.81,0.005,10.0,3,1554135621148,17008615,584
2019-04-01 16:20:26.810,10.0,buy,4141.81,BTC-26APR19-3500-P,48.81,0.005,10.0,3,1554135626810,17008616,585
2019-04-01 16:20:30.520,10.0,buy,4141.81,BTC-26APR19-3500-P,48.81,0.005,10.0,3,1554135630520,17008617,586
2019-04-01 16:20:37.009,10.0,buy,4141.81,BTC-26APR19-3500-P,48.81,0.005,10.0,3,1554135637009,17008618,587
2019-04-01 16:20:40.448,10.0,buy,4141.97,BTC-26APR19-3500-P,48.82,0.005,10.0,3,1554135640448,17008619,588
2019-04-01 16:20:49.814,10.0,buy,4141.94,BTC-26APR19-3500-P,48.81,0.005,10.0,3,1554135649814,17008620,589
2019-04-01 16:20:55.656,10.0,buy,4141.94,BTC-26APR19-3500-P,48.81,0.005,10.0,3,1554135655656,17008621,590
2019-04-01 16:21:19.576,10.0,buy,4141.85,BTC-26APR19-3500-P,48.81,0.005,10.0,3,1554135679576,17008622,591
2019-04-01 16:27:02.226,2.0,buy,4141.53,BTC-26APR19-3500-P,48.8,0.005,2.0,3,1554136022226,17008660,592
2019-04-01 16:51:10.735,10.0,sell,4143.81,BTC-26APR19-3500-P,47.63,0.0045,10.0,3,1554137470735,17008804,594
2019-04-01 16:51:10.735,20.0,sell,4143.81,BTC-26APR19-3500-P,47.63,0.0045,20.0,2,1554137470735,17008803,593
2019-04-01 17:43:18.974,0.2,buy,4133.26,BTC-26APR19-3500-P,48.41,0.005,0.2,0,1554140598974,17009437,595
2019-04-01 22:36:34.026,2.0,sell,4139.79,BTC-26APR19-3500-P,47.66,0.0045,2.0,2,1554158194026,17011541,596
2019-04-01 22:36:37.198,10.0,buy,4139.83,BTC-26APR19-3500-P,47.66,0.0045,10.0,3,1554158197198,17011542,597
2019-04-01 22:37:07.072,10.0,buy,4140.2,BTC-26APR19-3500-P,47.68,0.0045,10.0,3,1554158227072,17011548,598
2019-04-01 22:37:08.163,10.0,buy,4140.2,BTC-26APR19-3500-P,47.68,0.0045,10.0,3,1554158228163,17011549,599
2019-04-01 22:37:09.309,5.0,buy,4140.2,BTC-26APR19-3500-P,47.68,0.0045,5.0,3,1554158229309,17011552,600
2019-04-02 00:05:14.920,2.0,sell,4134.99,BTC-26APR19-3500-P,46.09,0.004,2.0,2,1554163514920,17012475,601
2019-04-02 00:29:14.823,10.0,sell,4144.99,BTC-26APR19-3500-P,45.16,0.0035,10.0,2,1554164954823,17012816,602
2019-04-02 00:31:13.951,0.5,buy,4143.8,BTC-26APR19-3500-P,49.25,0.005,0.5,0,1554165073951,17012855,603
2019-04-02 00:53:48.890,12.0,sell,4158.52,BTC-26APR19-3500-P,45.86,0.0035,12.0,2,1554166428890,17013653,604
2019-04-02 01:16:00.609,10.0,sell,4145.99,BTC-26APR19-3500-P,46.71,0.004,10.0,0,1554167760609,17014731,605
2019-04-02 01:16:03.255,10.0,buy,4145.99,BTC-26APR19-3500-P,46.71,0.004,10.0,1,1554167763255,17014732,606
2019-04-02 01:31:57.149,10.0,buy,4149.78,BTC-26APR19-3500-P,46.91,0.004,10.0,1,1554168717149,17014995,607
2019-04-02 02:39:30.772,0.3,sell,4175.33,BTC-26APR19-3500-P,45.15,0.003,0.3,2,1554172770772,17016904,608
2019-04-02 03:54:24.397,10.0,sell,4170.39,BTC-26APR19-3500-P,46.57,0.0035,10.0,0,1554177264397,17018090,609
2019-04-02 03:54:24.397,12.0,sell,4170.39,BTC-26APR19-3500-P,46.57,0.0035,12.0,1,1554177264397,17018091,610
2019-04-02 03:58:30.848,5.0,buy,4175.88,BTC-26APR19-3500-P,49.77,0.0045,5.0,0,1554177510848,17018204,611
2019-04-02 04:32:37.829,10.0,sell,4216.84,BTC-26APR19-3500-P,47.24,0.003,10.0,2,1554179557829,17019909,612
2019-04-02 04:32:37.829,16.0,sell,4216.84,BTC-26APR19-3500-P,47.24,0.003,16.0,3,1554179557829,17019910,613
2019-04-02 04:32:50.645,30.0,sell,4226.65,BTC-26APR19-3500-P,47.71,0.003,30.0,3,1554179570645,17020473,614
2019-04-02 04:33:15.221,1.2,buy,4255.29,BTC-26APR19-3500-P,53.88,0.0045,1.2,0,1554179595221,17021742,615
2019-04-02 04:33:20.451,1.2,sell,4259.62,BTC-26APR19-3500-P,42.91,0.0015,1.2,2,1554179600451,17021867,616
2019-04-02 04:37:14.140,1.3,buy,4397.37,BTC-26APR19-3500-P,59.27,0.004,1.3,0,1554179834140,17026974,617
2019-04-02 04:37:15.411,1.0,sell,4397.4,BTC-26APR19-3500-P,55.66,0.003,1.0,2,1554179835411,17026997,618
2019-04-02 04:37:17.039,1.0,sell,4397.4,BTC-26APR19-3500-P,55.66,0.003,1.0,3,1554179837039,17027045,619
2019-04-02 04:37:17.264,1.0,sell,4397.44,BTC-26APR19-3500-P,66.68,0.0065,1.0,0,1554179837264,17027054,620
2019-04-02 04:37:17.317,1.0,sell,4397.44,BTC-26APR19-3500-P,65.32,0.006,1.0,2,1554179837317,17027055,621
2019-04-02 04:37:17.660,1.0,sell,4397.44,BTC-26APR19-3500-P,62.45,0.005,1.0,2,1554179837660,17027064,622
2019-04-02 04:37:18.091,1.0,sell,4397.44,BTC-26APR19-3500-P,59.27,0.004,1.0,2,1554179838091,17027075,623
2019-04-02 04:37:18.286,1.0,sell,4397.44,BTC-26APR19-3500-P,57.53,0.0035,1.0,2,1554179838286,17027082,624
2019-04-02 04:37:18.422,1.0,sell,4397.44,BTC-26APR19-3500-P,55.66,0.003,1.0,2,1554179838422,17027087,625
2019-04-02 04:37:18.667,1.0,sell,4397.44,BTC-26APR19-3500-P,55.66,0.003,1.0,3,1554179838667,17027095,626
2019-04-02 04:37:19.578,1.0,sell,4399.16,BTC-26APR19-3500-P,48.74,0.0015,1.0,2,1554179839578,17027114,627
2019-04-02 04:37:19.749,0.8,sell,4399.16,BTC-26APR19-3500-P,48.74,0.0015,0.8,3,1554179839749,17027119,628
2019-04-02 04:37:19.757,0.2,buy,4399.16,BTC-26APR19-3500-P,40.98,0.0005,0.2,2,1554179839757,17027120,629
2019-04-02 04:37:19.952,0.8,buy,4399.16,BTC-26APR19-3500-P,40.98,0.0005,0.8,3,1554179839952,17027125,630
2019-04-02 04:38:11.164,1.0,buy,4421.57,BTC-26APR19-3500-P,41.77,0.0005,1.0,3,1554179891164,17028077,631
2019-04-02 04:38:11.434,1.0,buy,4421.57,BTC-26APR19-3500-P,41.77,0.0005,1.0,3,1554179891434,17028086,632
2019-04-02 04:38:14.018,1.0,buy,4423.01,BTC-26APR19-3500-P,41.83,0.0005,1.0,3,1554179894018,17028127,633
2019-04-02 04:38:14.294,1.0,buy,4423.01,BTC-26APR19-3500-P,41.83,0.0005,1.0,3,1554179894294,17028136,634
2019-04-02 04:38:14.655,1.0,buy,4423.01,BTC-26APR19-3500-P,41.83,0.0005,1.0,3,1554179894655,17028138,635
2019-04-02 04:38:28.565,1.0,buy,4425.66,BTC-26APR19-3500-P,41.92,0.0005,1.0,3,1554179908565,17028404,636
2019-04-02 04:48:23.894,0.1,buy,4462.31,BTC-26APR19-3500-P,60.51,0.0035,0.1,0,1554180503894,17034088,637
2019-04-02 04:58:14.569,0.3,buy,4687.86,BTC-26APR19-3500-P,168.35,0.055,0.3,0,1554181094569,17043815,638
2019-04-02 05:09:00.099,0.2,sell,4693.02,BTC-26APR19-3500-P,51.05,0.0005,0.2,2,1554181740099,17049418,639
2019-04-02 05:13:46.435,5.0,sell,4720.4,BTC-26APR19-3500-P,69.57,0.003,5.0,0,1554182026435,17051390,640
2019-04-02 05:15:39.273,1.3,sell,4735.21,BTC-26APR19-3500-P,67.74,0.0025,1.3,2,1554182139273,17052248,641
2019-04-02 05:15:39.350,0.2,sell,4735.21,BTC-26APR19-3500-P,67.74,0.0025,0.2,3,1554182139350,17052251,642
2019-04-02 05:18:52.703,0.6,buy,4898.27,BTC-26APR19-3500-P,183.69,0.055,0.6,0,1554182332703,17056181,643
2019-04-02 05:19:46.339,0.6,buy,4940.32,BTC-26APR19-3500-P,186.65,0.055,0.6,1,1554182386339,17057128,644
2019-04-02 05:20:11.716,0.6,buy,4974.38,BTC-26APR19-3500-P,189.02,0.055,0.6,1,1554182411716,17057734,645
2019-04-02 05:20:22.968,0.6,buy,4974.74,BTC-26APR19-3500-P,189.05,0.055,0.6,1,1554182422968,17057948,646
2019-04-02 05:20:28.236,0.6,buy,4971.96,BTC-26APR19-3500-P,188.85,0.055,0.6,1,1554182428236,17058041,647
2019-04-02 05:20:34.179,0.6,buy,4979.45,BTC-26APR19-3500-P,189.38,0.055,0.6,1,1554182434179,17058192,648
2019-04-02 05:20:40.103,0.5,buy,4981.22,BTC-26APR19-3500-P,204.82,0.065,0.5,0,1554182440103,17058290,650
2019-04-02 05:20:40.103,0.1,buy,4981.22,BTC-26APR19-3500-P,189.5,0.055,0.1,1,1554182440103,17058289,649
2019-04-02 05:20:45.550,0.1,buy,4983.33,BTC-26APR19-3500-P,212.46,0.07,0.1,0,1554182445550,17058399,652
2019-04-02 05:20:45.550,0.5,buy,4983.33,BTC-26APR19-3500-P,204.97,0.065,0.5,1,1554182445550,17058398,651
2019-04-02 05:20:51.155,0.5,buy,4986.78,BTC-26APR19-3500-P,212.72,0.07,0.5,1,1554182451155,17058459,653
2019-04-02 05:20:56.935,0.5,buy,4989.51,BTC-26APR19-3500-P,212.92,0.07,0.5,1,1554182456935,17058559,654
2019-04-02 05:21:02.700,0.5,buy,5011.96,BTC-26APR19-3500-P,214.58,0.07,0.5,1,1554182462700,17058692,655
2019-04-02 05:21:08.445,0.1,buy,4997.76,BTC-26APR19-3500-P,228.31,0.08,0.1,0,1554182468445,17058724,657
2019-04-02 05:21:08.445,0.4,buy,4997.76,BTC-26APR19-3500-P,213.53,0.07,0.4,1,1554182468445,17058723,656
2019-04-02 05:21:50.399,1.0,sell,5031.7,BTC-26APR19-3500-P,101.25,0.008,1.0,2,1554182510399,17059502,658
2019-04-02 05:21:50.571,1.0,buy,5031.7,BTC-26APR19-3500-P,86.64,0.004,1.0,2,1554182510571,17059513,659
2019-04-02 05:21:50.709,1.0,buy,5031.7,BTC-26APR19-3500-P,86.64,0.004,1.0,3,1554182510709,17059517,660
2019-04-02 05:21:50.876,0.1,buy,5031.7,BTC-26APR19-3500-P,96.34,0.0065,0.1,0,1554182510876,17059519,662
2019-04-02 05:21:50.876,0.9,buy,5031.7,BTC-26APR19-3500-P,86.64,0.004,0.9,3,1554182510876,17059518,661
2019-04-02 05:21:52.398,1.0,buy,5031.27,BTC-26APR19-3500-P,96.32,0.0065,1.0,1,1554182512398,17059600,663
2019-04-02 05:38:10.914,3.9,sell,4792.58,BTC-26APR19-3500-P,70.03,0.0025,3.9,2,1554183490914,17070100,664
2019-04-02 06:14:06.630,3.0,sell,4752.19,BTC-26APR19-3500-P,53.03,0.0005,3.0,3,1554185646630,17080900,666
2019-04-02 06:14:06.630,0.5,sell,4752.19,BTC-26APR19-3500-P,53.03,0.0005,0.5,3,1554185646630,17080901,667
2019-04-02 06:14:06.630,9.8,sell,4752.19,BTC-26APR19-3500-P,53.03,0.0005,9.8,2,1554185646630,17080899,665
2019-04-02 06:20:35.972,2.0,buy,4713.21,BTC-26APR19-3500-P,64.22,0.002,2.0,0,1554186035972,17082827,668
2019-04-02 06:39:03.088,2.0,buy,4665.67,BTC-26APR19-3500-P,65.03,0.0025,2.0,0,1554187143088,17085816,669
2019-04-02 06:48:14.997,0.1,buy,4691.75,BTC-26APR19-3500-P,66.09,0.0025,0.1,1,1554187694997,17086847,670
2019-04-02 06:51:39.157,14.0,buy,4701.6,BTC-26APR19-3500-P,66.49,0.0025,14.0,1,1554187899157,17087191,671
2019-04-02 07:38:26.346,45.0,buy,4681.2,BTC-26APR19-3500-P,72.28,0.004,45.0,0,1554190706346,17092393,672
2019-04-02 07:47:15.607,1.5,sell,4699.36,BTC-26APR19-3500-P,60.63,0.0015,1.5,2,1554191235607,17092690,673
2019-04-02 08:49:41.739,8.5,sell,4711.46,BTC-26APR19-3500-P,61.14,0.0015,8.5,3,1554194981739,17095184,674
2019-04-02 11:59:34.714,7.4,buy,4780.03,BTC-26APR19-3500-P,69.92,0.0025,7.4,0,1554206374714,17108080,675
2019-04-02 11:59:34.714,2.6,buy,4780.03,BTC-26APR19-3500-P,72.42,0.003,2.6,0,1554206374714,17108081,676
2019-04-02 14:06:14.839,7.4,buy,4794.51,BTC-26APR19-3500-P,70.63,0.0025,7.4,2,1554213974839,17112698,677
2019-04-02 16:33:11.447,8.2,buy,4740.5,BTC-26APR19-3500-P,71.09,0.003,8.2,0,1554222791447,17122614,678
2019-04-02 17:21:50.149,0.4,buy,4728.49,BTC-26APR19-3500-P,58.3,0.001,0.4,2,1554225710149,17123813,679
2019-04-02 17:21:50.970,0.4,buy,4728.49,BTC-26APR19-3500-P,58.3,0.001,0.4,3,1554225710970,17123814,680
2019-04-02 17:21:51.087,0.4,buy,4728.67,BTC-26APR19-3500-P,58.31,0.001,0.4,3,1554225711087,17123815,681
2019-04-02 17:21:51.142,0.4,buy,4728.67,BTC-26APR19-3500-P,58.31,0.001,0.4,3,1554225711142,17123816,682
2019-04-02 17:52:53.352,0.4,buy,4726.5,BTC-26APR19-3500-P,58.26,0.001,0.4,3,1554227573352,17125825,683
2019-04-02 23:07:18.866,673.0,sell,4828.46,BTC-26APR19-3500-P,66.28,0.0015,673.0,0,1554246438866,17142427,684
2019-04-03 05:16:48.788,0.6,sell,4937.1,BTC-26APR19-3500-P,60.09,0.0005,0.6,2,1554268608788,17187866,686
2019-04-03 05:16:48.788,0.4,sell,4937.1,BTC-26APR19-3500-P,66.24,0.001,0.4,2,1554268608788,17187865,685
2019-04-03 06:42:09.254,3.0,sell,4976.82,BTC-26APR19-3500-P,72.12,0.0015,3.0,0,1554273729254,17189824,687
2019-04-03 08:33:28.970,0.7000000000000001,buy,4940.64,BTC-26APR19-3500-P,82.73,0.0035,0.7000000000000001,0,1554280408970,17192188,688
2019-04-03 18:24:31.873,0.1,sell,5144.08,BTC-26APR19-3500-P,67.26,0.0005,0.1,2,1554315871873,17222040,689
2019-04-03 21:41:59.219,2.0,buy,5305.52,BTC-26APR19-3500-P,88.65,0.002,2.0,0,1554327719219,17242235,690
2019-04-03 23:00:39.464,10.0,buy,5087.43,BTC-26APR19-3500-P,84.23,0.0025,10.0,0,1554332439464,17258413,691
2019-04-04 01:44:27.698,50.0,sell,5052.52,BTC-26APR19-3500-P,85.99,0.003,50.0,0,1554342267698,17283914,692
2019-04-04 02:53:49.546,20.0,sell,5024.31,BTC-26APR19-3500-P,75.19,0.0015,20.0,2,1554346429546,17288307,693
2019-04-04 02:57:43.866,20.0,sell,5019.52,BTC-26APR19-3500-P,75.02,0.0015,20.0,3,1554346663866,17288366,694
2019-04-04 12:17:12.370,1.0,buy,5003.53,BTC-26APR19-3500-P,87.5,0.0035,1.0,0,1554380232370,17305915,695
2019-04-04 12:17:21.891,10.0,buy,5003.47,BTC-26APR19-3500-P,87.49,0.0035,10.0,1,1554380241891,17305917,696
2019-04-04 12:17:25.787,1.0,buy,5003.48,BTC-26APR19-3500-P,89.89,0.004,1.0,0,1554380245787,17305920,699
2019-04-04 12:17:25.787,9.0,buy,5003.48,BTC-26APR19-3500-P,87.49,0.0035,9.0,1,1554380245787,17305918,697
2019-04-04 12:17:25.787,10.0,buy,5003.48,BTC-26APR19-3500-P,87.49,0.0035,10.0,1,1554380245787,17305919,698
2019-04-04 12:17:30.621,24.0,buy,5004.06,BTC-26APR19-3500-P,96.27,0.0055,24.0,0,1554380250621,17305922,701
2019-04-04 12:17:30.621,0.3,buy,5004.06,BTC-26APR19-3500-P,184.02,0.045,0.3,0,1554380250621,17305925,704
2019-04-04 12:17:30.621,4.7,buy,5004.06,BTC-26APR19-3500-P,89.92,0.004,4.7,1,1554380250621,17305921,700
2019-04-04 12:17:30.621,0.6,buy,5004.06,BTC-26APR19-3500-P,105.13,0.008,0.6,0,1554380250621,17305923,702
2019-04-04 12:17:30.621,0.4,buy,5004.06,BTC-26APR19-3500-P,116.92,0.012,0.4,0,1554380250621,17305924,703
2019-04-04 12:17:34.508,12.8,buy,5003.92,BTC-26APR19-3500-P,98.18,0.006,12.8,1,1554380254508,17305928,707
2019-04-04 12:17:34.508,20.0,buy,5003.92,BTC-26APR19-3500-P,98.18,0.006,20.0,0,1554380254508,17305927,706
2019-04-04 12:17:34.508,7.2,buy,5003.92,BTC-26APR19-3500-P,92.15,0.0045,7.2,2,1554380254508,17305926,705
2019-04-04 12:17:43.117,22.6,buy,5004.49,BTC-26APR19-3500-P,98.2,0.006,22.6,0,1554380263117,17305939,709
2019-04-04 12:17:43.117,7.4,buy,5004.49,BTC-26APR19-3500-P,94.29,0.005,7.4,2,1554380263117,17305938,708
2019-04-04 12:17:48.206,3.7,buy,5004.32,BTC-26APR19-3500-P,94.28,0.005,3.7,2,1554380268206,17305941,710
2019-04-04 12:17:48.206,0.4,buy,5004.32,BTC-26APR19-3500-P,122.17,0.014,0.4,0,1554380268206,17305942,711
2019-04-04 12:17:48.206,0.9,buy,5004.32,BTC-26APR19-3500-P,184.04,0.045,0.9,0,1554380268206,17305943,712
2019-04-04 12:17:52.192,2.0,buy,5004.51,BTC-26APR19-3500-P,96.29,0.0055,2.0,2,1554380272192,17305946,713
2019-04-04 12:17:55.553,1.0,buy,5004.77,BTC-26APR19-3500-P,96.3,0.0055,1.0,3,1554380275553,17305949,714
2019-04-04 13:40:32.566,1.1,buy,5010.78,BTC-26APR19-3500-P,94.68,0.005,1.1,2,1554385232566,17308582,715
2019-04-04 13:40:41.674,3.1,buy,5013.46,BTC-26APR19-3500-P,94.8,0.005,3.1,3,1554385241674,17308583,716
2019-04-04 16:37:11.434,3.8,buy,4955.79,BTC-26APR19-3500-P,88.25,0.004,3.8,2,1554395831434,17314926,717
2019-04-04 16:38:27.228,1.2,buy,4958.69,BTC-26APR19-3500-P,90.59,0.0045,1.2,0,1554395907228,17314964,718
2019-04-04 18:52:05.967,24.0,sell,4886.0,BTC-26APR19-3500-P,80.63,0.003,24.0,2,1554403925967,17324926,719
2019-04-04 18:52:05.967,20.0,sell,4886.0,BTC-26APR19-3500-P,80.63,0.003,20.0,3,1554403925967,17324927,720
2019-04-04 18:52:05.967,6.4,sell,4886.0,BTC-26APR19-3500-P,80.63,0.003,6.4,3,1554403925967,17324928,721
2019-04-04 19:05:42.008,2.0,sell,4851.93,BTC-26APR19-3500-P,76.52,0.0025,2.0,2,1554404742008,17325717,722
2019-04-04 20:57:21.091,24.0,sell,4841.22,BTC-26APR19-3500-P,76.22,0.0025,24.0,3,1554411441091,17334217,723
2019-04-04 20:57:21.091,20.0,sell,4841.22,BTC-26APR19-3500-P,76.22,0.0025,20.0,3,1554411441091,17334218,724
2019-04-04 20:57:21.091,4.9,sell,4841.22,BTC-26APR19-3500-P,76.22,0.0025,4.9,3,1554411441091,17334219,725
2019-04-04 20:57:21.095,15.0,buy,4841.22,BTC-26APR19-3500-P,76.22,0.0025,15.0,3,1554411441095,17334220,726
2019-04-04 20:58:09.812,100.0,buy,4845.51,BTC-26APR19-3500-P,76.39,0.0025,100.0,3,1554411489812,17334279,727
2019-04-04 20:58:58.732,6.1000000000000005,sell,4845.83,BTC-26APR19-3500-P,73.37,0.002,6.1000000000000005,3,1554411538732,17334317,729
2019-04-04 20:58:58.732,24.0,sell,4845.83,BTC-26APR19-3500-P,73.37,0.002,24.0,2,1554411538732,17334316,728
2019-04-04 21:32:05.187,3.0,sell,4935.12,BTC-26APR19-3500-P,68.71,0.001,3.0,2,1554413525187,17337181,730
2019-04-05 11:17:17.866,6.2,buy,4970.99,BTC-26APR19-3500-P,85.49,0.003,6.2,0,1554463037866,17358542,731
2019-04-05 12:32:16.063,1.0,sell,5025.68,BTC-26APR19-3500-P,87.84,0.003,1.0,1,1554467536063,17362000,732
2019-04-05 12:32:16.063,29.0,sell,5025.68,BTC-26APR19-3500-P,87.84,0.003,29.0,1,1554467536063,17362001,733
2019-04-05 12:40:04.020,20.0,sell,5036.18,BTC-26APR19-3500-P,88.28,0.003,20.0,1,1554468004020,17362570,734
2019-04-05 13:35:00.177,6.4,buy,5027.79,BTC-26APR19-3500-P,88.02,0.003,6.4,1,1554471300177,17364807,735
2019-04-05 13:51:46.924,2.0,buy,5012.92,BTC-26APR19-3500-P,87.44,0.003,2.0,1,1554472306924,17366897,736
2019-04-05 14:06:55.545,30.0,buy,5004.5,BTC-26APR19-3500-P,87.12,0.003,30.0,1,1554473215545,17367562,737
2019-04-05 15:20:09.557,30.0,buy,4979.62,BTC-26APR19-3500-P,86.2,0.003,30.0,1,1554477609557,17369991,738
2019-04-05 15:38:53.901,30.0,buy,4988.76,BTC-26APR19-3500-P,86.6,0.003,30.0,1,1554478733901,17370936,739
2019-04-05 15:41:19.757,0.1,sell,4991.64,BTC-26APR19-3500-P,83.81,0.0025,0.1,2,1554478879757,17370975,740
2019-04-05 17:07:06.706,14.0,sell,5019.55,BTC-26APR19-3500-P,85.05,0.0025,14.0,3,1554484026706,17374578,741
2019-04-05 18:39:48.226,4.1,buy,5030.55,BTC-26APR19-3500-P,88.59,0.003,4.1,0,1554489588226,17378564,742
2019-04-05 23:41:36.459,1.2,sell,5025.91,BTC-26APR19-3500-P,85.87,0.0025,1.2,2,1554507696459,17385889,743
2019-04-06 03:21:35.430,34.7,sell,4995.8,BTC-26APR19-3500-P,84.98,0.0025,34.7,3,1554520895430,17388758,744
2019-04-06 16:27:38.861,1.0,sell,5160.89,BTC-26APR19-3500-P,89.25,0.002,1.0,2,1554568058861,17405837,745
2019-04-06 16:27:39.771,1.0,sell,5160.54,BTC-26APR19-3500-P,89.23,0.002,1.0,3,1554568059771,17405838,746
2019-04-06 16:27:40.497,1.0,sell,5160.78,BTC-26APR19-3500-P,89.24,0.002,1.0,3,1554568060497,17405839,747
2019-04-06 16:27:41.410,1.0,sell,5160.87,BTC-26APR19-3500-P,89.25,0.002,1.0,3,1554568061410,17405840,748
2019-04-06 16:29:10.197,0.3,sell,5148.92,BTC-26APR19-3500-P,88.79,0.002,0.3,3,1554568150197,17405976,749
2019-04-06 17:37:52.743,0.9,sell,5173.92,BTC-26APR19-3500-P,80.48,0.001,0.9,2,1554572272743,17414249,750
2019-04-06 21:50:02.766,3.9,sell,5002.98,BTC-26APR19-3500-P,79.59,0.0015,3.9,0,1554587402766,17434559,751
2019-04-07 18:08:07.895,3.0,buy,5130.52,BTC-26APR19-3500-P,94.22,0.0025,3.0,0,1554660487895,17475255,752
2019-04-07 19:02:55.471,3.0,buy,5142.35,BTC-26APR19-3500-P,91.14,0.002,3.0,2,1554663775471,17476161,753
2019-04-07 23:20:07.145,0.1,sell,5199.38,BTC-26APR19-3500-P,93.84,0.002,0.1,3,1554679207145,17493497,754
