date_utc,amount,direction,indexPrice,instrument,iv,price,quantity,tickDirection,timeStamp,tradeId,tradeSeq
2019-05-13 15:27:08.233,2.0,buy,202.06,ETH-17MAY19-250-C,143.76,0.005,2.0,1,1557761228233,2035432,1
2019-05-13 16:06:45.588,50.0,buy,207.95,ETH-17MAY19-250-C,141.12,0.006999999999999999,50.0,0,1557763605588,2041531,3
2019-05-13 16:06:45.588,48.0,buy,207.95,ETH-17MAY19-250-C,129.6,0.005,48.0,1,1557763605588,2041530,2
2019-05-13 16:06:45.593,85.0,sell,207.95,ETH-17MAY19-250-C,151.22,0.009000000000000001,85.0,0,1557763605593,2041532,4
2019-05-13 16:06:45.799,4.0,sell,207.95,ETH-17MAY19-250-C,151.22,0.009000000000000001,4.0,1,1557763605799,2041539,5
2019-05-13 17:11:43.043,2.0,sell,203.08,ETH-17MAY19-250-C,135.62,0.004,2.0,2,1557767503043,2050858,6
2019-05-13 23:00:45.193,1.0,sell,196.76,ETH-17MAY19-250-C,136.73,0.002,1.0,2,1557788445193,2070797,7
2019-05-14 00:33:00.684,25.0,buy,198.06,ETH-17MAY19-250-C,145.71,0.003,25.0,0,1557793980684,2077623,8
2019-05-14 09:01:57.777,2.0,buy,207.83,ETH-17MAY19-250-C,151.22,0.006,2.0,0,1557824517777,2116583,9
2019-05-14 10:14:12.489,28.0,buy,204.9,ETH-17MAY19-250-C,137.58,0.003,28.0,2,1557828852489,2121267,10
2019-05-14 14:35:53.968,5.0,buy,207.98,ETH-17MAY19-250-C,142.5,0.004,5.0,0,1557844553968,2136894,11
2019-05-14 16:01:50.163,15.0,sell,202.95,ETH-17MAY19-250-C,149.0,0.003,15.0,2,1557849710163,2142451,12
2019-05-14 22:33:21.779,2.0,buy,213.0,ETH-17MAY19-250-C,128.34,0.003,2.0,3,1557873201779,2170534,13
2019-05-14 23:03:57.740,29.0,buy,218.46,ETH-17MAY19-250-C,146.68,0.008,29.0,0,1557875037740,2173873,14
2019-05-14 23:04:08.756,4.0,buy,218.68,ETH-17MAY19-250-C,145.94,0.008,4.0,1,1557875048756,2173967,15
2019-05-14 23:39:28.005,2.0,buy,218.11,ETH-17MAY19-250-C,164.48,0.011000000000000001,2.0,0,1557877168005,2178689,16
2019-05-15 00:33:26.160,10.0,sell,219.88,ETH-17MAY19-250-C,149.21,0.009000000000000001,10.0,2,1557880406160,2183703,17
2019-05-15 00:57:23.896,4.0,buy,220.99,ETH-17MAY19-250-C,151.02,0.01,4.0,0,1557881843896,2185894,18
2019-05-15 02:02:14.149,5.0,sell,220.49,ETH-17MAY19-250-C,149.09,0.009000000000000001,5.0,2,1557885734149,2189870,19
2019-05-15 06:09:09.951,2.0,buy,232.45,ETH-17MAY19-250-C,140.31,0.016,2.0,0,1557900549951,2205669,20
2019-05-15 06:13:45.028,4.0,buy,233.76,ETH-17MAY19-250-C,134.73,0.016,4.0,1,1557900825028,2206077,21
2019-05-15 06:13:47.145,4.0,buy,233.76,ETH-17MAY19-250-C,134.73,0.016,4.0,1,1557900827145,2206085,22
2019-05-15 06:13:48.226,4.0,buy,233.76,ETH-17MAY19-250-C,134.73,0.016,4.0,1,1557900828226,2206087,23
2019-05-15 06:13:49.845,4.0,buy,233.74,ETH-17MAY19-250-C,134.82,0.016,4.0,1,1557900829845,2206090,24
2019-05-15 06:30:53.030,1.0,buy,234.77,ETH-17MAY19-250-C,146.22,0.02,1.0,0,1557901853030,2207502,25
2019-05-15 07:29:55.098,10.0,sell,227.03,ETH-17MAY19-250-C,165.51,0.016,10.0,2,1557905395098,2213282,26
2019-05-15 07:29:55.180,63.0,sell,227.02,ETH-17MAY19-250-C,142.62,0.011000000000000001,63.0,2,1557905395180,2213289,27
2019-05-15 07:52:55.211,2.0,sell,226.85,ETH-17MAY19-250-C,138.91,0.01,2.0,2,1557906775211,2216015,28
2019-05-15 09:50:15.590,10.0,buy,234.82,ETH-17MAY19-250-C,158.97,0.022000000000000002,10.0,0,1557913815590,2224539,29
2019-05-15 10:02:36.458,1.0,buy,235.88,ETH-17MAY19-250-C,138.53,0.018000000000000002,1.0,2,1557914556458,2225569,30
2019-05-15 10:56:59.332,2.0,sell,233.64,ETH-17MAY19-250-C,137.92,0.015,2.0,2,1557917819332,2229664,31
2019-05-15 11:40:00.712,5.0,sell,232.15,ETH-17MAY19-250-C,122.8,0.01,5.0,2,1557920400712,2231712,32
2019-05-15 14:47:42.277,2.0,buy,231.69,ETH-17MAY19-250-C,153.39,0.015,2.0,0,1557931662277,2245476,33
2019-05-15 15:57:34.417,20.0,sell,239.0,ETH-17MAY19-250-C,144.54,0.021,20.0,0,1557935854417,2249520,34
2019-05-15 16:01:30.301,2.0,buy,241.76,ETH-17MAY19-250-C,137.27,0.023,2.0,0,1557936090301,2250719,35
2019-05-15 16:05:23.518,5.0,sell,242.47,ETH-17MAY19-250-C,133.31,0.023,5.0,1,1557936323518,2252199,36
2019-05-15 16:14:18.439,40.0,buy,239.84,ETH-17MAY19-250-C,144.46,0.022000000000000002,40.0,2,1557936858439,2254742,37
2019-05-15 16:15:31.263,60.0,buy,239.84,ETH-17MAY19-250-C,148.51,0.023,60.0,0,1557936931263,2254985,38
2019-05-15 16:23:12.228,41.0,buy,240.88,ETH-17MAY19-250-C,130.98,0.02,41.0,2,1557937392228,2255959,39
2019-05-15 16:23:12.586,9.0,buy,240.88,ETH-17MAY19-250-C,130.98,0.02,9.0,3,1557937392586,2255967,40
2019-05-15 17:00:52.085,3.0,buy,240.53,ETH-17MAY19-250-C,129.92,0.019,3.0,2,1557939652085,2260169,41
2019-05-15 17:28:01.040,30.0,buy,243.62,ETH-17MAY19-250-C,152.14,0.029,30.0,0,1557941281040,2262901,42
2019-05-15 17:48:28.675,47.0,buy,242.55,ETH-17MAY19-250-C,151.55,0.027000000000000003,47.0,2,1557942508675,2265400,43
2019-05-15 17:48:49.172,60.0,buy,242.43,ETH-17MAY19-250-C,156.23,0.027999999999999997,60.0,0,1557942529172,2265433,44
2019-05-15 17:49:17.688,37.0,sell,241.96,ETH-17MAY19-250-C,159.06,0.027999999999999997,37.0,1,1557942557688,2265484,45
2019-05-15 17:49:58.314,76.0,buy,242.24,ETH-17MAY19-250-C,161.32,0.029,76.0,0,1557942598314,2265575,46
2019-05-15 17:50:16.875,80.0,buy,242.23,ETH-17MAY19-250-C,165.29,0.03,80.0,0,1557942616875,2265616,47
2019-05-15 18:50:57.908,10.0,sell,240.52,ETH-17MAY19-250-C,137.31,0.02,10.0,2,1557946257908,2268701,48
2019-05-15 21:38:53.026,31.0,sell,239.39,ETH-17MAY19-250-C,136.18,0.017,31.0,2,1557956333026,2283867,49
2019-05-15 21:48:47.462,100.0,buy,241.46,ETH-17MAY19-250-C,141.81,0.021,100.0,0,1557956927462,2285199,50
2019-05-15 22:51:25.956,5.0,buy,244.41,ETH-17MAY19-250-C,133.75,0.023,5.0,0,1557960685956,2288378,51
2019-05-15 22:52:39.089,2.0,buy,245.55,ETH-17MAY19-250-C,134.5,0.025,2.0,0,1557960759089,2288712,52
2019-05-15 22:55:26.155,10.0,sell,246.47,ETH-17MAY19-250-C,140.54,0.027999999999999997,10.0,0,1557960926155,2289070,53
2019-05-15 23:28:15.936,1.0,buy,248.9,ETH-17MAY19-250-C,127.92,0.028999999999999998,1.0,0,1557962895936,2293594,54
2019-05-15 23:28:30.383,1.0,buy,249.16,ETH-17MAY19-250-C,130.03,0.03,1.0,0,1557962910383,2293616,55
2019-05-15 23:28:39.937,1.0,buy,249.3,ETH-17MAY19-250-C,133.09,0.031,1.0,0,1557962919937,2293627,56
2019-05-16 00:54:15.634,27.0,buy,263.38,ETH-17MAY19-250-C,170.67,0.07,27.0,0,1557968055634,2308863,57
2019-05-16 00:57:33.985,13.0,buy,264.33,ETH-17MAY19-250-C,158.96,0.07,13.0,1,1557968253985,2309599,58
2019-05-16 01:29:58.604,4.0,buy,264.66,ETH-17MAY19-250-C,139.68,0.067,4.0,2,1557970198604,2314241,59
2019-05-16 01:31:11.168,1.0,buy,266.09,ETH-17MAY19-250-C,134.88,0.07,1.0,0,1557970271168,2314337,60
2019-05-16 01:31:45.355,2.0,buy,265.96,ETH-17MAY19-250-C,137.01,0.07,2.0,1,1557970305355,2314411,61
2019-05-16 01:34:48.086,4.0,buy,266.63,ETH-17MAY19-250-C,125.81,0.07,4.0,1,1557970488086,2314770,62
2019-05-16 03:56:55.765,50.0,sell,269.06,ETH-17MAY19-250-C,165.61,0.08199999999999999,50.0,0,1557979015765,2326409,63
2019-05-16 05:38:59.352,30.0,sell,258.83,ETH-17MAY19-250-C,128.65,0.048,30.0,2,1557985139352,2359280,64
2019-05-16 05:47:38.069,50.0,sell,258.91,ETH-17MAY19-250-C,127.95,0.048,50.0,3,1557985658069,2359900,65
2019-05-16 06:03:13.578,50.0,sell,257.7,ETH-17MAY19-250-C,123.53,0.044000000000000004,50.0,2,1557986593578,2361171,66
2019-05-16 06:20:47.003,1.0,buy,263.72,ETH-17MAY19-250-C,137.14,0.062,1.0,0,1557987647003,2363476,67
2019-05-16 06:46:55.263,1.0,buy,266.51,ETH-17MAY19-250-C,140.51,0.07,1.0,0,1557989215263,2368515,68
2019-05-16 07:17:59.962,50.0,sell,264.91,ETH-17MAY19-250-C,131.38,0.064,50.0,2,1557991079962,2372052,69
2019-05-16 07:17:59.979,57.0,buy,264.91,ETH-17MAY19-250-C,131.38,0.064,57.0,3,1557991079979,2372053,70
2019-05-16 07:18:03.340,3.0,buy,264.96,ETH-17MAY19-250-C,130.41,0.064,3.0,3,1557991083340,2372056,71
2019-05-16 07:18:07.430,9.0,buy,264.99,ETH-17MAY19-250-C,129.83,0.064,9.0,3,1557991087430,2372061,72
2019-05-16 07:18:48.875,31.0,buy,264.45,ETH-17MAY19-250-C,139.9,0.064,31.0,3,1557991128875,2372119,73
2019-05-16 10:15:37.697,5.0,sell,244.76,ETH-17MAY19-250-C,193.11,0.028999999999999998,5.0,2,1558001737697,2398060,74
2019-05-16 10:58:19.479,2.0,buy,247.76,ETH-17MAY19-250-C,164.63,0.027999999999999997,2.0,2,1558004299479,2410231,75
2019-05-16 13:10:21.089,3.0,sell,246.89,ETH-17MAY19-250-C,149.63,0.022000000000000002,3.0,2,1558012221089,2425092,76
2019-05-16 14:07:02.146,2.0,buy,254.3,ETH-17MAY19-250-C,166.69,0.039,2.0,0,1558015622146,2428738,77
2019-05-16 14:25:08.037,15.0,buy,259.03,ETH-17MAY19-250-C,167.08,0.05,15.0,0,1558016708037,2431540,78
2019-05-16 14:26:44.833,10.0,buy,261.27,ETH-17MAY19-250-C,162.42,0.055,10.0,0,1558016804833,2432091,79
2019-05-16 15:06:11.079,10.0,buy,265.07,ETH-17MAY19-250-C,163.39,0.065,10.0,0,1558019171079,2438427,80
2019-05-16 15:55:10.865,15.0,buy,275.39,ETH-17MAY19-250-C,227.06,0.1,15.0,0,1558022110865,2452768,81
2019-05-16 15:58:46.943,15.0,buy,277.6,ETH-17MAY19-250-C,215.5,0.105,15.0,0,1558022326943,2455218,82
2019-05-16 21:27:34.672,8.0,buy,267.34,ETH-17MAY19-250-C,190.13,0.07,8.0,2,1558042054672,2539980,83
2019-05-17 02:47:14.556,52.0,sell,248.18,ETH-17MAY19-250-C,219.73,0.018000000000000002,52.0,2,1558061234556,2592040,84
2019-05-17 02:47:17.043,18.0,sell,248.21,ETH-17MAY19-250-C,219.18,0.018000000000000002,18.0,3,1558061237043,2592046,85
2019-05-17 02:47:17.633,7.0,sell,248.21,ETH-17MAY19-250-C,219.18,0.018000000000000002,7.0,3,1558061237633,2592047,86
2019-05-17 02:47:41.311,150.0,buy,248.25,ETH-17MAY19-250-C,229.14,0.019,150.0,0,1558061261311,2592222,87
2019-05-17 02:47:41.322,17.0,sell,248.25,ETH-17MAY19-250-C,229.14,0.019,17.0,1,1558061261322,2592223,88
2019-05-17 02:47:41.342,17.0,sell,248.25,ETH-17MAY19-250-C,229.14,0.019,17.0,1,1558061261342,2592224,89
2019-05-17 02:47:47.695,101.0,sell,248.39,ETH-17MAY19-250-C,226.56,0.019,101.0,1,1558061267695,2592299,90
2019-05-17 02:47:48.083,98.0,sell,248.39,ETH-17MAY19-250-C,226.56,0.019,98.0,1,1558061268083,2592303,91
2019-05-17 02:47:48.086,17.0,sell,248.39,ETH-17MAY19-250-C,226.56,0.019,17.0,1,1558061268086,2592304,92
2019-05-17 02:48:46.752,54.0,sell,248.42,ETH-17MAY19-250-C,226.37,0.019,54.0,1,1558061326752,2592715,93
2019-05-17 02:49:15.010,69.0,sell,248.14,ETH-17MAY19-250-C,231.54,0.019,69.0,1,1558061355010,2592779,94
2019-05-17 03:02:20.396,10.0,sell,237.72,ETH-17MAY19-250-C,308.2,0.011000000000000001,10.0,2,1558062140396,2604510,95
2019-05-17 03:04:05.966,40.0,sell,240.45,ETH-17MAY19-250-C,271.54,0.011000000000000001,40.0,3,1558062245966,2607013,96
2019-05-17 03:20:27.708,20.0,buy,241.09,ETH-17MAY19-250-C,257.1,0.01,20.0,2,1558063227708,2633305,97
2019-05-17 03:24:41.610,10.0,buy,241.37,ETH-17MAY19-250-C,242.31,0.009000000000000001,10.0,2,1558063481610,2636618,98
2019-05-17 03:25:08.730,10.0,buy,241.89,ETH-17MAY19-250-C,247.7,0.01,10.0,0,1558063508730,2636775,99
2019-05-17 03:30:36.729,10.0,buy,242.2,ETH-17MAY19-250-C,271.08,0.012,10.0,0,1558063836729,2639115,100
2019-05-17 03:49:13.273,10.0,buy,241.75,ETH-17MAY19-250-C,261.43,0.01,10.0,2,1558064953273,2649371,101
2019-05-17 03:49:22.110,10.0,buy,241.63,ETH-17MAY19-250-C,263.28,0.01,10.0,3,1558064962110,2649397,102
2019-05-17 04:54:32.761,10.0,buy,240.04,ETH-17MAY19-250-C,247.97,0.005,10.0,2,1558068872761,2664878,103
2019-05-17 04:54:32.761,10.0,buy,240.04,ETH-17MAY19-250-C,247.97,0.005,10.0,3,1558068872761,2664879,104
2019-05-17 04:54:32.761,10.0,buy,240.04,ETH-17MAY19-250-C,247.97,0.005,10.0,3,1558068872761,2664880,105
