date_utc,amount,direction,indexPrice,instrument,iv,price,quantity,tickDirection,timeStamp,tradeId,tradeSeq
2019-04-02 07:21:35.020,0.5,sell,4692.56,BTC-27DEC19-5000-P,52.75,0.218,0.5,1,1554189695020,17091497,1
2019-04-02 07:22:26.500,0.5,sell,4695.58,BTC-27DEC19-5000-P,52.89,0.218,0.5,1,1554189746500,17091571,2
2019-04-02 07:25:12.710,1.0,sell,4692.32,BTC-27DEC19-5000-P,52.75,0.218,1.0,1,1554189912710,17091735,3
2019-04-02 07:36:34.504,5.0,buy,4684.43,BTC-27DEC19-5000-P,54.27,0.225,5.0,0,1554190594504,17092356,4
2019-04-02 09:32:38.267,4.0,buy,4783.95,BTC-27DEC19-5000-P,55.13,0.215,4.0,2,1554197558267,17098557,5
2019-04-02 10:13:37.415,0.1,buy,4786.33,BTC-27DEC19-5000-P,53.52,0.209,0.1,2,1554200017415,17103562,6
2019-04-02 10:32:44.174,0.1,buy,4773.69,BTC-27DEC19-5000-P,55.1,0.21600000000000005,0.1,0,1554201164174,17104945,7
2019-04-03 00:07:09.255,0.1,buy,4924.36,BTC-27DEC19-5000-P,56.83,0.204,0.1,2,1554250029255,17154456,8
2019-04-03 00:34:11.977,0.1,buy,4970.29,BTC-27DEC19-5000-P,56.34,0.19699999999999998,0.1,2,1554251651977,17158436,9
2019-04-03 18:03:19.352,0.1,sell,5126.72,BTC-27DEC19-5000-P,56.19,0.177,0.1,2,1554314599352,17221578,10
2019-04-03 23:04:37.295,10.0,buy,5011.09,BTC-27DEC19-5000-P,59.6,0.1995,10.0,0,1554332677295,17260033,11
2019-04-04 05:33:39.305,10.0,buy,5018.65,BTC-27DEC19-5000-P,62.7,0.21,10.0,0,1554356019305,17292902,12
2019-04-04 12:06:19.141,2.0,sell,4996.01,BTC-27DEC19-5000-P,65.0,0.2195,2.0,0,1554379579141,17305310,13
2019-04-10 14:08:55.939,1.0,sell,5265.7,BTC-27DEC19-5000-P,63.87,0.18,1.0,2,1554905335939,17601793,14
2019-04-10 14:17:08.852,1.0,sell,5266.27,BTC-27DEC19-5000-P,59.89,0.1675,1.0,2,1554905828852,17601900,15
2019-04-11 12:08:58.454,4.6000000000000005,buy,5044.43,BTC-27DEC19-5000-P,66.01,0.214,4.6000000000000005,0,1554984538454,17697611,16
2019-04-11 14:25:15.699,5.0,buy,5043.25,BTC-27DEC19-5000-P,61.72,0.2,5.0,2,1554992715699,17702861,17
2019-04-11 14:33:29.608,5.0,buy,5048.71,BTC-27DEC19-5000-P,61.91,0.2,5.0,3,1554993209608,17703059,18
2019-04-11 19:51:51.846,5.0,buy,5072.86,BTC-27DEC19-5000-P,61.3,0.198,5.0,2,1555012311846,17713953,19
2019-04-11 19:51:52.534,5.0,buy,5072.86,BTC-27DEC19-5000-P,61.3,0.198,5.0,3,1555012312534,17713954,20
2019-04-11 19:54:54.822,5.0,buy,5073.24,BTC-27DEC19-5000-P,61.5,0.1985,5.0,0,1555012494822,17714040,21
2019-04-11 19:55:38.214,5.0,buy,5073.04,BTC-27DEC19-5000-P,61.82,0.1995,5.0,0,1555012538214,17714055,22
2019-04-12 10:09:57.726,5.0,buy,5031.34,BTC-27DEC19-5000-P,60.27,0.1965,5.0,2,1555063797726,17743713,23
2019-04-16 00:34:26.587,1.0,sell,5041.81,BTC-27DEC19-5000-P,59.87,0.1925,1.0,2,1555374866587,17849545,24
2019-04-16 09:10:24.797,1.0,sell,5072.98,BTC-27DEC19-5000-P,61.02,0.1935,1.0,0,1555405824797,17854931,25
2019-04-16 09:51:15.382,1.0,sell,5084.12,BTC-27DEC19-5000-P,61.52,0.193,1.0,2,1555408275382,17855260,26
2019-04-17 06:28:05.298,1.0,sell,5224.72,BTC-27DEC19-5000-P,59.86,0.171,1.0,2,1555482485298,17892820,27
2019-04-17 07:23:30.292,2.0,sell,5212.72,BTC-27DEC19-5000-P,59.68,0.1715,2.0,0,1555485810292,17893307,28
2019-04-17 20:15:58.239,0.1,buy,5228.19,BTC-27DEC19-5000-P,61.97,0.177,0.1,0,1555532158239,17907707,29
2019-04-18 06:55:39.220,0.1,sell,5269.41,BTC-27DEC19-5000-P,61.09,0.1705,0.1,2,1555570539220,17918816,30
2019-04-18 06:59:28.617,1.9,sell,5269.63,BTC-27DEC19-5000-P,59.81,0.1665,1.9,2,1555570768617,17918825,31
2019-04-19 07:35:39.082,0.3,sell,5239.03,BTC-27DEC19-5000-P,61.06,0.17300000000000001,0.3,0,1555659339082,17947351,32
2019-04-19 10:35:38.882,1.0,sell,5247.76,BTC-27DEC19-5000-P,60.04,0.1695,1.0,2,1555670138882,17949423,33
2019-04-19 16:21:13.483,0.2,sell,5303.48,BTC-27DEC19-5000-P,61.68,0.16899999999999998,0.2,2,1555690873483,17955431,34
2019-04-19 16:21:13.483,4.4,sell,5303.48,BTC-27DEC19-5000-P,60.87,0.1665,4.4,2,1555690873483,17955432,35
2019-04-20 04:58:14.713,0.3,sell,5324.83,BTC-27DEC19-5000-P,62.04,0.168,0.3,0,1555736294713,17975951,36
2019-04-22 16:00:15.810,0.5,sell,5310.6,BTC-27DEC19-5000-P,59.96,0.1615,0.5,2,1555948815810,18049221,37
2019-04-22 19:07:43.273,2.0,buy,5410.12,BTC-27DEC19-5000-P,62.46,0.16,2.0,2,1555960063273,18063272,38
2019-04-22 20:41:11.155,2.0,sell,5382.5,BTC-27DEC19-5000-P,60.36,0.1555,2.0,2,1555965671155,18067377,39
2019-04-23 12:47:05.919,4.0,sell,5574.19,BTC-27DEC19-5000-P,61.33,0.1415,4.0,2,1556023625919,18109148,40
2019-04-24 15:14:34.700,5.0,buy,5471.15,BTC-27DEC19-5000-P,63.51,0.159,5.0,0,1556118874700,18180060,41
2019-04-24 15:14:34.700,1.2,buy,5471.15,BTC-27DEC19-5000-P,63.51,0.159,1.2,1,1556118874700,18180061,42
2019-04-26 13:58:46.249,1.0,sell,5165.02,BTC-27DEC19-5000-P,61.15,0.184,1.0,0,1556287126249,18330308,43
2019-04-27 09:08:43.702,10.0,sell,5160.64,BTC-27DEC19-5000-P,61.93,0.187,10.0,0,1556356123702,18361589,44
2019-04-28 02:13:59.939,1.0,buy,5164.12,BTC-27DEC19-5000-P,62.93,0.1895,1.0,0,1556417639939,18377884,45
2019-04-28 10:04:44.631,1.0,sell,5178.53,BTC-27DEC19-5000-P,60.75,0.1815,1.0,2,1556445884631,18382481,46
2019-04-28 17:11:45.691,0.1,buy,5184.22,BTC-27DEC19-5000-P,62.97,0.1885,0.1,0,1556471505691,18391652,47
2019-04-28 18:24:15.997,7.0,sell,5172.3,BTC-27DEC19-5000-P,60.76,0.1825,7.0,2,1556475855997,18393143,48
2019-04-29 06:32:28.294,5.0,buy,5176.17,BTC-27DEC19-5000-P,62.88,0.1885,5.0,0,1556519548294,18409693,49
2019-04-29 19:14:25.927,5.0,sell,5147.91,BTC-27DEC19-5000-P,60.99,0.1865,5.0,2,1556565265927,18435313,50
2019-04-29 20:16:52.546,2.0,sell,5137.03,BTC-27DEC19-5000-P,60.68,0.1865,2.0,3,1556569012546,18436548,51
2019-04-30 00:37:09.288,2.1,buy,5154.98,BTC-27DEC19-5000-P,62.94,0.191,2.1,0,1556584629288,18444795,52
2019-04-30 10:51:34.963,1.9,buy,5185.1,BTC-27DEC19-5000-P,62.91,0.188,1.9,2,1556621494963,18458567,53
2019-05-01 09:27:30.320,25.0,sell,5296.3,BTC-27DEC19-5000-P,60.77,0.1715,25.0,2,1556702850320,18502805,54
2019-05-02 07:40:43.081,12.0,sell,5331.62,BTC-27DEC19-5000-P,60.65,0.168,12.0,2,1556782843081,18536767,55
2019-05-02 07:40:43.081,3.0,sell,5331.62,BTC-27DEC19-5000-P,60.32,0.16699999999999998,3.0,2,1556782843081,18536768,56
2019-05-02 09:55:50.120,0.1,sell,5347.7,BTC-27DEC19-5000-P,60.11,0.1645,0.1,2,1556790950120,18545082,57
2019-05-02 09:56:21.223,0.1,sell,5345.54,BTC-27DEC19-5000-P,60.22,0.165,0.1,0,1556790981223,18545156,58
2019-05-02 11:22:45.056,0.1,sell,5366.27,BTC-27DEC19-5000-P,60.19,0.1625,0.1,2,1556796165056,18546601,59
2019-05-02 11:23:16.247,0.1,sell,5367.07,BTC-27DEC19-5000-P,60.21,0.1625,0.1,3,1556796196247,18546611,60
2019-05-03 09:08:43.996,5.0,sell,5669.85,BTC-27DEC19-5000-P,62.05,0.136,5.0,2,1556874523996,18638748,61
2019-05-03 09:24:10.448,5.0,sell,5683.16,BTC-27DEC19-5000-P,61.96,0.135,5.0,2,1556875450448,18642512,62
2019-05-03 09:24:10.578,5.0,buy,5683.16,BTC-27DEC19-5000-P,61.96,0.135,5.0,3,1556875450578,18642513,63
2019-05-03 09:24:32.274,2.0,buy,5684.14,BTC-27DEC19-5000-P,61.98,0.135,2.0,3,1556875472274,18642544,64
2019-05-04 07:26:44.570,0.5,buy,5748.18,BTC-27DEC19-5000-P,63.94,0.1345,0.5,2,1556954804570,18754618,65
2019-05-04 14:45:39.795,1.0,buy,5579.31,BTC-27DEC19-5000-P,63.85,0.1475,1.0,0,1556981139795,18783393,66
2019-05-06 15:47:22.786,4.9,sell,5646.66,BTC-27DEC19-5000-P,62.61,0.13699999999999998,4.9,2,1557157642786,18957428,67
2019-05-06 15:47:22.786,0.1,sell,5646.66,BTC-27DEC19-5000-P,62.61,0.13699999999999998,0.1,3,1557157642786,18957429,68
2019-05-09 07:48:30.518,0.1,buy,6056.98,BTC-27DEC19-5000-P,65.36,0.118,0.1,2,1557388110518,19227061,69
2019-05-09 22:41:59.298,5.0,buy,6144.8,BTC-27DEC19-5000-P,65.24,0.1125,5.0,3,1557441719298,19274089,71
2019-05-09 22:41:59.298,7.0,buy,6144.8,BTC-27DEC19-5000-P,65.24,0.1125,7.0,2,1557441719298,19274088,70
2019-05-09 22:43:47.162,4.9,sell,6154.87,BTC-27DEC19-5000-P,65.49,0.1125,4.9,3,1557441827162,19274532,72
2019-05-09 22:43:47.199,4.9,sell,6154.87,BTC-27DEC19-5000-P,65.49,0.1125,4.9,3,1557441827199,19274533,73
2019-05-09 22:46:02.963,25.0,sell,6154.15,BTC-27DEC19-5000-P,65.44,0.1125,25.0,3,1557441962963,19274694,74
2019-05-09 22:47:49.678,17.2,sell,6155.8,BTC-27DEC19-5000-P,65.46,0.1125,17.2,3,1557442069678,19274804,75
2019-05-10 13:39:15.640,1.0,sell,6297.94,BTC-27DEC19-5000-P,64.96,0.1035,1.0,2,1557495555640,19358068,76
2019-05-11 05:11:43.748,1.0,buy,6666.42,BTC-27DEC19-5000-P,68.0,0.0905,1.0,2,1557551503748,19464671,77
2019-05-11 05:17:49.597,4.0,buy,6689.38,BTC-27DEC19-5000-P,70.32,0.095,4.0,0,1557551869597,19465408,78
2019-05-11 05:18:13.445,2.0,buy,6695.11,BTC-27DEC19-5000-P,70.83,0.096,2.0,0,1557551893445,19465466,79
2019-05-11 16:43:45.798,1.0,sell,6959.99,BTC-27DEC19-5000-P,69.31,0.078,1.0,2,1557593025798,19606509,80
2019-05-11 16:44:23.866,1.0,sell,6960.7,BTC-27DEC19-5000-P,69.32,0.078,1.0,3,1557593063866,19606515,81
2019-05-12 21:34:17.560,1.0,sell,7119.89,BTC-27DEC19-5000-P,75.52,0.085,1.0,0,1557696857560,20084076,82
2019-05-13 15:15:08.602,1.0,buy,7857.73,BTC-27DEC19-5000-P,75.72,0.059,1.0,2,1557760508602,20221559,83
2019-05-13 17:02:24.314,0.1,buy,7894.63,BTC-27DEC19-5000-P,82.66,0.07200000000000001,0.1,0,1557766944314,20271916,84
2019-05-13 17:05:18.155,0.2,buy,7896.43,BTC-27DEC19-5000-P,82.67,0.07200000000000001,0.2,1,1557767118155,20272734,85
2019-05-13 22:05:23.677,0.1,buy,8088.61,BTC-27DEC19-5000-P,88.34,0.0765,0.1,0,1557785123677,20332670,86
2019-05-13 23:44:28.685,7.0,buy,7766.74,BTC-27DEC19-5000-P,89.92,0.08900000000000001,7.0,0,1557791068685,20368441,87
2019-05-14 03:36:04.009,0.1,buy,7967.0,BTC-27DEC19-5000-P,91.63,0.085,0.1,2,1557804964009,20409336,88
2019-05-14 07:34:20.059,1.0,buy,8170.82,BTC-27DEC19-5000-P,89.24,0.07400000000000001,1.0,2,1557819260059,20448641,89
2019-05-14 12:53:42.203,1.0,sell,8163.89,BTC-27DEC19-5000-P,85.32,0.0675,1.0,2,1557838422203,20517728,90
2019-05-14 18:24:37.935,0.1,buy,7980.24,BTC-27DEC19-5000-P,83.39,0.07,0.1,0,1557858277935,20576549,91
2019-05-14 18:24:37.935,0.1,buy,7980.24,BTC-27DEC19-5000-P,83.39,0.07,0.1,1,1557858277935,20576550,92
2019-05-15 12:08:44.464,0.2,buy,7917.22,BTC-27DEC19-5000-P,86.84,0.077,0.2,0,1557922124464,20706584,93
2019-05-15 15:10:51.470,0.8,sell,7998.13,BTC-27DEC19-5000-P,85.85,0.073,0.8,2,1557933051470,20728698,95
2019-05-15 15:10:51.470,0.2,sell,7998.13,BTC-27DEC19-5000-P,87.76,0.0765,0.2,2,1557933051470,20728697,94
2019-05-15 16:40:13.833,0.1,sell,8016.72,BTC-27DEC19-5000-P,85.81,0.0725,0.1,2,1557938413833,20740345,96
2019-05-15 18:34:29.930,0.1,sell,8115.01,BTC-27DEC19-5000-P,83.92,0.0665,0.1,2,1557945269930,20750918,97
2019-05-16 04:05:12.181,0.1,buy,8199.22,BTC-27DEC19-5000-P,86.1,0.067,0.1,0,1557979512181,20840212,98
2019-05-16 04:42:55.731,0.1,buy,7972.28,BTC-27DEC19-5000-P,83.65,0.067,0.1,1,1557981775731,20855039,99
2019-05-16 05:30:32.042,0.1,buy,7991.99,BTC-27DEC19-5000-P,84.64,0.0695,0.1,0,1557984632042,20869477,100
2019-05-16 12:32:13.234,0.1,buy,7889.57,BTC-27DEC19-5000-P,84.48,0.0725,0.1,0,1558009933234,20923923,101
2019-05-16 12:33:35.385,0.1,buy,7893.72,BTC-27DEC19-5000-P,84.6,0.0725,0.1,1,1558010015385,20924011,102
2019-05-16 12:35:32.834,0.1,buy,7884.65,BTC-27DEC19-5000-P,84.52,0.0725,0.1,1,1558010132834,20924227,103
2019-05-17 05:44:06.733,0.1,buy,7281.27,BTC-27DEC19-5000-P,84.86,0.092,0.1,0,1558071846733,21113937,104
2019-05-17 05:44:45.223,0.1,buy,7267.55,BTC-27DEC19-5000-P,84.82,0.0925,0.1,0,1558071885223,21114032,105
2019-05-17 05:48:33.898,0.1,buy,7238.53,BTC-27DEC19-5000-P,85.51,0.095,0.1,0,1558072113898,21114539,106
2019-05-17 12:38:07.469,0.1,buy,7021.79,BTC-27DEC19-5000-P,85.67,0.1015,0.1,0,1558096687469,21169980,107
2019-05-17 20:33:36.700,10.0,buy,7070.4,BTC-27DEC19-5000-P,86.23,0.103,10.0,0,1558125216700,21229625,108
2019-05-18 09:52:50.347,0.4,sell,7270.32,BTC-27DEC19-5000-P,85.87,0.098,0.4,2,1558173170347,21291546,109
2019-05-19 07:51:17.102,0.2,buy,8000.34,BTC-27DEC19-5000-P,92.79,0.085,0.2,2,1558252277102,21383494,110
2019-05-19 13:31:09.456,5.0,sell,7983.15,BTC-27DEC19-5000-P,85.88,0.071,5.0,2,1558272669456,21423074,111
2019-05-20 21:58:29.931,1.0,buy,8061.76,BTC-27DEC19-5000-P,87.19,0.0705,1.0,2,1558389509931,21638890,112
2019-05-22 11:39:17.963,0.1,buy,7800.8,BTC-27DEC19-5000-P,83.69,0.07,0.1,2,1558525157963,21767246,113
2019-05-22 11:40:49.758,4.6000000000000005,sell,7807.51,BTC-27DEC19-5000-P,83.78,0.07,4.6000000000000005,3,1558525249758,21767356,114
2019-05-23 20:37:38.675,0.1,buy,7798.54,BTC-27DEC19-5000-P,85.13,0.07400000000000001,0.1,0,1558643858675,21932241,115
2019-05-25 14:44:05.183,0.2,sell,8067.74,BTC-27DEC19-5000-P,80.98,0.057,0.2,2,1558795445183,22059537,116
2019-05-25 14:44:12.126,0.2,sell,8067.89,BTC-27DEC19-5000-P,80.98,0.057,0.2,3,1558795452126,22059538,117
2019-05-25 14:47:22.000,0.3,sell,8064.7,BTC-27DEC19-5000-P,81.26,0.0575,0.3,0,1558795642000,22059599,118
2019-05-25 15:04:04.706,0.1,sell,8090.64,BTC-27DEC19-5000-P,81.28,0.057,0.1,2,1558796644706,22059995,119
2019-05-25 15:04:09.529,0.1,sell,8089.16,BTC-27DEC19-5000-P,81.26,0.057,0.1,3,1558796649529,22059996,120
2019-05-25 15:16:05.921,0.2,buy,8077.83,BTC-27DEC19-5000-P,81.57,0.0575,0.2,0,1558797365921,22061299,121
2019-05-25 15:35:09.250,0.1,buy,8084.5,BTC-27DEC19-5000-P,82.32,0.0585,0.1,0,1558798509250,22061865,122
2019-05-26 19:38:06.669,3.0,sell,8511.6,BTC-27DEC19-5000-P,88.51,0.057,3.0,2,1558899486669,22140016,123
2019-05-26 22:46:20.021,0.1,sell,8643.75,BTC-27DEC19-5000-P,86.89,0.05,0.1,2,1558910780021,22224177,124
2019-05-27 16:02:44.734,0.3,buy,8868.58,BTC-27DEC19-5000-P,91.36,0.0515,0.3,0,1558972964734,22318375,125
2019-05-27 16:02:52.215,0.3,buy,8869.48,BTC-27DEC19-5000-P,91.37,0.0515,0.3,1,1558972972215,22318393,126
2019-05-27 16:02:57.168,0.3,buy,8869.58,BTC-27DEC19-5000-P,91.38,0.0515,0.3,1,1558972977168,22318402,127
2019-05-27 16:03:01.998,0.3,buy,8869.64,BTC-27DEC19-5000-P,91.38,0.0515,0.3,1,1558972981998,22318403,128
2019-05-27 16:03:05.849,0.3,buy,8870.46,BTC-27DEC19-5000-P,91.39,0.0515,0.3,1,1558972985849,22318408,129
2019-05-27 16:03:08.698,0.3,buy,8872.95,BTC-27DEC19-5000-P,91.41,0.0515,0.3,1,1558972988698,22318417,130
2019-05-27 16:03:12.663,0.3,buy,8873.46,BTC-27DEC19-5000-P,91.41,0.0515,0.3,1,1558972992663,22318420,131
2019-05-27 16:03:16.900,0.3,buy,8873.98,BTC-27DEC19-5000-P,91.41,0.0515,0.3,1,1558972996900,22318423,132
2019-05-27 16:03:22.626,0.3,buy,8876.08,BTC-27DEC19-5000-P,91.42,0.0515,0.3,1,1558973002626,22318426,133
2019-05-27 16:03:44.970,0.3,buy,8874.84,BTC-27DEC19-5000-P,91.39,0.0515,0.3,1,1558973024970,22318464,134
2019-05-27 16:03:48.336,0.3,buy,8875.32,BTC-27DEC19-5000-P,91.39,0.0515,0.3,1,1558973028336,22318469,135
2019-05-27 16:03:51.760,0.3,buy,8874.9,BTC-27DEC19-5000-P,91.38,0.0515,0.3,1,1558973031760,22318473,136
2019-05-27 16:04:03.364,0.3,buy,8871.1,BTC-27DEC19-5000-P,91.35,0.0515,0.3,1,1558973043364,22318500,137
2019-05-27 16:04:18.573,0.3,buy,8866.6,BTC-27DEC19-5000-P,91.3,0.0515,0.3,1,1558973058573,22318522,138
2019-05-27 16:04:44.307,0.4,buy,8856.58,BTC-27DEC19-5000-P,91.19,0.0515,0.4,1,1558973084307,22318564,139
2019-05-28 09:04:56.838,1.0,buy,8742.56,BTC-27DEC19-5000-P,86.16,0.046,1.0,2,1559034296838,22392174,140
2019-05-29 10:32:47.332,1.0,sell,8661.67,BTC-27DEC19-5000-P,85.71,0.05,1.0,0,1559125967332,22500642,141
2019-05-30 06:16:03.214,1.0,buy,8727.5,BTC-27DEC19-5000-P,88.21,0.051,1.0,0,1559196963214,22585166,142
2019-05-30 15:45:52.691,0.2,sell,8826.21,BTC-27DEC19-5000-P,86.25,0.047,0.2,2,1559231152691,22612287,143
2019-05-30 16:02:39.359,10.0,buy,9001.52,BTC-27DEC19-5000-P,86.62,0.0445,10.0,2,1559232159359,22622874,144
2019-05-30 20:05:49.947,2.0,buy,8587.27,BTC-27DEC19-5000-P,87.68,0.0545,2.0,0,1559246749947,22678995,145
2019-06-02 03:08:41.677,0.1,buy,8561.07,BTC-27DEC19-5000-P,85.05,0.05,0.1,2,1559444921677,22911896,146
2019-06-03 02:52:25.612,2.0,sell,8688.93,BTC-27DEC19-5000-P,83.68,0.045,2.0,2,1559530345612,22975053,147
2019-06-03 07:11:18.241,1.9,buy,8386.86,BTC-27DEC19-5000-P,82.96,0.05,1.9,0,1559545878241,23000115,148
2019-06-03 07:45:35.739,0.1,sell,8478.15,BTC-27DEC19-5000-P,81.9,0.0465,0.1,2,1559547935739,23007899,149
2019-06-03 09:38:51.016,1.0,sell,8463.45,BTC-27DEC19-5000-P,81.99,0.047,1.0,0,1559554731016,23015749,150
2019-06-03 18:17:33.630,10.0,buy,8498.42,BTC-27DEC19-5000-P,84.96,0.0505,10.0,0,1559585853630,23061272,151
2019-06-03 20:14:46.704,1.0,sell,8560.49,BTC-27DEC19-5000-P,82.93,0.046,1.0,2,1559592886704,23067931,152
2019-06-04 07:00:47.009,5.5,sell,7836.85,BTC-27DEC19-5000-P,82.54,0.063,5.5,0,1559631647009,23178418,153
2019-06-04 07:00:52.590,5.5,sell,7834.19,BTC-27DEC19-5000-P,82.51,0.063,5.5,1,1559631652590,23178459,154
2019-06-04 07:01:01.626,5.5,sell,7831.24,BTC-27DEC19-5000-P,82.46,0.063,5.5,1,1559631661626,23178477,155
2019-06-04 07:05:25.013,5.5,sell,7869.45,BTC-27DEC19-5000-P,82.46,0.062,5.5,2,1559631925013,23178990,156
2019-06-04 07:05:39.567,15.5,sell,7862.07,BTC-27DEC19-5000-P,82.35,0.062,15.5,3,1559631939567,23179010,157
2019-06-04 07:08:38.864,6.0,sell,7837.92,BTC-27DEC19-5000-P,82.22,0.0625,6.0,0,1559632118864,23179378,158
2019-06-04 07:08:38.864,2.0,sell,7837.92,BTC-27DEC19-5000-P,82.22,0.0625,2.0,1,1559632118864,23179379,159
2019-06-04 07:09:02.120,5.5,sell,7840.29,BTC-27DEC19-5000-P,82.27,0.0625,5.5,1,1559632142120,23179392,160
2019-06-04 07:09:40.694,2.5,sell,7842.53,BTC-27DEC19-5000-P,82.32,0.0625,2.5,1,1559632180694,23179444,161
2019-06-04 08:46:54.522,4.7,sell,7906.48,BTC-27DEC19-5000-P,82.33,0.061,4.7,2,1559638014522,23191420,162
2019-06-04 08:47:30.124,3.5,sell,7906.36,BTC-27DEC19-5000-P,82.34,0.061,3.5,3,1559638050124,23191426,163
2019-06-04 08:51:52.601,4.5,sell,7903.84,BTC-27DEC19-5000-P,82.32,0.061,4.5,3,1559638312601,23191659,164
2019-06-04 17:42:37.220,0.2,buy,7659.23,BTC-27DEC19-5000-P,82.77,0.07,0.2,0,1559670157220,23248100,165
2019-06-04 18:03:35.527,1.0,sell,7621.71,BTC-27DEC19-5000-P,82.64,0.071,1.0,0,1559671415527,23262952,166
2019-06-04 20:06:41.202,1.0,sell,7592.56,BTC-27DEC19-5000-P,81.99,0.0705,1.0,2,1559678801202,23290398,167
2019-06-06 02:01:54.136,6.0,sell,7853.9,BTC-27DEC19-5000-P,81.63,0.061,6.0,2,1559786514136,23436161,168
2019-06-06 02:02:36.671,6.0,sell,7851.2,BTC-27DEC19-5000-P,81.0,0.06,6.0,2,1559786556671,23436184,169
2019-06-06 02:02:36.671,9.0,sell,7851.2,BTC-27DEC19-5000-P,81.0,0.06,9.0,3,1559786556671,23436185,170
2019-06-06 02:02:40.942,15.0,sell,7851.02,BTC-27DEC19-5000-P,80.99,0.06,15.0,3,1559786560942,23436186,171
2019-06-06 02:04:01.755,6.0,sell,7847.6,BTC-27DEC19-5000-P,80.61,0.0595,6.0,2,1559786641755,23436201,172
2019-06-06 02:04:01.755,36.0,sell,7847.6,BTC-27DEC19-5000-P,79.42,0.0575,36.0,2,1559786641755,23436202,173
2019-06-06 03:51:59.995,15.7,buy,7869.47,BTC-27DEC19-5000-P,80.22,0.0585,15.7,0,1559793119995,23439549,174
2019-06-06 06:51:04.203,6.0,sell,7813.95,BTC-27DEC19-5000-P,78.15,0.0565,6.0,2,1559803864203,23443403,175
2019-06-06 17:21:17.253,1.0,sell,7665.06,BTC-27DEC19-5000-P,76.06,0.058,1.0,0,1559841677253,23493020,176
2019-06-07 01:53:11.953,25.5,sell,7800.48,BTC-27DEC19-5000-P,74.46,0.0515,25.5,2,1559872391953,23548063,178
2019-06-07 01:53:11.953,6.0,sell,7800.48,BTC-27DEC19-5000-P,75.07,0.0525,6.0,2,1559872391953,23548062,177
2019-06-07 07:55:18.748,1.0,sell,7943.27,BTC-27DEC19-5000-P,75.87,0.05,1.0,2,1559894118748,23573915,179
2019-06-07 15:44:57.706,1.0,sell,7944.86,BTC-27DEC19-5000-P,74.83,0.048,1.0,2,1559922297706,23592434,180
2019-06-07 20:15:45.822,1.0,sell,7980.7,BTC-27DEC19-5000-P,74.93,0.0475,1.0,2,1559938545822,23616970,181
2019-06-07 21:45:45.637,6.0,buy,7948.84,BTC-27DEC19-5000-P,76.68,0.051,6.0,0,1559943945637,23625319,182
2019-06-07 21:45:45.637,25.5,buy,7948.84,BTC-27DEC19-5000-P,76.99,0.0515,25.5,0,1559943945637,23625320,183
2019-06-07 21:45:59.687,14.3,buy,7948.62,BTC-27DEC19-5000-P,76.99,0.0515,14.3,1,1559943959687,23625322,184
2019-06-07 21:46:22.052,8.700000000000001,buy,7948.19,BTC-27DEC19-5000-P,77.3,0.052000000000000005,8.700000000000001,0,1559943982052,23625328,185
2019-06-08 01:44:22.869,6.0,buy,8032.74,BTC-27DEC19-5000-P,76.82,0.0495,6.0,2,1559958262869,23633649,186
2019-06-08 01:44:22.869,21.5,buy,8032.74,BTC-27DEC19-5000-P,76.82,0.0495,21.5,3,1559958262869,23633650,187
2019-06-09 22:46:13.665,0.1,buy,7581.85,BTC-27DEC19-5000-P,72.0,0.0535,0.1,0,1560120373665,23768706,188
2019-06-10 18:04:18.012,1.0,sell,7929.65,BTC-27DEC19-5000-P,74.31,0.047,1.0,2,1560189858012,23870514,189
2019-06-12 11:15:32.703,2.0,buy,7980.82,BTC-27DEC19-5000-P,76.82,0.0505,2.0,0,1560338132703,23998293,190
2019-06-13 21:24:24.081,0.1,sell,8314.73,BTC-27DEC19-5000-P,76.46,0.0415,0.1,2,1560461064081,24096798,191
