date_utc,amount,direction,indexPrice,instrument,iv,price,quantity,tickDirection,timeStamp,tradeId,tradeSeq
2019-04-02 07:21:35.020,0.5,sell,4692.56,BTC-27DEC19-5000-P,52.75,0.218,0.5,1,1554189695020,17091497,1
2019-04-02 07:22:26.500,0.5,sell,4695.58,BTC-27DEC19-5000-P,52.89,0.218,0.5,1,1554189746500,17091571,2
2019-04-02 07:25:12.710,1.0,sell,4692.32,BTC-27DEC19-5000-P,52.75,0.218,1.0,1,1554189912710,17091735,3
2019-04-02 07:36:34.504,5.0,buy,4684.43,BTC-27DEC19-5000-P,54.27,0.225,5.0,0,1554190594504,17092356,4
2019-04-02 09:32:38.267,4.0,buy,4783.95,BTC-27DEC19-5000-P,55.13,0.215,4.0,2,1554197558267,17098557,5
2019-04-02 10:13:37.415,0.1,buy,4786.33,BTC-27DEC19-5000-P,53.52,0.209,0.1,2,1554200017415,17103562,6
2019-04-02 10:32:44.174,0.1,buy,4773.69,BTC-27DEC19-5000-P,55.1,0.21600000000000005,0.1,0,1554201164174,17104945,7
2019-04-03 00:07:09.255,0.1,buy,4924.36,BTC-27DEC19-5000-P,56.83,0.204,0.1,2,1554250029255,17154456,8
2019-04-03 00:34:11.977,0.1,buy,4970.29,BTC-27DEC19-5000-P,56.34,0.197,0.1,2,1554251651977,17158436,9
2019-04-03 18:03:19.352,0.1,sell,5126.72,BTC-27DEC19-5000-P,56.19,0.177,0.1,2,1554314599352,17221578,10
2019-04-03 23:04:37.295,10.0,buy,5011.09,BTC-27DEC19-5000-P,59.6,0.1995,10.0,0,1554332677295,17260033,11
2019-04-04 05:33:39.305,10.0,buy,5018.65,BTC-27DEC19-5000-P,62.7,0.21,10.0,0,1554356019305,17292902,12
2019-04-04 12:06:19.141,2.0,sell,4996.01,BTC-27DEC19-5000-P,65.0,0.2195,2.0,0,1554379579141,17305310,13
2019-04-10 14:08:55.939,1.0,sell,5265.7,BTC-27DEC19-5000-P,63.87,0.18,1.0,2,1554905335939,17601793,14
2019-04-10 14:17:08.852,1.0,sell,5266.27,BTC-27DEC19-5000-P,59.89,0.1675,1.0,2,1554905828852,17601900,15
2019-04-11 12:08:58.454,4.6000000000000005,buy,5044.43,BTC-27DEC19-5000-P,66.01,0.214,4.6000000000000005,0,1554984538454,17697611,16
2019-04-11 14:25:15.699,5.0,buy,5043.25,BTC-27DEC19-5000-P,61.72,0.2,5.0,2,1554992715699,17702861,17
2019-04-11 14:33:29.608,5.0,buy,5048.71,BTC-27DEC19-5000-P,61.91,0.2,5.0,3,1554993209608,17703059,18
2019-04-11 19:51:51.846,5.0,buy,5072.86,BTC-27DEC19-5000-P,61.3,0.198,5.0,2,1555012311846,17713953,19
2019-04-11 19:51:52.534,5.0,buy,5072.86,BTC-27DEC19-5000-P,61.3,0.198,5.0,3,1555012312534,17713954,20
2019-04-11 19:54:54.822,5.0,buy,5073.24,BTC-27DEC19-5000-P,61.5,0.1985,5.0,0,1555012494822,17714040,21
2019-04-11 19:55:38.214,5.0,buy,5073.04,BTC-27DEC19-5000-P,61.82,0.1995,5.0,0,1555012538214,17714055,22
2019-04-12 10:09:57.726,5.0,buy,5031.34,BTC-27DEC19-5000-P,60.27,0.1965,5.0,2,1555063797726,17743713,23
2019-04-16 00:34:26.587,1.0,sell,5041.81,BTC-27DEC19-5000-P,59.87,0.1925,1.0,2,1555374866587,17849545,24
2019-04-16 09:10:24.797,1.0,sell,5072.98,BTC-27DEC19-5000-P,61.02,0.1935,1.0,0,1555405824797,17854931,25
2019-04-16 09:51:15.382,1.0,sell,5084.12,BTC-27DEC19-5000-P,61.52,0.193,1.0,2,1555408275382,17855260,26
2019-04-17 06:28:05.298,1.0,sell,5224.72,BTC-27DEC19-5000-P,59.86,0.171,1.0,2,1555482485298,17892820,27
2019-04-17 07:23:30.292,2.0,sell,5212.72,BTC-27DEC19-5000-P,59.68,0.1715,2.0,0,1555485810292,17893307,28
2019-04-17 20:15:58.239,0.1,buy,5228.19,BTC-27DEC19-5000-P,61.97,0.177,0.1,0,1555532158239,17907707,29
2019-04-18 06:55:39.220,0.1,sell,5269.41,BTC-27DEC19-5000-P,61.09,0.1705,0.1,2,1555570539220,17918816,30
2019-04-18 06:59:28.617,1.9,sell,5269.63,BTC-27DEC19-5000-P,59.81,0.1665,1.9,2,1555570768617,17918825,31
2019-04-19 07:35:39.082,0.3,sell,5239.03,BTC-27DEC19-5000-P,61.06,0.173,0.3,0,1555659339082,17947351,32
2019-04-19 10:35:38.882,1.0,sell,5247.76,BTC-27DEC19-5000-P,60.04,0.1695,1.0,2,1555670138882,17949423,33
2019-04-19 16:21:13.483,0.2,sell,5303.48,BTC-27DEC19-5000-P,61.68,0.16899999999999998,0.2,2,1555690873483,17955431,34
2019-04-19 16:21:13.483,4.4,sell,5303.48,BTC-27DEC19-5000-P,60.87,0.1665,4.4,2,1555690873483,17955432,35
2019-04-20 04:58:14.713,0.3,sell,5324.83,BTC-27DEC19-5000-P,62.04,0.168,0.3,0,1555736294713,17975951,36
2019-04-22 16:00:15.810,0.5,sell,5310.6,BTC-27DEC19-5000-P,59.96,0.1615,0.5,2,1555948815810,18049221,37
2019-04-22 19:07:43.273,2.0,buy,5410.12,BTC-27DEC19-5000-P,62.46,0.16,2.0,2,1555960063273,18063272,38
2019-04-22 20:41:11.155,2.0,sell,5382.5,BTC-27DEC19-5000-P,60.36,0.1555,2.0,2,1555965671155,18067377,39
2019-04-23 12:47:05.919,4.0,sell,5574.19,BTC-27DEC19-5000-P,61.33,0.1415,4.0,2,1556023625919,18109148,40
2019-04-24 15:14:34.700,5.0,buy,5471.15,BTC-27DEC19-5000-P,63.51,0.159,5.0,0,1556118874700,18180060,41
2019-04-24 15:14:34.700,1.2,buy,5471.15,BTC-27DEC19-5000-P,63.51,0.159,1.2,1,1556118874700,18180061,42
2019-04-26 13:58:46.249,1.0,sell,5165.02,BTC-27DEC19-5000-P,61.15,0.184,1.0,0,1556287126249,18330308,43
2019-04-27 09:08:43.702,10.0,sell,5160.64,BTC-27DEC19-5000-P,61.93,0.187,10.0,0,1556356123702,18361589,44
2019-04-28 02:13:59.939,1.0,buy,5164.12,BTC-27DEC19-5000-P,62.93,0.1895,1.0,0,1556417639939,18377884,45
2019-04-28 10:04:44.631,1.0,sell,5178.53,BTC-27DEC19-5000-P,60.75,0.1815,1.0,2,1556445884631,18382481,46
2019-04-28 17:11:45.691,0.1,buy,5184.22,BTC-27DEC19-5000-P,62.97,0.1885,0.1,0,1556471505691,18391652,47
2019-04-28 18:24:15.997,7.0,sell,5172.3,BTC-27DEC19-5000-P,60.76,0.1825,7.0,2,1556475855997,18393143,48
2019-04-29 06:32:28.294,5.0,buy,5176.17,BTC-27DEC19-5000-P,62.88,0.1885,5.0,0,1556519548294,18409693,49
2019-04-29 19:14:25.927,5.0,sell,5147.91,BTC-27DEC19-5000-P,60.99,0.1865,5.0,2,1556565265927,18435313,50
2019-04-29 20:16:52.546,2.0,sell,5137.03,BTC-27DEC19-5000-P,60.68,0.1865,2.0,3,1556569012546,18436548,51
2019-04-30 00:37:09.288,2.1,buy,5154.98,BTC-27DEC19-5000-P,62.94,0.191,2.1,0,1556584629288,18444795,52
2019-04-30 10:51:34.963,1.9,buy,5185.1,BTC-27DEC19-5000-P,62.91,0.188,1.9,2,1556621494963,18458567,53
2019-05-01 09:27:30.320,25.0,sell,5296.3,BTC-27DEC19-5000-P,60.77,0.1715,25.0,2,1556702850320,18502805,54
2019-05-02 07:40:43.081,12.0,sell,5331.62,BTC-27DEC19-5000-P,60.65,0.168,12.0,2,1556782843081,18536767,55
2019-05-02 07:40:43.081,3.0,sell,5331.62,BTC-27DEC19-5000-P,60.32,0.16699999999999998,3.0,2,1556782843081,18536768,56
2019-05-02 09:55:50.120,0.1,sell,5347.7,BTC-27DEC19-5000-P,60.11,0.1645,0.1,2,1556790950120,18545082,57
2019-05-02 09:56:21.223,0.1,sell,5345.54,BTC-27DEC19-5000-P,60.22,0.165,0.1,0,1556790981223,18545156,58
2019-05-02 11:22:45.056,0.1,sell,5366.27,BTC-27DEC19-5000-P,60.19,0.1625,0.1,2,1556796165056,18546601,59
2019-05-02 11:23:16.247,0.1,sell,5367.07,BTC-27DEC19-5000-P,60.21,0.1625,0.1,3,1556796196247,18546611,60
2019-05-03 09:08:43.996,5.0,sell,5669.85,BTC-27DEC19-5000-P,62.05,0.136,5.0,2,1556874523996,18638748,61
2019-05-03 09:24:10.448,5.0,sell,5683.16,BTC-27DEC19-5000-P,61.96,0.135,5.0,2,1556875450448,18642512,62
2019-05-03 09:24:10.578,5.0,buy,5683.16,BTC-27DEC19-5000-P,61.96,0.135,5.0,3,1556875450578,18642513,63
2019-05-03 09:24:32.274,2.0,buy,5684.14,BTC-27DEC19-5000-P,61.98,0.135,2.0,3,1556875472274,18642544,64
2019-05-04 07:26:44.570,0.5,buy,5748.18,BTC-27DEC19-5000-P,63.94,0.1345,0.5,2,1556954804570,18754618,65
2019-05-04 14:45:39.795,1.0,buy,5579.31,BTC-27DEC19-5000-P,63.85,0.1475,1.0,0,1556981139795,18783393,66
2019-05-06 15:47:22.786,4.9,sell,5646.66,BTC-27DEC19-5000-P,62.61,0.13699999999999998,4.9,2,1557157642786,18957428,67
2019-05-06 15:47:22.786,0.1,sell,5646.66,BTC-27DEC19-5000-P,62.61,0.13699999999999998,0.1,3,1557157642786,18957429,68
2019-05-09 07:48:30.518,0.1,buy,6056.98,BTC-27DEC19-5000-P,65.36,0.11800000000000001,0.1,2,1557388110518,19227061,69
2019-05-09 22:41:59.298,7.0,buy,6144.8,BTC-27DEC19-5000-P,65.24,0.1125,7.0,2,1557441719298,19274088,70
2019-05-09 22:41:59.298,5.0,buy,6144.8,BTC-27DEC19-5000-P,65.24,0.1125,5.0,3,1557441719298,19274089,71
2019-05-09 22:43:47.162,4.9,sell,6154.87,BTC-27DEC19-5000-P,65.49,0.1125,4.9,3,1557441827162,19274532,72
2019-05-09 22:43:47.199,4.9,sell,6154.87,BTC-27DEC19-5000-P,65.49,0.1125,4.9,3,1557441827199,19274533,73
2019-05-09 22:46:02.963,25.0,sell,6154.15,BTC-27DEC19-5000-P,65.44,0.1125,25.0,3,1557441962963,19274694,74
2019-05-09 22:47:49.678,17.2,sell,6155.8,BTC-27DEC19-5000-P,65.46,0.1125,17.2,3,1557442069678,19274804,75
2019-05-10 13:39:15.640,1.0,sell,6297.94,BTC-27DEC19-5000-P,64.96,0.1035,1.0,2,1557495555640,19358068,76
2019-05-11 05:11:43.748,1.0,buy,6666.42,BTC-27DEC19-5000-P,68.0,0.0905,1.0,2,1557551503748,19464671,77
2019-05-11 05:17:49.597,4.0,buy,6689.38,BTC-27DEC19-5000-P,70.32,0.095,4.0,0,1557551869597,19465408,78
2019-05-11 05:18:13.445,2.0,buy,6695.11,BTC-27DEC19-5000-P,70.83,0.096,2.0,0,1557551893445,19465466,79
2019-05-11 16:43:45.798,1.0,sell,6959.99,BTC-27DEC19-5000-P,69.31,0.078,1.0,2,1557593025798,19606509,80
2019-05-11 16:44:23.866,1.0,sell,6960.7,BTC-27DEC19-5000-P,69.32,0.078,1.0,3,1557593063866,19606515,81
