date_utc,amount,direction,indexPrice,instrument,iv,price,quantity,tickDirection,timeStamp,tradeId,tradeSeq
2019-04-19 10:15:17.321,0.2,sell,5252.56,BTC-3MAY19-5000-P,51.97,0.02,0.2,1,1555668917321,17949337,1
2019-04-19 19:11:20.426,0.1,sell,5287.82,BTC-3MAY19-5000-P,46.35,0.013999999999999999,0.1,2,1555701080426,17965215,2
2019-04-20 13:12:32.826,0.1,buy,5324.75,BTC-3MAY19-5000-P,51.62,0.0145,0.1,0,1555765952826,17983366,3
2019-04-20 15:31:51.746,0.1,sell,5336.48,BTC-3MAY19-5000-P,51.04,0.0135,0.1,2,1555774311746,17984968,4
2019-04-20 20:00:29.391,0.2,sell,5322.15,BTC-3MAY19-5000-P,49.36,0.013000000000000001,0.2,2,1555790429391,17987623,5
2019-04-20 20:00:35.155,0.1,sell,5321.72,BTC-3MAY19-5000-P,48.44,0.0125,0.1,2,1555790435155,17987624,6
2019-04-20 22:39:18.148,1.0,sell,5293.97,BTC-3MAY19-5000-P,48.11,0.0135,1.0,0,1555799958148,17994171,7
2019-04-21 21:27:12.934,3.9,sell,5265.18,BTC-3MAY19-5000-P,47.51,0.0135,3.9,2,1555882032934,18023399,9
2019-04-21 21:27:12.934,0.1,sell,5265.18,BTC-3MAY19-5000-P,48.39,0.013999999999999999,0.1,0,1555882032934,18023398,8
2019-04-22 10:48:01.488,2.0,sell,5313.03,BTC-3MAY19-5000-P,47.29,0.0105,2.0,2,1555930081488,18035340,10
2019-04-22 15:49:55.651,1.0,buy,5322.24,BTC-3MAY19-5000-P,48.53,0.0105,1.0,3,1555948195651,18048352,11
2019-04-22 15:50:20.848,0.6,sell,5315.11,BTC-3MAY19-5000-P,46.92,0.01,0.6,2,1555948220848,18048444,12
2019-04-22 15:52:39.726,0.3,buy,5307.06,BTC-3MAY19-5000-P,51.13,0.0125,0.3,0,1555948359726,18048633,13
2019-04-22 17:45:39.813,5.4,buy,5359.43,BTC-3MAY19-5000-P,50.79,0.01,5.4,2,1555955139813,18053832,14
2019-04-22 17:54:02.806,10.0,buy,5352.39,BTC-3MAY19-5000-P,52.29,0.011000000000000001,10.0,0,1555955642806,18055531,15
2019-04-22 17:54:02.806,6.6000000000000005,buy,5352.39,BTC-3MAY19-5000-P,52.29,0.011000000000000001,6.6000000000000005,1,1555955642806,18055532,16
2019-04-22 17:54:08.150,10.0,buy,5351.65,BTC-3MAY19-5000-P,53.24,0.0115,10.0,0,1555955648150,18055535,17
2019-04-22 17:54:08.150,6.8,buy,5351.65,BTC-3MAY19-5000-P,53.24,0.0115,6.8,1,1555955648150,18055536,18
2019-04-22 17:54:11.481,16.0,buy,5350.31,BTC-3MAY19-5000-P,54.13,0.012,16.0,0,1555955651481,18055546,19
2019-04-22 17:54:15.702,6.3,buy,5349.65,BTC-3MAY19-5000-P,54.08,0.012,6.3,1,1555955655702,18055557,20
2019-04-22 17:54:15.702,16.0,buy,5349.65,BTC-3MAY19-5000-P,54.08,0.012,16.0,1,1555955655702,18055558,21
2019-04-22 17:54:25.601,16.0,buy,5347.31,BTC-3MAY19-5000-P,54.87,0.0125,16.0,0,1555955665601,18055589,22
2019-04-22 17:54:25.601,5.6000000000000005,buy,5347.31,BTC-3MAY19-5000-P,54.87,0.0125,5.6000000000000005,1,1555955665601,18055590,23
2019-04-22 18:07:12.485,5.5,buy,5372.3,BTC-3MAY19-5000-P,56.03,0.012,5.5,2,1555956432485,18057665,24
2019-04-22 18:07:20.451,16.0,buy,5372.91,BTC-3MAY19-5000-P,57.09,0.0125,16.0,0,1555956440451,18057666,25
2019-04-22 18:07:20.451,6.2,buy,5372.91,BTC-3MAY19-5000-P,57.09,0.0125,6.2,1,1555956440451,18057667,26
2019-04-22 18:07:31.291,16.0,buy,5373.75,BTC-3MAY19-5000-P,57.16,0.0125,16.0,1,1555956451291,18057689,27
2019-04-23 04:35:25.791,0.1,buy,5559.38,BTC-3MAY19-5000-P,63.95,0.0085,0.1,2,1555994125791,18091515,28
2019-04-23 10:43:39.392,2.0,buy,5545.17,BTC-3MAY19-5000-P,65.02,0.009000000000000001,2.0,0,1556016219392,18106138,29
2019-04-23 10:44:39.428,2.0,buy,5545.35,BTC-3MAY19-5000-P,65.03,0.009000000000000001,2.0,1,1556016279428,18106139,30
2019-04-23 10:53:40.907,3.9,sell,5555.18,BTC-3MAY19-5000-P,58.98,0.0065,3.9,2,1556016820907,18106412,32
2019-04-23 10:53:40.907,0.1,sell,5555.18,BTC-3MAY19-5000-P,60.41,0.006999999999999999,0.1,2,1556016820907,18106411,31
2019-04-23 16:44:03.771,1.0,buy,5575.3,BTC-3MAY19-5000-P,65.44,0.008,1.0,0,1556037843771,18115871,33
2019-04-23 22:49:07.049,0.5,sell,5557.9,BTC-3MAY19-5000-P,63.62,0.0075,0.5,2,1556059747049,18130354,34
2019-04-23 23:42:08.286,0.1,buy,5541.9,BTC-3MAY19-5000-P,65.29,0.0085,0.1,0,1556062928286,18132409,35
2019-04-24 01:20:05.815,6.0,buy,5492.75,BTC-3MAY19-5000-P,62.99,0.009000000000000001,6.0,0,1556068805815,18136862,36
2019-04-24 01:20:17.431,10.0,buy,5504.01,BTC-3MAY19-5000-P,63.89,0.009000000000000001,10.0,1,1556068817431,18136980,37
2019-04-24 01:20:21.198,10.0,buy,5505.37,BTC-3MAY19-5000-P,65.27,0.0095,10.0,0,1556068821198,18136998,38
2019-04-24 02:51:07.428,25.0,sell,5560.12,BTC-3MAY19-5000-P,64.36,0.0075,25.0,2,1556074267428,18140716,39
2019-04-24 03:16:55.814,1.0,buy,5562.36,BTC-3MAY19-5000-P,67.39,0.0085,1.0,0,1556075815814,18141062,40
2019-04-24 03:18:33.868,1.0,buy,5563.58,BTC-3MAY19-5000-P,67.49,0.0085,1.0,1,1556075913868,18141067,41
2019-04-24 03:32:00.050,10.0,sell,5573.29,BTC-3MAY19-5000-P,65.44,0.0075,10.0,2,1556076720050,18141233,42
2019-04-24 03:35:12.105,15.0,sell,5579.77,BTC-3MAY19-5000-P,65.93,0.0075,15.0,3,1556076912105,18141410,43
2019-04-24 03:35:12.105,1.0,sell,5579.77,BTC-3MAY19-5000-P,65.93,0.0075,1.0,3,1556076912105,18141411,44
2019-04-24 05:03:49.198,5.0,sell,5598.31,BTC-3MAY19-5000-P,64.51,0.0065,5.0,2,1556082229198,18144349,45
2019-04-24 07:48:10.921,10.0,buy,5494.73,BTC-3MAY19-5000-P,60.08,0.0075,10.0,0,1556092090921,18152127,46
2019-04-24 08:13:48.940,0.1,sell,5439.95,BTC-3MAY19-5000-P,59.66,0.009000000000000001,0.1,0,1556093628940,18160192,47
2019-04-24 10:49:32.294,6.0,sell,5449.62,BTC-3MAY19-5000-P,59.55,0.0085,6.0,3,1556102972294,18169023,49
2019-04-24 10:49:32.294,24.0,sell,5449.62,BTC-3MAY19-5000-P,59.55,0.0085,24.0,2,1556102972294,18169022,48
2019-04-24 13:47:42.295,1.0,sell,5451.99,BTC-3MAY19-5000-P,58.86,0.008,1.0,2,1556113662295,18178132,50
2019-04-24 15:01:21.648,7.7,sell,5464.53,BTC-3MAY19-5000-P,61.38,0.0085,7.7,0,1556118081648,18179824,51
2019-04-24 16:35:29.989,0.5,sell,5437.71,BTC-3MAY19-5000-P,58.07,0.008,0.5,2,1556123729989,18182949,52
2019-04-24 16:36:50.306,0.5,sell,5432.0,BTC-3MAY19-5000-P,58.9,0.0085,0.5,0,1556123810306,18183038,53
2019-04-25 07:52:04.815,0.1,sell,5429.27,BTC-3MAY19-5000-P,62.28,0.009000000000000001,0.1,0,1556178724815,18211879,54
2019-04-25 09:57:16.960,5.0,sell,5419.83,BTC-3MAY19-5000-P,61.78,0.009000000000000001,5.0,1,1556186236960,18215223,55
2019-04-25 10:16:33.464,10.0,sell,5441.72,BTC-3MAY19-5000-P,61.06,0.008,10.0,2,1556187393464,18216257,56
2019-04-25 12:08:07.470,2.1,sell,5463.42,BTC-3MAY19-5000-P,55.72,0.0055,2.1,2,1556194087470,18219940,57
2019-04-25 12:08:07.475,1.1,sell,5463.42,BTC-3MAY19-5000-P,55.72,0.0055,1.1,3,1556194087475,18219942,59
2019-04-25 12:08:07.475,1.8,sell,5463.42,BTC-3MAY19-5000-P,55.72,0.0055,1.8,3,1556194087475,18219941,58
2019-04-25 12:08:07.475,0.4,sell,5463.42,BTC-3MAY19-5000-P,55.72,0.0055,0.4,3,1556194087475,18219943,60
2019-04-25 12:08:07.476,1.3,sell,5463.42,BTC-3MAY19-5000-P,55.72,0.0055,1.3,3,1556194087476,18219944,61
2019-04-25 12:08:07.477,5.0,sell,5463.42,BTC-3MAY19-5000-P,55.72,0.0055,5.0,3,1556194087477,18219945,62
2019-04-25 12:08:07.478,0.4,sell,5463.42,BTC-3MAY19-5000-P,55.72,0.0055,0.4,3,1556194087478,18219946,63
2019-04-25 12:08:07.481,1.0,buy,5463.42,BTC-3MAY19-5000-P,55.72,0.0055,1.0,3,1556194087481,18219947,64
2019-04-25 12:08:08.092,3.7,buy,5463.42,BTC-3MAY19-5000-P,55.72,0.0055,3.7,3,1556194088092,18219951,68
2019-04-25 12:08:08.092,1.2,buy,5463.42,BTC-3MAY19-5000-P,55.72,0.0055,1.2,3,1556194088092,18219950,67
2019-04-25 12:08:08.092,1.7,buy,5463.42,BTC-3MAY19-5000-P,55.72,0.0055,1.7,3,1556194088092,18219949,66
2019-04-25 12:08:08.092,1.7,buy,5463.42,BTC-3MAY19-5000-P,55.72,0.0055,1.7,3,1556194088092,18219953,70
2019-04-25 12:08:08.092,3.5,buy,5463.42,BTC-3MAY19-5000-P,55.72,0.0055,3.5,3,1556194088092,18219952,69
2019-04-25 12:08:08.092,1.0,buy,5463.42,BTC-3MAY19-5000-P,55.72,0.0055,1.0,3,1556194088092,18219948,65
2019-04-25 12:09:06.486,0.3,buy,5461.31,BTC-3MAY19-5000-P,55.55,0.0055,0.3,3,1556194146486,18219986,74
2019-04-25 12:09:06.486,0.7000000000000001,buy,5461.31,BTC-3MAY19-5000-P,55.55,0.0055,0.7000000000000001,3,1556194146486,18219983,71
2019-04-25 12:09:06.486,1.0,buy,5461.31,BTC-3MAY19-5000-P,55.55,0.0055,1.0,3,1556194146486,18219985,73
2019-04-25 12:09:06.486,5.2,buy,5461.31,BTC-3MAY19-5000-P,55.55,0.0055,5.2,3,1556194146486,18219984,72
2019-04-25 12:09:06.486,1.2,buy,5461.31,BTC-3MAY19-5000-P,55.55,0.0055,1.2,3,1556194146486,18219987,75
2019-04-25 12:10:13.961,1.6,sell,5456.57,BTC-3MAY19-5000-P,55.17,0.0055,1.6,3,1556194213961,18220111,76
2019-04-25 12:10:13.965,3.4,sell,5456.57,BTC-3MAY19-5000-P,55.17,0.0055,3.4,3,1556194213965,18220112,77
2019-04-25 12:10:13.967,1.4,sell,5456.57,BTC-3MAY19-5000-P,55.17,0.0055,1.4,3,1556194213967,18220113,78
2019-04-25 12:10:13.973,1.0,sell,5456.57,BTC-3MAY19-5000-P,55.17,0.0055,1.0,3,1556194213973,18220114,79
2019-04-25 12:10:13.974,2.3000000000000003,sell,5456.57,BTC-3MAY19-5000-P,55.17,0.0055,2.3000000000000003,3,1556194213974,18220116,81
2019-04-25 12:10:13.974,3.3000000000000003,sell,5456.57,BTC-3MAY19-5000-P,55.17,0.0055,3.3000000000000003,3,1556194213974,18220115,80
2019-04-25 12:10:13.977,1.1,sell,5456.57,BTC-3MAY19-5000-P,55.17,0.0055,1.1,3,1556194213977,18220117,82
2019-04-25 12:10:13.979,0.8,sell,5456.57,BTC-3MAY19-5000-P,55.17,0.0055,0.8,3,1556194213979,18220119,84
2019-04-25 12:10:13.979,0.7000000000000001,sell,5456.57,BTC-3MAY19-5000-P,55.17,0.0055,0.7000000000000001,3,1556194213979,18220118,83
2019-04-25 12:10:13.984,0.8,sell,5456.57,BTC-3MAY19-5000-P,55.17,0.0055,0.8,3,1556194213984,18220120,85
2019-04-25 12:10:14.479,0.9,sell,5456.57,BTC-3MAY19-5000-P,55.17,0.0055,0.9,3,1556194214479,18220121,86
2019-04-25 12:10:14.482,0.2,sell,5456.57,BTC-3MAY19-5000-P,55.17,0.0055,0.2,3,1556194214482,18220122,87
2019-04-25 12:10:14.485,2.5,sell,5456.57,BTC-3MAY19-5000-P,55.17,0.0055,2.5,3,1556194214485,18220123,88
2019-04-25 12:10:14.486,0.7000000000000001,sell,5456.57,BTC-3MAY19-5000-P,55.17,0.0055,0.7000000000000001,3,1556194214486,18220124,89
2019-04-25 12:10:14.491,0.6,sell,5456.57,BTC-3MAY19-5000-P,55.17,0.0055,0.6,3,1556194214491,18220126,91
2019-04-25 12:10:14.491,0.6,sell,5456.57,BTC-3MAY19-5000-P,55.17,0.0055,0.6,3,1556194214491,18220125,90
2019-04-25 12:10:14.499,1.0,sell,5456.57,BTC-3MAY19-5000-P,55.17,0.0055,1.0,3,1556194214499,18220127,92
2019-04-25 18:44:48.685,1.0,sell,5495.34,BTC-3MAY19-5000-P,55.8,0.0045,1.0,2,1556217888685,18227848,93
2019-04-25 21:56:24.007,2.0,buy,5404.21,BTC-3MAY19-5000-P,56.81,0.006999999999999999,2.0,0,1556229384007,18236464,94
2019-04-25 22:02:00.462,0.5,buy,5327.58,BTC-3MAY19-5000-P,57.55,0.01,0.5,0,1556229720462,18240096,95
2019-04-25 22:03:58.826,0.7000000000000001,buy,5275.24,BTC-3MAY19-5000-P,64.48,0.0155,0.7000000000000001,0,1556229838826,18242480,96
2019-04-25 22:04:51.593,0.2,buy,5193.38,BTC-3MAY19-5000-P,61.8,0.019,0.2,0,1556229891593,18245453,97
2019-04-25 22:10:13.750,3.0,buy,5053.5,BTC-3MAY19-5000-P,61.99,0.03,3.0,0,1556230213750,18253168,98
2019-04-25 22:15:42.955,0.1,sell,5115.56,BTC-3MAY19-5000-P,56.11,0.0215,0.1,2,1556230542955,18263931,99
2019-04-25 22:17:32.129,0.5,sell,5090.45,BTC-3MAY19-5000-P,57.03,0.024,0.5,0,1556230652129,18265900,100
2019-04-25 22:47:45.826,0.7000000000000001,buy,5140.16,BTC-3MAY19-5000-P,66.23,0.025,0.7000000000000001,0,1556232465826,18277968,101
2019-04-25 22:48:05.293,0.3,buy,5141.96,BTC-3MAY19-5000-P,70.21,0.027000000000000003,0.3,0,1556232485293,18278019,102
2019-04-25 22:58:31.329,0.4,buy,5127.42,BTC-3MAY19-5000-P,68.13,0.027000000000000003,0.4,1,1556233111329,18280233,103
2019-04-25 23:42:02.816,1.0,buy,5118.82,BTC-3MAY19-5000-P,65.16,0.026000000000000002,1.0,2,1556235722816,18286287,104
2019-04-26 00:05:23.634,0.9,buy,5112.0,BTC-3MAY19-5000-P,68.82,0.0285,0.9,0,1556237123634,18287911,105
2019-04-26 00:19:00.701,0.7000000000000001,buy,5075.52,BTC-3MAY19-5000-P,65.04,0.0295,0.7000000000000001,0,1556237940701,18289076,106
2019-04-26 01:32:59.461,1.0,buy,5132.87,BTC-3MAY19-5000-P,70.37,0.0275,1.0,2,1556242379461,18293944,107
2019-04-26 03:10:10.278,5.0,sell,5220.56,BTC-3MAY19-5000-P,62.08,0.017,5.0,2,1556248210278,18306616,108
2019-04-26 03:10:37.701,5.0,sell,5219.45,BTC-3MAY19-5000-P,61.94,0.017,5.0,3,1556248237701,18306622,109
2019-04-26 03:10:52.557,5.0,sell,5219.97,BTC-3MAY19-5000-P,59.93,0.016,5.0,2,1556248252557,18306628,110
2019-04-26 03:11:09.797,24.0,sell,5220.04,BTC-3MAY19-5000-P,57.85,0.015,24.0,2,1556248269797,18306642,111
2019-04-26 03:11:39.103,5.0,sell,5216.8,BTC-3MAY19-5000-P,57.47,0.015,5.0,3,1556248299103,18306690,112
2019-04-26 03:12:26.385,2.9,sell,5213.04,BTC-3MAY19-5000-P,55.96,0.0145,2.9,2,1556248346385,18306717,113
2019-04-26 03:12:30.090,2.9,sell,5212.08,BTC-3MAY19-5000-P,54.8,0.013999999999999999,2.9,2,1556248350090,18306721,114
2019-04-26 03:13:16.695,6.4,sell,5212.6,BTC-3MAY19-5000-P,54.86,0.013999999999999999,6.4,3,1556248396695,18306802,115
2019-04-26 03:13:19.791,10.7,sell,5212.35,BTC-3MAY19-5000-P,53.77,0.0135,10.7,3,1556248399791,18306806,117
2019-04-26 03:13:19.791,24.0,sell,5212.35,BTC-3MAY19-5000-P,53.77,0.0135,24.0,2,1556248399791,18306805,116
2019-04-26 03:13:25.987,24.0,sell,5211.71,BTC-3MAY19-5000-P,52.63,0.013000000000000001,24.0,2,1556248405987,18306809,118
2019-04-26 03:13:55.814,9.4,sell,5214.97,BTC-3MAY19-5000-P,53.02,0.013000000000000001,9.4,3,1556248435814,18306826,119
2019-04-26 03:14:00.512,7.8,sell,5215.35,BTC-3MAY19-5000-P,53.06,0.013000000000000001,7.8,3,1556248440512,18306835,120
2019-04-26 03:14:06.031,15.9,sell,5215.93,BTC-3MAY19-5000-P,50.98,0.012,15.9,2,1556248446031,18306837,121
2019-04-26 03:21:07.461,3.0,sell,5208.98,BTC-3MAY19-5000-P,59.65,0.0165,3.0,0,1556248867461,18307461,122
2019-04-26 03:26:49.416,7.3,buy,5207.37,BTC-3MAY19-5000-P,60.49,0.017,7.3,0,1556249209416,18307712,123
2019-04-26 03:32:05.489,1.0,sell,5207.25,BTC-3MAY19-5000-P,54.27,0.013999999999999999,1.0,2,1556249525489,18307852,124
2019-04-26 03:51:50.727,0.3,buy,5198.89,BTC-3MAY19-5000-P,59.5,0.017,0.3,0,1556250710727,18308722,125
2019-04-26 04:07:51.983,0.5,sell,5223.57,BTC-3MAY19-5000-P,57.38,0.0145,0.5,2,1556251671983,18309570,126
2019-04-26 04:18:54.048,1.0,buy,5232.49,BTC-3MAY19-5000-P,63.75,0.017,1.0,0,1556252334048,18309981,127
2019-04-26 04:38:16.393,4.0,sell,5197.35,BTC-3MAY19-5000-P,58.41,0.0165,4.0,2,1556253496393,18311089,128
2019-04-26 06:37:48.801,0.1,sell,5160.97,BTC-3MAY19-5000-P,59.03,0.019,0.1,0,1556260668801,18315768,129
2019-04-26 06:53:49.468,0.1,sell,5179.8,BTC-3MAY19-5000-P,59.59,0.018000000000000002,0.1,2,1556261629468,18316634,130
2019-04-26 06:54:06.824,2.0,sell,5178.79,BTC-3MAY19-5000-P,59.46,0.018000000000000002,2.0,3,1556261646824,18316638,131
2019-04-26 08:07:48.567,0.1,sell,5170.99,BTC-3MAY19-5000-P,59.65,0.0185,0.1,0,1556266068567,18319245,132
2019-04-26 08:12:18.580,2.8000000000000003,sell,5173.23,BTC-3MAY19-5000-P,59.96,0.0185,2.8000000000000003,1,1556266338580,18319470,133
2019-04-26 08:12:18.580,6.0,sell,5173.23,BTC-3MAY19-5000-P,59.96,0.0185,6.0,1,1556266338580,18319471,134
2019-04-26 08:15:56.679,6.0,sell,5166.62,BTC-3MAY19-5000-P,59.08,0.0185,6.0,1,1556266556679,18319631,135
2019-04-26 08:16:32.894,50.0,sell,5168.14,BTC-3MAY19-5000-P,59.29,0.0185,50.0,1,1556266592894,18319640,136
2019-04-26 08:31:29.853,6.0,sell,5172.55,BTC-3MAY19-5000-P,58.92,0.018000000000000002,6.0,2,1556267489853,18320036,137
2019-04-26 08:40:03.027,6.0,sell,5187.04,BTC-3MAY19-5000-P,58.82,0.017,6.0,3,1556268003027,18320466,139
2019-04-26 08:40:03.027,0.2,sell,5187.04,BTC-3MAY19-5000-P,58.82,0.017,0.2,2,1556268003027,18320465,138
2019-04-26 08:43:33.037,6.0,sell,5186.06,BTC-3MAY19-5000-P,58.7,0.017,6.0,3,1556268213037,18320568,141
2019-04-26 08:43:33.037,0.4,sell,5186.06,BTC-3MAY19-5000-P,58.7,0.017,0.4,3,1556268213037,18320567,140
2019-04-26 08:43:42.035,0.4,sell,5186.2,BTC-3MAY19-5000-P,59.74,0.0175,0.4,0,1556268222035,18320570,142
2019-04-26 08:46:44.291,0.1,buy,5184.0,BTC-3MAY19-5000-P,62.5,0.019,0.1,0,1556268404291,18320644,143
2019-04-26 08:55:05.754,5.0,buy,5182.39,BTC-3MAY19-5000-P,61.3,0.0185,5.0,2,1556268905754,18320803,144
2019-04-26 08:55:58.285,20.0,sell,5182.15,BTC-3MAY19-5000-P,61.28,0.0185,20.0,3,1556268958285,18320815,145
2019-04-26 08:59:54.734,9.0,buy,5178.04,BTC-3MAY19-5000-P,61.75,0.019,9.0,0,1556269194734,18320889,146
2019-04-26 09:02:24.184,0.9,buy,5169.18,BTC-3MAY19-5000-P,60.57,0.019,0.9,1,1556269344184,18321023,147
2019-04-26 09:13:33.569,0.2,sell,5172.87,BTC-3MAY19-5000-P,60.09,0.0185,0.2,2,1556270013569,18321136,148
2019-04-26 09:54:38.660,0.4,sell,5165.36,BTC-3MAY19-5000-P,57.2,0.0175,0.4,3,1556272478660,18322074,150
2019-04-26 09:54:38.660,6.0,sell,5165.36,BTC-3MAY19-5000-P,57.2,0.0175,6.0,2,1556272478660,18322073,149
2019-04-26 09:55:13.240,0.4,sell,5160.72,BTC-3MAY19-5000-P,57.58,0.018000000000000002,0.4,0,1556272513240,18322198,151
2019-04-26 09:55:20.556,6.0,sell,5160.67,BTC-3MAY19-5000-P,56.57,0.0175,6.0,2,1556272520556,18322203,152
2019-04-26 09:55:25.261,0.4,sell,5160.76,BTC-3MAY19-5000-P,56.58,0.0175,0.4,3,1556272525261,18322211,153
2019-04-26 10:02:58.728,0.4,sell,5168.92,BTC-3MAY19-5000-P,58.7,0.018000000000000002,0.4,0,1556272978728,18322570,154
2019-04-26 10:03:07.423,0.4,sell,5169.59,BTC-3MAY19-5000-P,58.79,0.018000000000000002,0.4,1,1556272987423,18322579,155
2019-04-26 10:57:25.789,3.2,buy,5163.92,BTC-3MAY19-5000-P,58.19,0.018000000000000002,3.2,1,1556276245789,18323439,156
2019-04-26 11:02:12.468,3.0,sell,5162.76,BTC-3MAY19-5000-P,53.99,0.016,3.0,2,1556276532468,18323685,157
2019-04-26 11:03:39.083,0.4,buy,5150.34,BTC-3MAY19-5000-P,54.36,0.017,0.4,0,1556276619083,18323807,158
2019-04-26 11:13:02.394,0.1,sell,5152.52,BTC-3MAY19-5000-P,56.68,0.018000000000000002,0.1,0,1556277182394,18325068,159
2019-04-26 11:13:36.591,3.6,buy,5147.27,BTC-3MAY19-5000-P,55.96,0.018000000000000002,3.6,1,1556277216591,18325124,160
2019-04-26 11:13:36.637,3.5,buy,5147.27,BTC-3MAY19-5000-P,55.96,0.018000000000000002,3.5,1,1556277216637,18325125,161
2019-04-26 11:20:18.169,0.4,sell,5158.73,BTC-3MAY19-5000-P,56.55,0.0175,0.4,2,1556277618169,18325454,162
2019-04-26 11:20:18.287,0.1,buy,5158.73,BTC-3MAY19-5000-P,56.55,0.0175,0.1,3,1556277618287,18325456,163
2019-04-26 11:21:47.978,0.4,buy,5150.79,BTC-3MAY19-5000-P,56.47,0.018000000000000002,0.4,0,1556277707978,18325552,164
2019-04-26 11:24:13.466,0.4,buy,5145.13,BTC-3MAY19-5000-P,55.7,0.018000000000000002,0.4,1,1556277853466,18325701,165
2019-04-26 11:29:43.779,1.0,buy,5153.06,BTC-3MAY19-5000-P,56.81,0.018000000000000002,1.0,1,1556278183779,18325961,166
2019-04-26 11:50:33.940,1.0,buy,5160.73,BTC-3MAY19-5000-P,57.92,0.018000000000000002,1.0,1,1556279433940,18326732,167
2019-04-26 11:50:42.716,1.0,buy,5159.8,BTC-3MAY19-5000-P,57.79,0.018000000000000002,1.0,1,1556279442716,18326733,168
2019-04-26 12:04:04.310,4.0,buy,5146.17,BTC-3MAY19-5000-P,55.95,0.018000000000000002,4.0,1,1556280244310,18327102,169
2019-04-26 12:04:06.919,0.4,buy,5146.13,BTC-3MAY19-5000-P,55.95,0.018000000000000002,0.4,1,1556280246919,18327103,170
2019-04-26 12:04:07.194,4.0,buy,5146.13,BTC-3MAY19-5000-P,55.95,0.018000000000000002,4.0,1,1556280247194,18327105,171
2019-04-26 12:04:08.099,0.4,buy,5145.38,BTC-3MAY19-5000-P,55.84,0.018000000000000002,0.4,1,1556280248099,18327106,172
2019-04-26 12:04:08.154,0.2,buy,5145.38,BTC-3MAY19-5000-P,55.84,0.018000000000000002,0.2,1,1556280248154,18327108,173
2019-04-26 12:04:50.022,0.4,sell,5141.38,BTC-3MAY19-5000-P,58.27,0.0195,0.4,0,1556280290022,18327121,174
2019-04-26 12:05:32.769,4.6000000000000005,sell,5145.66,BTC-3MAY19-5000-P,57.88,0.019,4.6000000000000005,2,1556280332769,18327129,175
2019-04-26 12:06:28.445,1.0,sell,5142.83,BTC-3MAY19-5000-P,57.48,0.019,1.0,3,1556280388445,18327136,176
2019-04-26 12:54:11.726,0.1,sell,5172.25,BTC-3MAY19-5000-P,57.62,0.017,0.1,2,1556283251726,18328813,177
2019-04-26 12:54:11.726,1.9,sell,5172.25,BTC-3MAY19-5000-P,56.59,0.0165,1.9,2,1556283251726,18328814,178
2019-04-26 12:59:23.422,3.0,buy,5179.77,BTC-3MAY19-5000-P,59.66,0.0175,3.0,0,1556283563422,18329056,179
2019-04-26 12:59:23.422,3.0,buy,5179.77,BTC-3MAY19-5000-P,59.66,0.0175,3.0,1,1556283563422,18329057,180
2019-04-26 13:00:04.806,0.4,buy,5176.77,BTC-3MAY19-5000-P,59.27,0.0175,0.4,1,1556283604806,18329087,181
2019-04-26 13:00:12.238,0.4,buy,5176.82,BTC-3MAY19-5000-P,59.27,0.0175,0.4,1,1556283612238,18329090,182
2019-04-26 13:08:05.212,0.8,buy,5175.92,BTC-3MAY19-5000-P,60.2,0.018000000000000002,0.8,0,1556284085212,18329255,183
2019-04-26 13:18:05.453,3.0,buy,5173.7,BTC-3MAY19-5000-P,58.91,0.0175,3.0,2,1556284685453,18329486,184
2019-04-26 13:51:33.919,0.1,buy,5170.68,BTC-3MAY19-5000-P,61.67,0.019,0.1,0,1556286693919,18330091,185
2019-04-26 15:35:42.051,0.5,buy,5151.97,BTC-3MAY19-5000-P,61.41,0.02,0.5,0,1556292942051,18332903,186
2019-04-26 16:01:42.379,0.4,buy,5097.32,BTC-3MAY19-5000-P,59.26,0.023,0.4,0,1556294502379,18334001,187
2019-04-26 16:01:44.375,0.4,buy,5096.26,BTC-3MAY19-5000-P,59.1,0.023,0.4,1,1556294504375,18334062,188
2019-04-26 16:01:44.632,0.4,buy,5091.81,BTC-3MAY19-5000-P,58.4,0.023,0.4,1,1556294504632,18334071,189
2019-04-26 16:01:49.144,0.4,buy,5086.23,BTC-3MAY19-5000-P,57.52,0.023,0.4,1,1556294509144,18334129,190
2019-04-26 16:01:50.694,0.4,buy,5082.55,BTC-3MAY19-5000-P,56.93,0.023,0.4,1,1556294510694,18334149,191
2019-04-26 16:01:50.955,0.4,buy,5082.55,BTC-3MAY19-5000-P,56.93,0.023,0.4,1,1556294510955,18334156,192
2019-04-26 16:01:51.197,0.4,buy,5082.55,BTC-3MAY19-5000-P,56.93,0.023,0.4,1,1556294511197,18334161,193
2019-04-26 16:01:51.235,0.4,buy,5082.55,BTC-3MAY19-5000-P,56.93,0.023,0.4,1,1556294511235,18334163,194
2019-04-26 16:01:52.387,1.8,buy,5082.71,BTC-3MAY19-5000-P,56.96,0.023,1.8,1,1556294512387,18334185,195
2019-04-26 16:23:40.804,0.4,buy,5086.23,BTC-3MAY19-5000-P,58.54,0.0235,0.4,0,1556295820804,18337621,196
2019-04-26 16:24:36.446,0.4,buy,5084.47,BTC-3MAY19-5000-P,58.26,0.0235,0.4,1,1556295876446,18337796,197
2019-04-26 16:24:37.541,0.2,buy,5084.53,BTC-3MAY19-5000-P,58.27,0.0235,0.2,1,1556295877541,18337798,198
2019-04-26 16:33:25.048,0.1,sell,5074.03,BTC-3MAY19-5000-P,55.65,0.023,0.1,2,1556296405048,18340010,199
2019-04-26 16:43:36.046,0.4,sell,5090.68,BTC-3MAY19-5000-P,54.49,0.021,0.4,2,1556297016046,18340807,200
2019-04-26 16:50:12.455,0.4,sell,5091.25,BTC-3MAY19-5000-P,54.59,0.021,0.4,3,1556297412455,18341012,201
2019-04-26 16:56:56.526,4.0,buy,5097.13,BTC-3MAY19-5000-P,58.43,0.0225,4.0,0,1556297816526,18341371,202
2019-04-26 19:12:27.330,0.4,sell,5078.45,BTC-3MAY19-5000-P,56.84,0.023,0.4,0,1556305947330,18345083,203
2019-04-26 19:12:34.799,0.4,sell,5085.94,BTC-3MAY19-5000-P,58.05,0.023,0.4,1,1556305954799,18345129,204
2019-04-26 19:12:35.834,0.2,sell,5086.12,BTC-3MAY19-5000-P,58.08,0.023,0.2,1,1556305955834,18345131,205
2019-04-26 20:58:09.771,0.3,buy,5094.2,BTC-3MAY19-5000-P,57.74,0.022000000000000002,0.3,2,1556312289771,18348529,206
2019-04-26 21:19:15.956,0.4,buy,5100.19,BTC-3MAY19-5000-P,58.75,0.022000000000000002,0.4,3,1556313555956,18348946,207
2019-04-26 21:19:15.956,0.6,buy,5100.19,BTC-3MAY19-5000-P,58.75,0.022000000000000002,0.6,3,1556313555956,18348947,208
2019-04-26 21:32:10.983,4.0,sell,5107.3,BTC-3MAY19-5000-P,57.92,0.021,4.0,2,1556314330983,18349078,209
2019-04-26 22:05:56.233,0.1,sell,5146.02,BTC-3MAY19-5000-P,54.62,0.0165,0.1,2,1556316356233,18350504,210
2019-04-26 23:25:36.606,3.4,buy,5145.25,BTC-3MAY19-5000-P,55.79,0.017,3.4,0,1556321136606,18353457,211
2019-04-26 23:35:11.200,1.0,buy,5148.02,BTC-3MAY19-5000-P,57.26,0.0175,1.0,0,1556321711200,18353715,212
2019-04-27 00:07:12.423,3.0,sell,5163.71,BTC-3MAY19-5000-P,55.34,0.0155,3.0,2,1556323632423,18354169,213
2019-04-27 00:15:45.418,0.8,buy,5169.45,BTC-3MAY19-5000-P,57.22,0.016,0.8,0,1556324145418,18354426,214
2019-04-27 03:36:11.170,1.0,sell,5152.13,BTC-3MAY19-5000-P,55.43,0.016,1.0,1,1556336171170,18356108,215
2019-04-27 03:53:41.729,2.0,buy,5154.79,BTC-3MAY19-5000-P,55.87,0.016,2.0,1,1556337221729,18356520,216
2019-04-27 07:48:46.335,5.0,sell,5173.92,BTC-3MAY19-5000-P,52.64,0.013000000000000001,5.0,2,1556351326335,18360492,217
2019-04-27 08:15:39.797,1.8,sell,5170.78,BTC-3MAY19-5000-P,52.3,0.013000000000000001,1.8,3,1556352939797,18360883,218
2019-04-27 08:15:55.784,0.1,sell,5170.54,BTC-3MAY19-5000-P,52.27,0.013000000000000001,0.1,3,1556352955784,18360884,219
2019-04-27 08:15:55.784,1.9,sell,5170.54,BTC-3MAY19-5000-P,52.27,0.013000000000000001,1.9,3,1556352955784,18360885,220
2019-04-27 14:47:57.493,1.0,sell,5167.44,BTC-3MAY19-5000-P,50.75,0.012,1.0,2,1556376477493,18365894,221
2019-04-27 15:39:53.837,1.0,buy,5166.12,BTC-3MAY19-5000-P,53.05,0.013000000000000001,1.0,0,1556379593837,18366374,222
2019-04-27 15:46:31.160,0.5,buy,5158.9,BTC-3MAY19-5000-P,54.34,0.013999999999999999,0.5,0,1556379991160,18366546,223
2019-04-27 20:40:12.229,0.2,buy,5192.66,BTC-3MAY19-5000-P,54.12,0.0115,0.2,2,1556397612229,18372399,224
2019-04-27 21:23:19.876,1.0,buy,5212.33,BTC-3MAY19-5000-P,53.09,0.01,1.0,2,1556400199876,18373178,225
2019-04-27 22:08:30.973,0.1,sell,5205.83,BTC-3MAY19-5000-P,52.4,0.01,0.1,3,1556402910973,18373892,226
2019-04-27 22:38:13.965,12.5,sell,5202.7,BTC-3MAY19-5000-P,50.8,0.0095,12.5,2,1556404693965,18374192,227
2019-04-28 00:00:56.486,1.0,buy,5169.94,BTC-3MAY19-5000-P,54.11,0.0125,1.0,0,1556409656486,18376538,228
2019-04-28 01:24:47.476,5.6000000000000005,buy,5178.11,BTC-3MAY19-5000-P,53.12,0.0115,5.6000000000000005,2,1556414687476,18377399,229
2019-04-28 02:05:54.408,0.1,buy,5174.89,BTC-3MAY19-5000-P,54.04,0.012,0.1,0,1556417154408,18377694,230
2019-04-28 09:26:45.157,0.5,sell,5182.66,BTC-3MAY19-5000-P,51.65,0.01,0.5,2,1556443605157,18382040,231
2019-04-28 10:11:15.090,1.0,buy,5176.47,BTC-3MAY19-5000-P,57.36,0.0125,1.0,0,1556446275090,18382496,232
2019-04-28 11:07:53.205,0.1,sell,5192.1,BTC-3MAY19-5000-P,53.34,0.01,0.1,2,1556449673205,18383618,233
2019-04-28 11:36:26.176,0.9,sell,5197.79,BTC-3MAY19-5000-P,54.24,0.01,0.9,3,1556451386176,18384026,234
2019-04-28 12:07:07.185,2.0,buy,5199.06,BTC-3MAY19-5000-P,57.21,0.011000000000000001,2.0,0,1556453227185,18384799,235
2019-04-28 12:19:13.403,2.6,buy,5191.78,BTC-3MAY19-5000-P,57.54,0.0115,2.6,0,1556453953403,18385065,236
2019-04-28 12:19:13.409,0.9,buy,5191.78,BTC-3MAY19-5000-P,57.54,0.0115,0.9,1,1556453953409,18385066,237
2019-04-28 12:19:13.412,1.2,buy,5191.78,BTC-3MAY19-5000-P,57.54,0.0115,1.2,1,1556453953412,18385067,238
2019-04-28 12:19:13.423,1.7,buy,5191.78,BTC-3MAY19-5000-P,57.54,0.0115,1.7,1,1556453953423,18385068,239
2019-04-28 18:10:59.535,0.1,sell,5163.61,BTC-3MAY19-5000-P,54.84,0.0115,0.1,1,1556475059535,18392620,240
2019-04-28 18:57:02.711,0.1,sell,5166.15,BTC-3MAY19-5000-P,55.42,0.0115,0.1,1,1556477822711,18393501,241
2019-04-28 18:57:02.711,0.6,sell,5166.15,BTC-3MAY19-5000-P,55.42,0.0115,0.6,1,1556477822711,18393503,243
2019-04-28 18:57:02.711,0.7000000000000001,sell,5166.15,BTC-3MAY19-5000-P,55.42,0.0115,0.7000000000000001,1,1556477822711,18393502,242
2019-04-28 18:57:02.711,0.5,sell,5166.15,BTC-3MAY19-5000-P,55.42,0.0115,0.5,1,1556477822711,18393504,244
2019-04-28 18:57:02.711,0.3,sell,5166.15,BTC-3MAY19-5000-P,55.42,0.0115,0.3,1,1556477822711,18393506,246
2019-04-28 18:57:02.711,0.8,sell,5166.15,BTC-3MAY19-5000-P,55.42,0.0115,0.8,1,1556477822711,18393505,245
2019-04-28 18:57:54.411,0.1,buy,5167.98,BTC-3MAY19-5000-P,60.9,0.0135,0.1,0,1556477874411,18393512,247
2019-04-28 19:03:58.307,2.5,sell,5165.06,BTC-3MAY19-5000-P,55.28,0.0115,2.5,3,1556478238307,18393587,249
2019-04-28 19:03:58.307,0.3,sell,5165.06,BTC-3MAY19-5000-P,55.28,0.0115,0.3,2,1556478238307,18393586,248
2019-04-28 19:03:58.307,0.5,sell,5165.06,BTC-3MAY19-5000-P,55.28,0.0115,0.5,3,1556478238307,18393589,251
2019-04-28 19:03:58.307,1.7,sell,5165.06,BTC-3MAY19-5000-P,55.28,0.0115,1.7,3,1556478238307,18393588,250
2019-04-28 19:04:39.484,0.2,sell,5165.41,BTC-3MAY19-5000-P,55.34,0.0115,0.2,3,1556478279484,18393592,253
2019-04-28 19:04:39.484,0.6,sell,5165.41,BTC-3MAY19-5000-P,55.34,0.0115,0.6,3,1556478279484,18393591,252
2019-04-28 19:04:39.484,0.7000000000000001,sell,5165.41,BTC-3MAY19-5000-P,55.34,0.0115,0.7000000000000001,3,1556478279484,18393593,254
2019-04-28 19:04:39.484,0.2,sell,5165.41,BTC-3MAY19-5000-P,55.34,0.0115,0.2,3,1556478279484,18393596,257
2019-04-28 19:04:39.484,0.8,sell,5165.41,BTC-3MAY19-5000-P,55.34,0.0115,0.8,3,1556478279484,18393594,255
2019-04-28 19:04:39.484,0.5,sell,5165.41,BTC-3MAY19-5000-P,55.34,0.0115,0.5,3,1556478279484,18393595,256
2019-04-28 19:27:52.508,0.1,buy,5146.79,BTC-3MAY19-5000-P,60.19,0.0145,0.1,0,1556479672508,18395639,258
2019-04-28 19:30:44.216,5.0,buy,5135.92,BTC-3MAY19-5000-P,60.89,0.0155,5.0,0,1556479844216,18396245,259
2019-04-29 01:26:04.636,1.0,sell,5174.23,BTC-3MAY19-5000-P,55.66,0.0105,1.0,2,1556501164636,18406760,260
2019-04-29 01:44:56.130,2.0,buy,5170.72,BTC-3MAY19-5000-P,56.58,0.011000000000000001,2.0,0,1556502296130,18406924,261
2019-04-29 04:37:06.291,0.1,buy,5186.04,BTC-3MAY19-5000-P,59.78,0.011000000000000001,0.1,1,1556512626291,18408645,262
2019-04-29 06:07:17.529,1.9,buy,5176.76,BTC-3MAY19-5000-P,58.78,0.011000000000000001,1.9,1,1556518037529,18409432,263
2019-04-29 08:34:10.410,10.0,buy,5166.25,BTC-3MAY19-5000-P,63.43,0.013000000000000001,10.0,0,1556526850410,18410981,264
2019-04-29 08:38:52.395,20.0,buy,5165.43,BTC-3MAY19-5000-P,66.07,0.013999999999999999,20.0,1,1556527132395,18411058,267
2019-04-29 08:38:52.395,6.9,buy,5165.43,BTC-3MAY19-5000-P,66.07,0.013999999999999999,6.9,1,1556527132395,18411057,266
2019-04-29 08:38:52.395,0.1,buy,5165.43,BTC-3MAY19-5000-P,66.07,0.013999999999999999,0.1,0,1556527132395,18411056,265
2019-04-29 11:19:54.927,0.1,sell,5148.66,BTC-3MAY19-5000-P,59.98,0.0125,0.1,2,1556536794927,18416431,268
2019-04-29 12:02:35.654,20.0,buy,5150.03,BTC-3MAY19-5000-P,65.97,0.0145,20.0,0,1556539355654,18417074,269
2019-04-29 12:03:41.267,20.0,buy,5149.38,BTC-3MAY19-5000-P,67.22,0.015,20.0,1,1556539421267,18417096,273
2019-04-29 12:03:41.267,6.0,buy,5149.38,BTC-3MAY19-5000-P,65.86,0.0145,6.0,1,1556539421267,18417093,270
2019-04-29 12:03:41.267,5.4,buy,5149.38,BTC-3MAY19-5000-P,67.22,0.015,5.4,1,1556539421267,18417095,272
2019-04-29 12:03:41.267,0.2,buy,5149.38,BTC-3MAY19-5000-P,67.22,0.015,0.2,0,1556539421267,18417094,271
2019-04-29 12:59:36.240,6.0,buy,5129.06,BTC-3MAY19-5000-P,69.23,0.017,6.0,0,1556542776240,18420700,274
2019-04-29 12:59:36.240,5.4,buy,5129.06,BTC-3MAY19-5000-P,69.23,0.017,5.4,1,1556542776240,18420701,275
2019-04-29 13:02:19.082,0.1,buy,5127.69,BTC-3MAY19-5000-P,70.31,0.0175,0.1,0,1556542939082,18420766,276
2019-04-29 13:50:40.227,0.5,buy,5132.16,BTC-3MAY19-5000-P,62.03,0.013999999999999999,0.5,2,1556545840227,18426166,277
2019-04-29 14:25:51.810,6.0,sell,5152.5,BTC-3MAY19-5000-P,61.68,0.0125,6.0,2,1556547951810,18427838,278
2019-04-29 14:25:51.810,6.5,sell,5152.5,BTC-3MAY19-5000-P,61.68,0.0125,6.5,3,1556547951810,18427839,279
2019-04-29 18:07:53.172,0.1,sell,5135.84,BTC-3MAY19-5000-P,61.43,0.013000000000000001,0.1,0,1556561273172,18433373,280
2019-04-29 18:36:57.139,1.4,buy,5139.18,BTC-3MAY19-5000-P,67.86,0.015,1.4,0,1556563017139,18434656,281
2019-04-29 18:36:57.156,2.2,buy,5139.18,BTC-3MAY19-5000-P,67.86,0.015,2.2,1,1556563017156,18434657,282
2019-04-29 18:36:57.158,3.0,buy,5139.18,BTC-3MAY19-5000-P,67.86,0.015,3.0,1,1556563017158,18434658,283
2019-04-29 18:36:57.220,0.7000000000000001,buy,5139.18,BTC-3MAY19-5000-P,67.86,0.015,0.7000000000000001,1,1556563017220,18434659,284
2019-04-29 18:38:11.796,0.7000000000000001,sell,5143.08,BTC-3MAY19-5000-P,68.59,0.015,0.7000000000000001,1,1556563091796,18434702,289
2019-04-29 18:38:11.796,0.9,sell,5143.08,BTC-3MAY19-5000-P,68.59,0.015,0.9,1,1556563091796,18434699,286
2019-04-29 18:38:11.796,1.0,sell,5143.08,BTC-3MAY19-5000-P,68.59,0.015,1.0,1,1556563091796,18434708,295
2019-04-29 18:38:11.796,0.6,sell,5143.08,BTC-3MAY19-5000-P,68.59,0.015,0.6,1,1556563091796,18434700,287
2019-04-29 18:38:11.796,0.4,sell,5143.08,BTC-3MAY19-5000-P,68.59,0.015,0.4,1,1556563091796,18434698,285
2019-04-29 18:38:11.796,0.8,sell,5143.08,BTC-3MAY19-5000-P,68.59,0.015,0.8,1,1556563091796,18434709,296
2019-04-29 18:38:11.796,0.6,sell,5143.08,BTC-3MAY19-5000-P,68.59,0.015,0.6,1,1556563091796,18434710,297
2019-04-29 18:38:11.796,0.9,sell,5143.08,BTC-3MAY19-5000-P,68.59,0.015,0.9,1,1556563091796,18434701,288
2019-04-29 18:38:11.796,0.7000000000000001,sell,5143.08,BTC-3MAY19-5000-P,68.59,0.015,0.7000000000000001,1,1556563091796,18434704,291
2019-04-29 18:38:11.796,0.2,sell,5143.08,BTC-3MAY19-5000-P,68.59,0.015,0.2,1,1556563091796,18434707,294
2019-04-29 18:38:11.796,2.9,sell,5143.08,BTC-3MAY19-5000-P,68.59,0.015,2.9,1,1556563091796,18434703,290
2019-04-29 18:38:11.796,1.2,sell,5143.08,BTC-3MAY19-5000-P,68.59,0.015,1.2,1,1556563091796,18434705,292
2019-04-29 18:38:11.796,2.1,sell,5143.08,BTC-3MAY19-5000-P,68.59,0.015,2.1,1,1556563091796,18434706,293
2019-04-29 19:17:14.854,0.1,sell,5145.65,BTC-3MAY19-5000-P,62.19,0.0125,0.1,2,1556565434854,18435333,298
2019-04-29 21:52:20.605,0.1,buy,5136.37,BTC-3MAY19-5000-P,67.22,0.0145,0.1,0,1556574740605,18438053,299
2019-04-29 22:38:33.156,4.0,buy,5129.12,BTC-3MAY19-5000-P,68.99,0.0155,4.0,0,1556577513156,18440956,300
2019-04-29 23:11:15.508,0.4,sell,5147.97,BTC-3MAY19-5000-P,64.1,0.0125,0.4,2,1556579475508,18442290,301
2019-04-29 23:11:15.508,3.0,sell,5147.97,BTC-3MAY19-5000-P,64.1,0.0125,3.0,3,1556579475508,18442291,302
2019-04-30 02:03:17.295,0.1,sell,5160.08,BTC-3MAY19-5000-P,59.77,0.01,0.1,2,1556589797295,18446559,303
2019-04-30 06:50:57.904,1.0,buy,5142.23,BTC-3MAY19-5000-P,67.81,0.013000000000000001,1.0,0,1556607057904,18450098,304
2019-04-30 07:29:15.778,0.1,sell,5149.87,BTC-3MAY19-5000-P,64.89,0.0115,0.1,2,1556609355778,18450891,305
2019-04-30 08:05:42.918,1.0,sell,5147.88,BTC-3MAY19-5000-P,63.19,0.011000000000000001,1.0,2,1556611542918,18451370,306
2019-04-30 08:05:42.918,3.0,sell,5147.88,BTC-3MAY19-5000-P,63.19,0.011000000000000001,3.0,3,1556611542918,18451371,307
2019-04-30 08:35:06.892,0.9,sell,5158.98,BTC-3MAY19-5000-P,62.24,0.01,0.9,2,1556613306892,18451925,308
2019-04-30 10:15:33.579,0.1,sell,5187.76,BTC-3MAY19-5000-P,66.55,0.0095,0.1,2,1556619333579,18455935,309
2019-04-30 10:30:43.496,0.1,sell,5173.54,BTC-3MAY19-5000-P,62.38,0.009000000000000001,0.1,2,1556620243496,18458011,310
2019-04-30 10:31:44.531,0.4,sell,5172.26,BTC-3MAY19-5000-P,62.16,0.009000000000000001,0.4,3,1556620304531,18458028,311
2019-04-30 10:50:25.750,2.5,sell,5185.22,BTC-3MAY19-5000-P,64.62,0.009000000000000001,2.5,3,1556621425750,18458522,312
2019-04-30 12:29:51.739,0.1,buy,5209.2,BTC-3MAY19-5000-P,67.84,0.0085,0.1,2,1556627391739,18463034,313
2019-04-30 12:56:57.903,0.1,sell,5211.86,BTC-3MAY19-5000-P,60.87,0.0065,0.1,2,1556629017903,18463831,314
2019-04-30 13:21:53.588,0.1,sell,5239.56,BTC-3MAY19-5000-P,65.57,0.0065,0.1,3,1556630513588,18466385,315
2019-04-30 14:02:04.707,0.1,buy,5245.83,BTC-3MAY19-5000-P,66.92,0.0065,0.1,3,1556632924707,18471782,316
2019-04-30 14:05:45.268,0.9,sell,5257.76,BTC-3MAY19-5000-P,68.86,0.0065,0.9,3,1556633145268,18472173,317
2019-04-30 14:05:45.268,3.0,sell,5257.76,BTC-3MAY19-5000-P,68.86,0.0065,3.0,3,1556633145268,18472174,318
2019-04-30 14:05:45.268,2.1,sell,5257.76,BTC-3MAY19-5000-P,68.86,0.0065,2.1,3,1556633145268,18472175,319
2019-04-30 14:05:45.268,1.4,sell,5257.76,BTC-3MAY19-5000-P,68.86,0.0065,1.4,3,1556633145268,18472176,320
2019-04-30 14:05:45.268,0.3,sell,5257.76,BTC-3MAY19-5000-P,68.86,0.0065,0.3,3,1556633145268,18472180,324
2019-04-30 14:05:45.268,0.7000000000000001,sell,5257.76,BTC-3MAY19-5000-P,68.86,0.0065,0.7000000000000001,3,1556633145268,18472179,323
2019-04-30 14:05:45.268,0.8,sell,5257.76,BTC-3MAY19-5000-P,68.86,0.0065,0.8,3,1556633145268,18472178,322
2019-04-30 14:05:45.268,0.8,sell,5257.76,BTC-3MAY19-5000-P,68.86,0.0065,0.8,3,1556633145268,18472177,321
2019-04-30 14:06:06.737,0.7000000000000001,sell,5259.31,BTC-3MAY19-5000-P,69.11,0.0065,0.7000000000000001,3,1556633166737,18472214,331
2019-04-30 14:06:06.737,2.9,sell,5259.31,BTC-3MAY19-5000-P,69.11,0.0065,2.9,3,1556633166737,18472209,326
2019-04-30 14:06:06.737,0.6,sell,5259.31,BTC-3MAY19-5000-P,69.11,0.0065,0.6,3,1556633166737,18472216,333
2019-04-30 14:06:06.737,0.7000000000000001,sell,5259.31,BTC-3MAY19-5000-P,69.11,0.0065,0.7000000000000001,3,1556633166737,18472210,327
2019-04-30 14:06:06.737,2.0,sell,5259.31,BTC-3MAY19-5000-P,69.11,0.0065,2.0,3,1556633166737,18472212,329
2019-04-30 14:06:06.737,0.3,sell,5259.31,BTC-3MAY19-5000-P,69.11,0.0065,0.3,3,1556633166737,18472208,325
2019-04-30 14:06:06.737,0.1,sell,5259.31,BTC-3MAY19-5000-P,69.11,0.0065,0.1,3,1556633166737,18472213,330
2019-04-30 14:06:06.737,1.0,sell,5259.31,BTC-3MAY19-5000-P,69.11,0.0065,1.0,3,1556633166737,18472215,332
2019-04-30 14:06:06.737,1.2,sell,5259.31,BTC-3MAY19-5000-P,69.11,0.0065,1.2,3,1556633166737,18472211,328
2019-04-30 14:10:17.191,0.1,sell,5261.14,BTC-3MAY19-5000-P,65.09,0.0055,0.1,2,1556633417191,18472803,334
2019-04-30 14:35:23.979,1.7,buy,5262.65,BTC-3MAY19-5000-P,67.74,0.006,1.7,0,1556634923979,18474775,335
2019-04-30 14:35:23.980,2.3000000000000003,buy,5262.65,BTC-3MAY19-5000-P,67.74,0.006,2.3000000000000003,1,1556634923980,18474776,336
2019-04-30 14:35:23.984,1.0,buy,5262.65,BTC-3MAY19-5000-P,67.74,0.006,1.0,1,1556634923984,18474777,337
2019-04-30 14:35:23.990,3.3000000000000003,buy,5262.65,BTC-3MAY19-5000-P,67.74,0.006,3.3000000000000003,1,1556634923990,18474778,338
2019-04-30 14:35:23.992,0.8,buy,5262.65,BTC-3MAY19-5000-P,67.74,0.006,0.8,1,1556634923992,18474779,339
2019-04-30 14:35:23.993,0.9,buy,5262.65,BTC-3MAY19-5000-P,67.74,0.006,0.9,1,1556634923993,18474780,340
2019-04-30 14:35:23.994,1.2,buy,5262.65,BTC-3MAY19-5000-P,67.74,0.006,1.2,1,1556634923994,18474781,341
2019-04-30 14:35:23.996,1.4,buy,5262.65,BTC-3MAY19-5000-P,67.74,0.006,1.4,1,1556634923996,18474782,342
2019-04-30 14:35:24.004,1.4,buy,5262.65,BTC-3MAY19-5000-P,67.74,0.006,1.4,1,1556634924004,18474783,343
2019-04-30 14:35:24.010,5.3,buy,5262.65,BTC-3MAY19-5000-P,67.74,0.006,5.3,1,1556634924010,18474784,344
2019-04-30 14:35:24.047,0.4,sell,5262.65,BTC-3MAY19-5000-P,67.74,0.006,0.4,1,1556634924047,18474785,345
2019-04-30 14:35:24.876,1.3,sell,5263.26,BTC-3MAY19-5000-P,67.83,0.006,1.3,1,1556634924876,18474787,346
2019-04-30 14:35:24.876,4.8,sell,5263.26,BTC-3MAY19-5000-P,67.83,0.006,4.8,1,1556634924876,18474788,347
2019-04-30 14:35:24.876,2.3000000000000003,sell,5263.26,BTC-3MAY19-5000-P,67.83,0.006,2.3000000000000003,1,1556634924876,18474789,348
2019-04-30 14:35:24.876,0.3,sell,5263.26,BTC-3MAY19-5000-P,67.83,0.006,0.3,1,1556634924876,18474790,349
2019-04-30 14:35:24.876,1.2,sell,5263.26,BTC-3MAY19-5000-P,67.83,0.006,1.2,1,1556634924876,18474791,350
2019-04-30 14:35:24.876,4.4,sell,5263.26,BTC-3MAY19-5000-P,67.83,0.006,4.4,1,1556634924876,18474792,351
2019-04-30 16:30:42.502,1.0,sell,5238.55,BTC-3MAY19-5000-P,60.47,0.005,1.0,2,1556641842502,18479546,352
2019-04-30 20:05:47.469,1.0,buy,5230.62,BTC-3MAY19-5000-P,65.47,0.006,1.0,0,1556654747469,18482949,353
2019-04-30 20:54:48.159,1.5,sell,5234.3,BTC-3MAY19-5000-P,59.61,0.0045,1.5,2,1556657688159,18483618,354
2019-04-30 22:28:01.522,3.0,sell,5273.2,BTC-3MAY19-5000-P,63.97,0.004,3.0,3,1556663281522,18486239,356
2019-04-30 22:28:01.522,0.1,sell,5273.2,BTC-3MAY19-5000-P,63.97,0.004,0.1,2,1556663281522,18486238,355
2019-05-01 00:24:27.860,0.1,sell,5310.09,BTC-3MAY19-5000-P,67.81,0.0035,0.1,2,1556670267860,18491199,357
2019-05-01 06:17:20.148,3.0,sell,5313.49,BTC-3MAY19-5000-P,61.57,0.002,3.0,2,1556691440148,18498948,358
2019-05-01 12:41:54.503,25.0,buy,5290.64,BTC-3MAY19-5000-P,73.56,0.0035,25.0,0,1556714514503,18507285,359
2019-05-01 12:41:54.503,0.1,buy,5290.64,BTC-3MAY19-5000-P,73.56,0.0035,0.1,1,1556714514503,18507286,360
2019-05-01 12:41:54.503,5.0,buy,5290.64,BTC-3MAY19-5000-P,73.56,0.0035,5.0,1,1556714514503,18507287,361
2019-05-01 12:41:54.503,10.0,buy,5290.64,BTC-3MAY19-5000-P,73.56,0.0035,10.0,1,1556714514503,18507288,362
2019-05-01 12:52:33.919,10.0,sell,5291.16,BTC-3MAY19-5000-P,70.36,0.003,10.0,2,1556715153919,18507587,363
2019-05-01 14:24:37.041,1.0,sell,5295.9,BTC-3MAY19-5000-P,64.57,0.002,1.0,2,1556720677041,18508672,364
2019-05-01 17:57:56.151,7.0,sell,5346.6,BTC-3MAY19-5000-P,75.71,0.002,7.0,3,1556733476151,18514382,365
2019-05-02 00:02:31.439,0.1,sell,5330.86,BTC-3MAY19-5000-P,74.31,0.0015,0.1,2,1556755351439,18525741,366
2019-05-02 00:52:08.205,2.0,sell,5316.47,BTC-3MAY19-5000-P,66.37,0.001,2.0,2,1556758328205,18526857,367
2019-05-02 00:52:08.205,5.0,sell,5316.47,BTC-3MAY19-5000-P,66.37,0.001,5.0,3,1556758328205,18526858,368
2019-05-02 04:52:26.644,0.2,buy,5317.77,BTC-3MAY19-5000-P,71.32,0.001,0.2,3,1556772746644,18532519,369
2019-05-02 10:21:51.554,0.3,sell,5357.34,BTC-3MAY19-5000-P,87.4,0.001,0.3,3,1556792511554,18545729,370
2019-05-02 10:32:36.166,0.2,sell,5359.61,BTC-3MAY19-5000-P,88.2,0.001,0.2,3,1556793156166,18545832,371
2019-05-02 15:12:32.168,1.0,buy,5409.4,BTC-3MAY19-5000-P,110.2,0.001,1.0,3,1556809952168,18557513,372
2019-05-02 16:03:56.002,0.5,buy,5411.06,BTC-3MAY19-5000-P,113.46,0.001,0.5,3,1556813036002,18559981,373
2019-05-02 19:40:19.875,0.1,sell,5409.16,BTC-3MAY19-5000-P,112.77,0.0005,0.1,2,1556826019875,18567015,374
2019-05-02 19:40:19.875,0.8,sell,5409.16,BTC-3MAY19-5000-P,112.77,0.0005,0.8,3,1556826019875,18567016,375
2019-05-02 19:40:19.875,3.0,sell,5409.16,BTC-3MAY19-5000-P,112.77,0.0005,3.0,3,1556826019875,18567017,376
2019-05-02 19:40:19.875,0.5,sell,5409.16,BTC-3MAY19-5000-P,112.77,0.0005,0.5,3,1556826019875,18567018,377
2019-05-03 03:10:27.206,0.1,buy,5464.66,BTC-3MAY19-5000-P,199.49,0.0005,0.1,3,1556853027206,18592443,378
