date_utc,amount,direction,indexPrice,instrument,iv,price,quantity,tickDirection,timeStamp,tradeId,tradeSeq
2019-02-14 10:11:53.363,0.5,sell,3564.51,BTC-22FEB19-3625-C,49.33,0.0215,0.5,1,1550139113363,15360007,1
2019-02-14 10:29:25.517,5.4,buy,3557.9,BTC-22FEB19-3625-C,50.65,0.0215,5.4,1,1550140165517,15361576,2
2019-02-14 10:52:00.189,0.6,buy,3564.31,BTC-22FEB19-3625-C,49.45,0.0215,0.6,1,1550141520189,15362020,3
2019-02-14 11:50:04.783,2.0,buy,3556.51,BTC-22FEB19-3625-C,51.1,0.0215,2.0,1,1550145004783,15366042,4
2019-02-14 12:38:40.020,0.5,buy,3561.81,BTC-22FEB19-3625-C,51.05,0.022,0.5,0,1550147920020,15367618,5
2019-02-14 12:44:24.236,0.5,sell,3560.94,BTC-22FEB19-3625-C,47.73,0.02,0.5,2,1550148264236,15367717,6
2019-02-14 12:49:51.682,0.5,sell,3559.75,BTC-22FEB19-3625-C,47.97,0.02,0.5,3,1550148591682,15367768,7
2019-02-14 14:19:13.520,2.5,buy,3559.8,BTC-22FEB19-3625-C,49.03,0.0205,2.5,0,1550153953520,15368662,8
2019-02-14 18:27:43.981,1.0,sell,3574.96,BTC-22FEB19-3625-C,49.21,0.022,1.0,0,1550168863981,15372605,9
2019-02-14 18:28:14.644,1.0,sell,3574.93,BTC-22FEB19-3625-C,49.22,0.022,1.0,1,1550168894644,15372613,10
2019-02-14 21:50:06.148,0.5,buy,3569.43,BTC-22FEB19-3625-C,49.91,0.0215,0.5,2,1550181006148,15374658,11
2019-02-14 23:08:01.346,10.0,sell,3563.28,BTC-22FEB19-3625-C,50.45,0.021,10.0,2,1550185681346,15375391,12
2019-02-14 23:08:04.807,10.0,sell,3563.28,BTC-22FEB19-3625-C,50.45,0.021,10.0,3,1550185684807,15375392,13
2019-02-14 23:08:26.225,1.7,buy,3563.28,BTC-22FEB19-3625-C,47.74,0.0195,1.7,2,1550185706225,15375404,14
2019-02-15 00:34:25.428,0.5,sell,3567.46,BTC-22FEB19-3625-C,46.19,0.019,0.5,2,1550190865428,15376685,15
2019-02-15 01:43:50.001,0.5,sell,3568.79,BTC-22FEB19-3625-C,46.07,0.019,0.5,3,1550195030001,15377093,16
2019-02-15 03:11:21.708,6.0,buy,3575.36,BTC-22FEB19-3625-C,46.73,0.02,6.0,0,1550200281708,15377662,17
2019-02-15 03:15:35.109,0.4,buy,3575.73,BTC-22FEB19-3625-C,47.57,0.0205,0.4,0,1550200535109,15377732,18
2019-02-15 03:15:46.129,3.1,buy,3575.69,BTC-22FEB19-3625-C,49.39,0.0215,3.1,0,1550200546129,15377735,19
2019-02-15 03:38:24.493,5.0,buy,3573.67,BTC-22FEB19-3625-C,48.05,0.0205,5.0,2,1550201904493,15377893,20
2019-02-15 03:38:32.529,1.6,buy,3573.67,BTC-22FEB19-3625-C,48.05,0.0205,1.6,3,1550201912529,15377894,21
2019-02-15 04:20:21.721,0.1,buy,3580.22,BTC-22FEB19-3625-C,47.68,0.021,0.1,0,1550204421721,15378994,22
2019-02-15 04:21:43.642,3.3000000000000003,buy,3582.91,BTC-22FEB19-3625-C,47.12,0.021,3.3000000000000003,1,1550204503642,15379117,23
2019-02-15 05:57:36.309,0.1,sell,3577.54,BTC-22FEB19-3625-C,47.57,0.0205,0.1,2,1550210256309,15380647,24
2019-02-15 05:57:36.309,4.9,sell,3577.54,BTC-22FEB19-3625-C,47.57,0.0205,4.9,3,1550210256309,15380648,25
2019-02-15 06:30:55.407,1.0,buy,3583.24,BTC-22FEB19-3625-C,47.34,0.021,1.0,0,1550212255407,15381114,26
2019-02-15 07:40:20.254,6.0,buy,3573.79,BTC-22FEB19-3625-C,51.35,0.022,6.0,0,1550216420254,15382141,27
2019-02-15 08:03:03.886,2.0,buy,3576.87,BTC-22FEB19-3625-C,52.59,0.023,2.0,0,1550217783886,15382426,28
2019-02-15 08:05:29.357,1.0,sell,3578.41,BTC-22FEB19-3625-C,51.35,0.0225,1.0,2,1550217929357,15382489,29
2019-02-15 08:06:52.991,6.0,sell,3579.42,BTC-22FEB19-3625-C,52.05,0.023,6.0,0,1550218012991,15382505,30
2019-02-15 08:07:28.238,2.5,sell,3579.84,BTC-22FEB19-3625-C,51.96,0.023,2.5,1,1550218048238,15382525,31
2019-02-15 08:10:41.945,0.1,buy,3579.55,BTC-22FEB19-3625-C,52.95,0.0235,0.1,0,1550218241945,15382667,32
2019-02-15 08:25:20.677,5.7,sell,3578.85,BTC-22FEB19-3625-C,49.47,0.0215,5.7,2,1550219120677,15382829,33
2019-02-15 10:36:19.991,0.5,buy,3577.0,BTC-22FEB19-3625-C,47.42,0.02,0.5,2,1550226979991,15384157,34
2019-02-15 10:52:35.157,25.0,buy,3580.84,BTC-22FEB19-3625-C,46.64,0.02,25.0,3,1550227955157,15384324,35
2019-02-15 10:52:55.409,2.5,buy,3581.87,BTC-22FEB19-3625-C,46.42,0.02,2.5,3,1550227975409,15384357,36
2019-02-15 11:50:51.045,0.5,sell,3573.79,BTC-22FEB19-3625-C,45.49,0.0185,0.5,2,1550231451045,15386622,37
2019-02-15 13:23:34.943,6.0,sell,3577.44,BTC-22FEB19-3625-C,45.86,0.019,6.0,0,1550237014943,15387508,38
2019-02-15 13:28:49.588,5.8,sell,3581.63,BTC-22FEB19-3625-C,44.97,0.019,5.8,1,1550237329588,15387569,39
2019-02-15 13:44:20.823,0.2,buy,3581.65,BTC-22FEB19-3625-C,45.94,0.0195,0.2,0,1550238260823,15387688,40
2019-02-15 13:51:54.155,0.3,sell,3583.38,BTC-22FEB19-3625-C,44.65,0.019,0.3,2,1550238714155,15387730,41
2019-02-15 13:51:54.155,3.9,sell,3583.38,BTC-22FEB19-3625-C,44.65,0.019,3.9,3,1550238714155,15387731,42
2019-02-15 13:52:16.161,4.0,sell,3583.71,BTC-22FEB19-3625-C,44.57,0.019,4.0,3,1550238736161,15387732,43
2019-02-15 14:10:16.825,5.5,sell,3589.04,BTC-22FEB19-3625-C,44.38,0.0195,5.5,1,1550239816825,15388476,46
2019-02-15 14:10:16.825,10.0,sell,3589.04,BTC-22FEB19-3625-C,44.38,0.0195,10.0,1,1550239816825,15388475,45
2019-02-15 14:10:16.825,2.2,sell,3589.04,BTC-22FEB19-3625-C,44.38,0.0195,2.2,0,1550239816825,15388474,44
2019-02-15 14:11:00.151,5.4,sell,3590.24,BTC-22FEB19-3625-C,44.11,0.0195,5.4,1,1550239860151,15388506,47
2019-02-15 14:14:05.016,4.4,buy,3590.5,BTC-22FEB19-3625-C,45.92,0.0205,4.4,0,1550240045016,15388613,48
2019-02-15 14:14:05.016,0.5,buy,3590.5,BTC-22FEB19-3625-C,45.92,0.0205,0.5,1,1550240045016,15388614,49
2019-02-15 14:18:05.531,0.5,buy,3599.94,BTC-22FEB19-3625-C,44.73,0.021,0.5,0,1550240285531,15388947,50
2019-02-15 14:18:05.531,0.5,buy,3599.94,BTC-22FEB19-3625-C,44.73,0.021,0.5,1,1550240285531,15388948,51
2019-02-15 14:18:05.531,0.5,buy,3599.94,BTC-22FEB19-3625-C,44.73,0.021,0.5,1,1550240285531,15388949,52
2019-02-15 14:18:18.752,1.0,buy,3606.99,BTC-22FEB19-3625-C,44.02,0.0215,1.0,0,1550240298752,15389276,53
2019-02-15 14:22:52.372,0.2,sell,3576.86,BTC-22FEB19-3625-C,47.06,0.0195,0.2,2,1550240572372,15391799,54
2019-02-15 14:22:58.622,5.8,sell,3570.46,BTC-22FEB19-3625-C,48.43,0.0195,5.8,3,1550240578622,15391919,55
2019-02-15 14:45:31.601,1.0,sell,3565.93,BTC-22FEB19-3625-C,44.71,0.017,1.0,2,1550241931601,15395727,56
2019-02-15 16:12:48.552,7.2,sell,3556.77,BTC-22FEB19-3625-C,44.87,0.016,7.2,2,1550247168552,15399948,57
2019-02-15 18:59:03.380,0.1,sell,3567.71,BTC-22FEB19-3625-C,44.93,0.017,0.1,0,1550257143380,15401168,58
2019-02-15 19:03:32.284,1.0,sell,3568.61,BTC-22FEB19-3625-C,43.79,0.0165,1.0,2,1550257412284,15401198,59
2019-02-15 19:41:52.578,2.9,buy,3564.43,BTC-22FEB19-3625-C,46.69,0.0175,2.9,0,1550259712578,15401682,60
2019-02-15 19:43:08.740,3.0,buy,3565.35,BTC-22FEB19-3625-C,47.46,0.018,3.0,0,1550259788740,15401714,61
2019-02-15 20:00:55.727,2.2,buy,3564.92,BTC-22FEB19-3625-C,47.6,0.018,2.2,1,1550260855727,15401901,62
2019-02-15 20:19:42.163,1.0,sell,3569.57,BTC-22FEB19-3625-C,46.66,0.018,1.0,1,1550261982163,15402136,63
2019-02-15 20:49:37.934,1.5,sell,3566.74,BTC-22FEB19-3625-C,44.43,0.0165,1.5,2,1550263777934,15402284,64
2019-02-15 20:49:37.934,1.2,sell,3566.74,BTC-22FEB19-3625-C,44.43,0.0165,1.2,3,1550263777934,15402285,65
2019-02-15 20:49:37.934,6.8,sell,3566.74,BTC-22FEB19-3625-C,44.43,0.0165,6.8,3,1550263777934,15402286,66
2019-02-15 20:50:44.553,6.8,sell,3565.94,BTC-22FEB19-3625-C,44.6,0.0165,6.8,3,1550263844553,15402293,67
2019-02-15 21:12:03.490,0.3,sell,3567.69,BTC-22FEB19-3625-C,44.28,0.0165,0.3,3,1550265123490,15402380,68
2019-02-15 21:41:11.420,0.5,sell,3566.28,BTC-22FEB19-3625-C,44.65,0.0165,0.5,3,1550266871420,15402426,69
2019-02-15 21:41:11.420,0.5,sell,3566.28,BTC-22FEB19-3625-C,44.65,0.0165,0.5,3,1550266871420,15402427,70
2019-02-16 02:01:04.952,0.6,buy,3575.64,BTC-22FEB19-3625-C,48.15,0.019,0.6,0,1550282464952,15404644,71
2019-02-16 02:27:08.628,6.1000000000000005,buy,3573.6,BTC-22FEB19-3625-C,52.58,0.021,6.1000000000000005,1,1550284028628,15404876,74
2019-02-16 02:27:08.628,1.1,buy,3573.6,BTC-22FEB19-3625-C,52.58,0.021,1.1,1,1550284028628,15404875,73
2019-02-16 02:27:08.628,2.7,buy,3573.6,BTC-22FEB19-3625-C,52.58,0.021,2.7,0,1550284028628,15404874,72
2019-02-16 02:27:21.609,3.0,buy,3573.57,BTC-22FEB19-3625-C,53.56,0.0215,3.0,0,1550284041609,15404884,75
2019-02-16 02:27:26.813,6.1000000000000005,sell,3573.64,BTC-22FEB19-3625-C,53.54,0.0215,6.1000000000000005,1,1550284046813,15404885,76
2019-02-16 02:28:09.484,3.0,buy,3573.6,BTC-22FEB19-3625-C,54.53,0.022,3.0,0,1550284089484,15404893,77
2019-02-16 02:28:09.484,6.1000000000000005,buy,3573.6,BTC-22FEB19-3625-C,54.53,0.022,6.1000000000000005,1,1550284089484,15404894,78
2019-02-16 08:45:15.796,0.2,sell,3587.67,BTC-22FEB19-3625-C,50.46,0.021,0.2,2,1550306715796,15410686,79
2019-02-16 11:50:53.881,0.5,sell,3588.57,BTC-22FEB19-3625-C,51.8,0.0215,0.5,0,1550317853881,15412072,80
2019-02-16 11:52:39.487,0.5,sell,3588.57,BTC-22FEB19-3625-C,51.8,0.0215,0.5,1,1550317959487,15412098,81
2019-02-16 12:00:02.324,0.5,sell,3589.63,BTC-22FEB19-3625-C,50.57,0.021,0.5,2,1550318402324,15412149,82
2019-02-16 13:54:25.031,1.5,sell,3599.07,BTC-22FEB19-3625-C,49.61,0.0215,1.5,0,1550325265031,15416906,83
2019-02-16 14:04:04.141,0.2,buy,3599.56,BTC-22FEB19-3625-C,50.52,0.022,0.2,0,1550325844141,15417309,84
2019-02-16 14:20:49.855,4.2,buy,3598.77,BTC-22FEB19-3625-C,52.78,0.023,4.2,0,1550326849855,15417611,86
2019-02-16 14:20:49.855,0.2,buy,3598.77,BTC-22FEB19-3625-C,51.78,0.0225,0.2,0,1550326849855,15417610,85
2019-02-16 14:23:43.728,0.8,sell,3596.49,BTC-22FEB19-3625-C,50.34,0.0215,0.8,2,1550327023728,15417679,87
2019-02-16 14:43:34.507,0.2,buy,3601.23,BTC-22FEB19-3625-C,49.23,0.0215,0.2,3,1550328214507,15418080,88
2019-02-16 15:14:32.509,0.8,sell,3597.27,BTC-22FEB19-3625-C,50.3,0.0215,0.8,3,1550330072509,15419483,89
2019-02-16 15:33:38.972,0.7000000000000001,sell,3597.89,BTC-22FEB19-3625-C,49.2,0.021,0.7000000000000001,2,1550331218972,15419916,90
2019-02-16 18:10:38.769,1.0,sell,3592.26,BTC-22FEB19-3625-C,51.08,0.021,1.0,3,1550340638769,15422017,91
2019-02-16 18:24:22.434,0.5,sell,3593.02,BTC-22FEB19-3625-C,48.89,0.02,0.5,2,1550341462434,15422060,92
2019-02-16 22:06:05.810,1.0,buy,3593.45,BTC-22FEB19-3625-C,52.58,0.0215,1.0,0,1550354765810,15423146,93
2019-02-17 00:37:39.194,1.4000000000000001,sell,3586.25,BTC-22FEB19-3625-C,47.56,0.018,1.4000000000000001,2,1550363859194,15425554,94
2019-02-17 00:37:39.194,0.1,sell,3586.25,BTC-22FEB19-3625-C,47.56,0.018,0.1,3,1550363859194,15425555,95
2019-02-17 00:38:34.414,2.7,buy,3586.48,BTC-22FEB19-3625-C,47.51,0.018,2.7,3,1550363914414,15425580,96
2019-02-17 00:42:33.420,1.0,sell,3587.84,BTC-22FEB19-3625-C,46.13,0.0175,1.0,2,1550364153420,15425626,97
2019-02-17 03:41:32.107,1.1,sell,3589.07,BTC-22FEB19-3625-C,46.38,0.0175,1.1,3,1550374892107,15427193,98
2019-02-17 04:06:50.635,1.2,sell,3587.87,BTC-22FEB19-3625-C,46.75,0.0175,1.2,3,1550376410635,15427293,100
2019-02-17 04:06:50.635,0.8,sell,3587.87,BTC-22FEB19-3625-C,46.75,0.0175,0.8,3,1550376410635,15427292,99
2019-02-17 04:13:39.277,1.0,buy,3586.96,BTC-22FEB19-3625-C,47.0,0.0175,1.0,3,1550376819277,15427319,101
2019-02-17 04:53:27.735,1.0,sell,3593.54,BTC-22FEB19-3625-C,47.6,0.0185,1.0,0,1550379207735,15427666,102
2019-02-17 04:53:43.645,0.9,sell,3593.69,BTC-22FEB19-3625-C,47.57,0.0185,0.9,1,1550379223645,15427668,103
2019-02-17 04:58:15.403,0.1,buy,3596.56,BTC-22FEB19-3625-C,46.84,0.0185,0.1,1,1550379495403,15427784,104
2019-02-17 04:58:15.403,1.0,buy,3596.56,BTC-22FEB19-3625-C,46.84,0.0185,1.0,1,1550379495403,15427785,105
2019-02-17 04:58:15.403,1.0,buy,3596.56,BTC-22FEB19-3625-C,46.84,0.0185,1.0,1,1550379495403,15427786,106
2019-02-17 06:21:01.571,0.1,buy,3592.15,BTC-22FEB19-3625-C,49.32,0.019,0.1,0,1550384461571,15428565,107
2019-02-17 08:02:27.300,0.1,buy,3599.87,BTC-22FEB19-3625-C,50.87,0.0205,0.1,0,1550390547300,15429135,108
2019-02-17 10:26:17.295,0.2,buy,3621.6,BTC-22FEB19-3625-C,48.59,0.022,0.2,0,1550399177295,15431277,109
2019-02-17 10:26:45.403,0.2,buy,3629.61,BTC-22FEB19-3625-C,49.5,0.0235,0.2,0,1550399205403,15431822,110
2019-02-17 10:26:45.403,1.0,buy,3629.61,BTC-22FEB19-3625-C,49.5,0.0235,1.0,1,1550399205403,15431823,111
2019-02-17 10:26:45.403,4.0,buy,3629.61,BTC-22FEB19-3625-C,49.5,0.0235,4.0,1,1550399205403,15431824,112
2019-02-17 10:27:05.192,0.2,buy,3636.39,BTC-22FEB19-3625-C,49.64,0.0245,0.2,0,1550399225192,15432499,113
2019-02-17 10:27:23.490,3.3000000000000003,sell,3645.76,BTC-22FEB19-3625-C,50.01,0.026,3.3000000000000003,0,1550399243490,15432916,114
2019-02-17 10:27:30.122,3.3000000000000003,sell,3646.89,BTC-22FEB19-3625-C,49.65,0.026,3.3000000000000003,1,1550399250122,15433085,115
2019-02-17 10:28:14.903,2.9,buy,3662.6,BTC-22FEB19-3625-C,51.15,0.029,2.9,0,1550399294903,15434097,116
2019-02-17 10:28:30.051,3.1,sell,3655.46,BTC-22FEB19-3625-C,50.19,0.0275,3.1,2,1550399310051,15434448,117
2019-02-17 10:45:35.527,0.3,buy,3581.56,BTC-22FEB19-3625-C,50.77,0.018,0.3,2,1550400335527,15439824,118
2019-02-17 13:00:52.636,0.2,sell,3563.78,BTC-22FEB19-3625-C,52.34,0.0165,0.2,2,1550408452636,15446360,119
2019-02-17 13:00:52.636,0.3,sell,3563.78,BTC-22FEB19-3625-C,50.07,0.0155,0.3,2,1550408452636,15446361,120
2019-02-17 13:00:52.636,0.5,sell,3563.78,BTC-22FEB19-3625-C,48.94,0.015,0.5,2,1550408452636,15446362,121
2019-02-17 13:05:12.125,2.3000000000000003,buy,3563.88,BTC-22FEB19-3625-C,50.06,0.0155,2.3000000000000003,0,1550408712125,15446520,122
2019-02-17 13:07:05.978,0.1,buy,3563.77,BTC-22FEB19-3625-C,51.23,0.016,0.1,0,1550408825978,15446607,123
2019-02-17 13:07:42.932,0.2,sell,3557.34,BTC-22FEB19-3625-C,51.64,0.0155,0.2,2,1550408862932,15446790,124
2019-02-17 13:08:16.294,0.1,sell,3557.9,BTC-22FEB19-3625-C,49.22,0.0145,0.1,2,1550408896294,15446972,125
2019-02-17 13:08:16.294,2.9,sell,3557.9,BTC-22FEB19-3625-C,48.07,0.014,2.9,2,1550408896294,15446973,126
2019-02-17 13:08:35.872,6.0,sell,3558.66,BTC-22FEB19-3625-C,47.9,0.014,6.0,3,1550408915872,15447026,127
2019-02-17 13:11:19.627,0.1,buy,3559.43,BTC-22FEB19-3625-C,50.01,0.015,0.1,0,1550409079627,15447237,128
2019-02-17 13:45:54.602,1.0,sell,3569.92,BTC-22FEB19-3625-C,48.74,0.0155,1.0,0,1550411154602,15447948,129
2019-02-17 13:48:13.081,0.1,buy,3567.53,BTC-22FEB19-3625-C,50.47,0.016,0.1,0,1550411293081,15448045,130
2019-02-17 13:48:13.081,0.9,buy,3567.53,BTC-22FEB19-3625-C,51.6,0.0165,0.9,0,1550411293081,15448046,131
2019-02-17 20:05:47.093,0.2,sell,3574.28,BTC-22FEB19-3625-C,46.72,0.0145,0.2,2,1550433947093,15452198,132
2019-02-17 21:11:27.638,0.1,buy,3577.42,BTC-22FEB19-3625-C,49.65,0.016,0.1,0,1550437887638,15452824,133
2019-02-17 23:04:55.655,0.1,buy,3603.69,BTC-22FEB19-3625-C,52.16,0.02,0.1,0,1550444695655,15456393,134
2019-02-17 23:35:43.135,1.7,buy,3622.97,BTC-22FEB19-3625-C,51.15,0.022,1.7,0,1550446543135,15458508,135
2019-02-17 23:35:43.135,0.3,buy,3622.97,BTC-22FEB19-3625-C,51.15,0.022,0.3,1,1550446543135,15458509,136
2019-02-17 23:47:36.994,0.2,buy,3640.22,BTC-22FEB19-3625-C,50.32,0.024,0.2,0,1550447256994,15460421,137
2019-02-17 23:48:19.737,0.3,sell,3634.1,BTC-22FEB19-3625-C,52.3,0.024,0.3,1,1550447299737,15460532,138
2019-02-17 23:48:29.646,3.5,buy,3634.1,BTC-22FEB19-3625-C,52.3,0.024,3.5,1,1550447309646,15460573,140
2019-02-17 23:48:29.646,0.3,buy,3634.1,BTC-22FEB19-3625-C,52.3,0.024,0.3,1,1550447309646,15460572,139
2019-02-17 23:49:02.332,0.1,sell,3629.25,BTC-22FEB19-3625-C,48.09,0.0215,0.1,2,1550447342332,15460720,141
2019-02-18 00:56:45.044,1.0,buy,3645.47,BTC-22FEB19-3625-C,51.18,0.025,1.0,0,1550451405044,15465739,142
2019-02-18 01:04:59.935,0.2,buy,3664.99,BTC-22FEB19-3625-C,51.44,0.028,0.2,0,1550451899935,15468134,143
2019-02-18 01:07:26.880,0.1,buy,3678.06,BTC-22FEB19-3625-C,51.36,0.03,0.1,0,1550452046880,15468830,144
2019-02-18 01:07:26.880,0.2,buy,3678.06,BTC-22FEB19-3625-C,51.36,0.03,0.2,1,1550452046880,15468831,145
2019-02-18 01:07:32.813,0.2,buy,3688.35,BTC-22FEB19-3625-C,52.2,0.032,0.2,0,1550452052813,15469127,146
2019-02-18 01:07:59.950,0.1,buy,3717.65,BTC-22FEB19-3625-C,60.06,0.04,0.1,0,1550452079950,15470242,147
2019-02-18 01:08:10.944,1.5,sell,3726.31,BTC-22FEB19-3625-C,60.16,0.0415,1.5,0,1550452090944,15470581,148
2019-02-18 02:01:26.395,0.1,buy,3643.94,BTC-22FEB19-3625-C,51.96,0.025,0.1,2,1550455286395,15481303,149
2019-02-18 02:01:26.395,0.4,buy,3643.94,BTC-22FEB19-3625-C,51.96,0.025,0.4,3,1550455286395,15481304,150
2019-02-18 03:05:59.951,0.6,buy,3682.17,BTC-22FEB19-3625-C,55.14,0.032,0.6,0,1550459159951,15485457,151
2019-02-18 03:55:42.528,5.0,sell,3686.93,BTC-22FEB19-3625-C,48.53,0.03,5.0,2,1550462142528,15489028,152
2019-02-18 04:03:02.254,5.0,sell,3688.8,BTC-22FEB19-3625-C,47.79,0.03,5.0,3,1550462582254,15489282,153
2019-02-18 04:31:43.945,1.0,buy,3671.34,BTC-22FEB19-3625-C,54.8,0.03,1.0,3,1550464303945,15490913,154
2019-02-18 04:46:16.114,0.5,sell,3675.12,BTC-22FEB19-3625-C,52.2,0.0295,0.5,2,1550465176114,15491479,155
2019-02-18 05:04:23.856,0.5,sell,3668.34,BTC-22FEB19-3625-C,51.21,0.028,0.5,2,1550466263856,15492032,156
2019-02-18 05:12:51.042,1.0,sell,3659.57,BTC-22FEB19-3625-C,48.46,0.0255,1.0,2,1550466771042,15492580,157
2019-02-18 06:02:53.124,1.0,buy,3678.61,BTC-22FEB19-3625-C,51.18,0.0295,1.0,0,1550469773124,15493951,158
2019-02-18 07:08:24.765,1.8,buy,3708.17,BTC-22FEB19-3625-C,58.22,0.037,1.8,0,1550473704765,15497889,159
2019-02-18 07:08:24.765,4.2,buy,3708.17,BTC-22FEB19-3625-C,60.8,0.038,4.2,0,1550473704765,15497890,160
2019-02-18 07:29:31.595,2.1,buy,3692.37,BTC-22FEB19-3625-C,54.77,0.033,2.1,2,1550474971595,15502795,161
2019-02-18 08:09:36.979,1.0,sell,3691.21,BTC-22FEB19-3625-C,51.62,0.0315,1.0,2,1550477376979,15504866,162
2019-02-18 08:30:54.715,1.9000000000000001,buy,3700.08,BTC-22FEB19-3625-C,58.23,0.0355,1.9000000000000001,0,1550478654715,15505530,163
2019-02-18 08:32:03.026,1.9000000000000001,sell,3699.4,BTC-22FEB19-3625-C,58.52,0.0355,1.9000000000000001,1,1550478723026,15505622,164
2019-02-18 08:34:22.452,0.2,buy,3700.41,BTC-22FEB19-3625-C,59.39,0.036,0.2,0,1550478862452,15505667,165
2019-02-18 08:37:17.851,0.2,sell,3698.74,BTC-22FEB19-3625-C,58.82,0.0355,0.2,2,1550479037851,15505737,166
2019-02-18 10:23:11.556,0.1,sell,3699.33,BTC-22FEB19-3625-C,49.97,0.032,0.1,2,1550485391556,15509557,167
2019-02-18 12:32:04.155,0.1,sell,3706.67,BTC-22FEB19-3625-C,51.2,0.0335,0.1,0,1550493124155,15515904,168
2019-02-18 13:20:06.382,5.3,buy,3737.24,BTC-22FEB19-3625-C,51.52,0.039,5.3,0,1550496006382,15522038,169
2019-02-18 13:20:07.349,1.3,buy,3739.03,BTC-22FEB19-3625-C,50.53,0.039,1.3,1,1550496007349,15522056,170
2019-02-18 13:20:13.507,5.0,buy,3740.2,BTC-22FEB19-3625-C,49.87,0.039,5.0,1,1550496013507,15522080,171
2019-02-18 13:20:18.548,3.4,buy,3739.58,BTC-22FEB19-3625-C,50.22,0.039,3.4,1,1550496018548,15522113,172
2019-02-18 13:22:33.255,5.0,buy,3760.49,BTC-22FEB19-3625-C,53.51,0.044,5.0,0,1550496153255,15523228,173
2019-02-18 13:51:15.066,0.9,buy,3804.16,BTC-22FEB19-3625-C,63.98,0.0555,0.9,0,1550497875066,15532925,174
2019-02-18 13:51:15.066,0.1,buy,3804.16,BTC-22FEB19-3625-C,65.63,0.056,0.1,0,1550497875066,15532926,175
2019-02-18 13:51:15.089,1.0,sell,3804.16,BTC-22FEB19-3625-C,65.63,0.056,1.0,1,1550497875089,15532927,176
2019-02-18 14:44:53.735,3.0,sell,3795.99,BTC-22FEB19-3625-C,52.35,0.0505,3.0,2,1550501093735,15542902,177
2019-02-18 14:45:01.188,0.1,sell,3793.86,BTC-22FEB19-3625-C,50.22,0.0495,0.1,2,1550501101188,15542928,178
2019-02-18 16:32:02.276,0.7000000000000001,buy,3886.47,BTC-22FEB19-3625-C,74.36,0.074,0.7000000000000001,0,1550507522276,15555160,179
2019-02-18 16:44:14.489,0.1,sell,3868.83,BTC-22FEB19-3625-C,72.26,0.07,0.1,2,1550508254489,15559916,180
2019-02-18 16:44:14.582,0.6,sell,3868.83,BTC-22FEB19-3625-C,72.26,0.07,0.6,3,1550508254582,15559922,181
2019-02-18 16:44:35.077,5.0,buy,3855.36,BTC-22FEB19-3625-C,62.89,0.065,5.0,2,1550508275077,15560707,182
2019-02-18 16:46:12.253,1.0,sell,3865.01,BTC-22FEB19-3625-C,50.76,0.0645,1.0,2,1550508372253,15562169,183
2019-02-18 17:53:04.849,5.0,sell,3852.52,BTC-22FEB19-3625-C,65.66,0.065,5.0,0,1550512384849,15570857,184
2019-02-18 17:53:04.849,13.0,sell,3852.52,BTC-22FEB19-3625-C,63.61,0.0645,13.0,2,1550512384849,15570858,185
2019-02-18 18:56:08.423,0.1,buy,3882.06,BTC-22FEB19-3625-C,63.94,0.0705,0.1,0,1550516168423,15574173,186
2019-02-18 19:13:44.661,0.1,sell,3874.01,BTC-22FEB19-3625-C,69.13,0.07,0.1,2,1550517224661,15574772,187
2019-02-18 19:13:44.661,0.1,sell,3874.01,BTC-22FEB19-3625-C,60.0,0.068,0.1,2,1550517224661,15574773,188
2019-02-18 19:13:44.661,0.1,sell,3874.01,BTC-22FEB19-3625-C,57.45,0.0675,0.1,2,1550517224661,15574774,189
2019-02-18 19:13:44.661,0.4,sell,3874.01,BTC-22FEB19-3625-C,54.73,0.067,0.4,2,1550517224661,15574775,190
2019-02-18 19:54:23.157,2.5,sell,3873.84,BTC-22FEB19-3625-C,73.69,0.071,2.5,0,1550519663157,15577153,191
2019-02-18 19:54:40.892,2.5,sell,3873.95,BTC-22FEB19-3625-C,73.61,0.071,2.5,1,1550519680892,15577159,192
2019-02-18 22:17:09.271,0.1,buy,3858.44,BTC-22FEB19-3625-C,78.59,0.069,0.1,2,1550528229271,15583622,193
2019-02-18 22:17:13.541,0.1,sell,3858.28,BTC-22FEB19-3625-C,78.7,0.069,0.1,3,1550528233541,15583624,194
2019-02-18 22:17:33.033,3.8000000000000003,sell,3857.39,BTC-22FEB19-3625-C,79.34,0.069,3.8000000000000003,3,1550528253033,15583747,195
2019-02-19 00:15:56.724,0.2,buy,3892.29,BTC-22FEB19-3625-C,87.54,0.0775,0.2,0,1550535356724,15588972,197
2019-02-19 00:15:56.724,0.8,buy,3892.29,BTC-22FEB19-3625-C,85.56,0.077,0.8,0,1550535356724,15588971,196
2019-02-19 00:19:32.943,0.6,buy,3901.96,BTC-22FEB19-3625-C,88.23,0.0795,0.6,0,1550535572943,15589436,198
2019-02-19 00:19:32.943,0.4,buy,3901.96,BTC-22FEB19-3625-C,92.17,0.0805,0.4,0,1550535572943,15589437,199
2019-02-19 00:38:40.211,1.0,buy,3937.82,BTC-22FEB19-3625-C,97.47,0.0885,1.0,0,1550536720211,15592373,200
2019-02-19 00:55:34.214,1.7,sell,3929.3,BTC-22FEB19-3625-C,73.12,0.0815,1.7,2,1550537734214,15596701,201
2019-02-19 00:55:34.214,0.6,sell,3929.3,BTC-22FEB19-3625-C,73.12,0.0815,0.6,3,1550537734214,15596702,202
2019-02-19 00:55:34.223,7.4,buy,3929.3,BTC-22FEB19-3625-C,73.12,0.0815,7.4,3,1550537734223,15596703,203
2019-02-19 00:55:34.313,0.1,buy,3929.3,BTC-22FEB19-3625-C,73.12,0.0815,0.1,3,1550537734313,15596704,204
2019-02-19 00:55:34.314,0.2,buy,3929.3,BTC-22FEB19-3625-C,73.12,0.0815,0.2,3,1550537734314,15596706,205
2019-02-19 13:18:03.305,5.0,sell,3905.51,BTC-22FEB19-3625-C,70.06,0.075,5.0,2,1550582283305,15624947,206
2019-02-19 14:54:12.361,0.1,buy,3940.57,BTC-22FEB19-3625-C,95.57,0.0865,0.1,0,1550588052361,15645744,207
2019-02-19 14:54:12.361,0.4,buy,3940.57,BTC-22FEB19-3625-C,98.08,0.087,0.4,0,1550588052361,15645745,208
2019-02-19 14:54:12.363,2.5,sell,3940.57,BTC-22FEB19-3625-C,98.08,0.087,2.5,1,1550588052363,15645746,209
2019-02-19 21:54:59.147,5.0,sell,3874.55,BTC-22FEB19-3625-C,85.51,0.0705,5.0,2,1550613299147,15664425,210
2019-02-20 00:34:51.312,5.1000000000000005,sell,3872.96,BTC-22FEB19-3625-C,86.59,0.07,5.1000000000000005,2,1550622891312,15671135,211
2019-02-20 00:34:52.544,3.4,sell,3872.96,BTC-22FEB19-3625-C,86.59,0.07,3.4,3,1550622892544,15671136,212
2019-02-20 00:34:53.757,2.8000000000000003,sell,3872.96,BTC-22FEB19-3625-C,86.59,0.07,2.8000000000000003,3,1550622893757,15671138,213
2019-02-20 00:35:01.344,10.700000000000001,sell,3871.5,BTC-22FEB19-3625-C,88.07,0.07,10.700000000000001,3,1550622901344,15671147,214
2019-02-20 00:35:43.925,5.3,sell,3870.19,BTC-22FEB19-3625-C,89.38,0.07,5.3,3,1550622943925,15671171,215
2019-02-20 00:36:43.023,7.7,sell,3867.32,BTC-22FEB19-3625-C,92.14,0.07,7.7,3,1550623003023,15671206,216
2019-02-20 00:36:51.773,5.5,sell,3866.51,BTC-22FEB19-3625-C,92.89,0.07,5.5,3,1550623011773,15671223,217
2019-02-20 00:36:52.067,2.6,sell,3866.51,BTC-22FEB19-3625-C,92.89,0.07,2.6,3,1550623012067,15671225,218
2019-02-20 19:59:29.879,5.0,buy,3924.03,BTC-22FEB19-3625-C,72.3,0.077,5.0,0,1550692769879,15709562,219
2019-02-20 19:59:34.028,1.1,buy,3924.03,BTC-22FEB19-3625-C,72.31,0.077,1.1,1,1550692774028,15709565,220
