date_utc,amount,direction,indexPrice,instrument,iv,price,quantity,tickDirection,timeStamp,tradeId,tradeSeq
2019-04-10 18:33:41.640,0.1,buy,5422.95,BTC-31MAY19-6250-C,61.53,0.04,0.1,1,1554921221640,17614450,1
2019-04-11 15:22:46.165,50.0,sell,5061.82,BTC-31MAY19-6250-C,62.53,0.025,50.0,2,1554996166165,17704477,2
2019-04-11 23:10:14.093,0.1,sell,5047.7,BTC-31MAY19-6250-C,62.28,0.024,0.1,2,1555024214093,17721610,3
2019-04-12 01:44:48.991,0.9,sell,4928.41,BTC-31MAY19-6250-C,66.46,0.024,0.9,3,1555033488991,17730552,4
2019-04-12 08:26:16.402,0.3,sell,5024.53,BTC-31MAY19-6250-C,62.36,0.023,0.3,2,1555057576402,17742173,5
2019-04-12 08:42:34.437,0.2,sell,5006.85,BTC-31MAY19-6250-C,62.98,0.023,0.2,3,1555058554437,17742728,6
2019-04-12 08:48:30.574,0.2,sell,5017.23,BTC-31MAY19-6250-C,62.62,0.023,0.2,3,1555058910574,17742884,7
2019-04-12 09:31:05.426,0.3,sell,5020.91,BTC-31MAY19-6250-C,62.51,0.023,0.3,3,1555061465426,17743444,8
2019-04-12 15:18:12.659,4.9,buy,5069.48,BTC-31MAY19-6250-C,60.02,0.022000000000000002,4.9,2,1555082292659,17751084,9
2019-04-12 21:39:25.662,1.0,buy,5058.29,BTC-31MAY19-6250-C,62.51,0.024,1.0,0,1555105165662,17760915,10
2019-04-14 19:34:53.806,2.0,sell,5089.64,BTC-31MAY19-6250-C,58.16,0.0195,2.0,2,1555270493806,17801029,11
2019-04-14 22:15:33.651,2.0,buy,5170.93,BTC-31MAY19-6250-C,55.93,0.02,2.0,0,1555280133651,17804805,12
2019-04-14 22:17:26.894,0.2,sell,5171.26,BTC-31MAY19-6250-C,56.92,0.021,0.2,0,1555280246894,17805210,13
2019-04-14 22:32:39.959,3.0,buy,5174.02,BTC-31MAY19-6250-C,57.33,0.0215,3.0,0,1555281159959,17807023,14
2019-04-15 13:15:28.454,1.0,sell,5145.25,BTC-31MAY19-6250-C,57.21,0.02,1.0,2,1555334128454,17819000,15
2019-04-17 22:04:01.768,0.1,buy,5235.29,BTC-31MAY19-6250-C,56.54,0.021,0.1,0,1555538641768,17909255,16
2019-04-18 09:10:16.050,0.1,sell,5227.2,BTC-31MAY19-6250-C,56.62,0.0205,0.1,2,1555578616050,17920572,17
2019-04-18 12:26:09.523,0.1,sell,5245.25,BTC-31MAY19-6250-C,55.03,0.0195,0.1,2,1555590369523,17922135,18
2019-04-18 19:17:50.439,2.0,buy,5281.23,BTC-31MAY19-6250-C,56.94,0.0225,2.0,0,1555615070439,17931241,19
2019-04-19 01:48:36.546,0.5,sell,5210.21,BTC-31MAY19-6250-C,56.66,0.0195,0.5,2,1555638516546,17941027,20
2019-04-19 16:30:09.327,2.0,sell,5321.71,BTC-31MAY19-6250-C,52.48,0.019,2.0,2,1555691409327,17958612,21
2019-04-20 21:39:47.094,1.0,sell,5275.75,BTC-31MAY19-6250-C,54.96,0.019,1.0,3,1555796387094,17990158,22
2019-04-20 21:39:47.094,1.0,sell,5275.75,BTC-31MAY19-6250-C,54.96,0.019,1.0,3,1555796387094,17990159,23
2019-04-21 15:43:17.640,2.0,buy,5272.6,BTC-31MAY19-6250-C,55.6,0.019,2.0,3,1555861397640,18016482,24
2019-04-22 20:08:52.479,6.1000000000000005,buy,5373.96,BTC-31MAY19-6250-C,55.2,0.0215,6.1000000000000005,1,1555963732479,18067060,26
2019-04-22 20:08:52.479,12.8,buy,5373.96,BTC-31MAY19-6250-C,55.2,0.0215,12.8,0,1555963732479,18067059,25
2019-04-22 22:40:26.068,5.0,buy,5390.08,BTC-31MAY19-6250-C,55.66,0.0225,5.0,0,1555972826068,18070672,27
2019-04-22 22:40:26.068,12.8,buy,5390.08,BTC-31MAY19-6250-C,55.66,0.0225,12.8,1,1555972826068,18070673,28
2019-04-23 04:26:14.577,0.6,buy,5634.92,BTC-31MAY19-6250-C,55.07,0.0325,0.6,0,1555993574577,18086486,29
2019-04-23 05:03:14.604,0.5,sell,5509.74,BTC-31MAY19-6250-C,53.04,0.0245,0.5,2,1555995794604,18096152,30
2019-04-23 05:03:14.604,9.5,sell,5509.74,BTC-31MAY19-6250-C,53.04,0.0245,9.5,3,1555995794604,18096153,31
2019-04-23 05:14:43.223,3.0,buy,5521.93,BTC-31MAY19-6250-C,55.37,0.0275,3.0,0,1555996483223,18096561,32
2019-04-23 05:35:02.715,10.0,buy,5527.96,BTC-31MAY19-6250-C,56.52,0.029,10.0,0,1555997702715,18096958,33
2019-04-23 05:41:22.231,0.3,buy,5533.95,BTC-31MAY19-6250-C,56.27,0.029,0.3,1,1555998082231,18097121,34
2019-04-23 07:20:04.300,2.0,buy,5534.3,BTC-31MAY19-6250-C,58.13,0.031,2.0,0,1556004004300,18100418,35
2019-04-23 07:20:04.300,0.5,buy,5534.3,BTC-31MAY19-6250-C,58.13,0.031,0.5,1,1556004004300,18100419,36
2019-04-23 10:49:36.113,10.0,buy,5548.94,BTC-31MAY19-6250-C,57.62,0.031,10.0,1,1556016576113,18106245,37
2019-04-23 10:49:37.536,5.0,buy,5550.04,BTC-31MAY19-6250-C,57.57,0.031,5.0,1,1556016577536,18106254,38
2019-04-23 13:23:02.493,10.0,buy,5570.35,BTC-31MAY19-6250-C,57.24,0.0315,10.0,0,1556025782493,18110034,39
2019-04-23 13:23:14.332,10.0,buy,5570.37,BTC-31MAY19-6250-C,57.24,0.0315,10.0,1,1556025794332,18110035,40
2019-04-23 13:23:15.853,1.7,buy,5570.37,BTC-31MAY19-6250-C,57.24,0.0315,1.7,1,1556025795853,18110036,41
2019-04-23 15:31:59.052,0.5,sell,5559.33,BTC-31MAY19-6250-C,58.68,0.0325,0.5,0,1556033519052,18114008,42
2019-04-23 17:43:38.754,1.0,sell,5605.13,BTC-31MAY19-6250-C,57.66,0.0335,1.0,0,1556041418754,18118285,43
2019-04-23 21:03:13.888,5.0,buy,5578.21,BTC-31MAY19-6250-C,57.59,0.032,5.0,2,1556053393888,18123709,44
2019-04-23 21:04:38.410,5.0,sell,5578.2,BTC-31MAY19-6250-C,57.15,0.0315,5.0,2,1556053478410,18123725,45
2019-04-23 21:05:21.031,10.0,sell,5577.95,BTC-31MAY19-6250-C,56.71,0.031,10.0,2,1556053521031,18123729,46
2019-04-23 21:05:21.031,5.0,sell,5577.95,BTC-31MAY19-6250-C,56.71,0.031,5.0,3,1556053521031,18123730,47
2019-04-23 22:29:00.775,5.0,sell,5526.37,BTC-31MAY19-6250-C,56.65,0.0285,5.0,2,1556058540775,18128764,48
2019-04-24 13:11:27.523,1.0,sell,5469.12,BTC-31MAY19-6250-C,58.58,0.0275,1.0,2,1556111487523,18177076,49
2019-04-24 13:44:49.517,10.0,sell,5457.14,BTC-31MAY19-6250-C,58.62,0.027000000000000003,10.0,2,1556113489517,18178071,50
2019-04-24 13:59:18.764,40.0,sell,5442.54,BTC-31MAY19-6250-C,58.26,0.026,40.0,3,1556114358764,18178516,52
2019-04-24 13:59:18.764,10.0,sell,5442.54,BTC-31MAY19-6250-C,58.26,0.026,10.0,2,1556114358764,18178515,51
2019-04-24 14:00:54.316,1.0,sell,5437.55,BTC-31MAY19-6250-C,57.98,0.0255,1.0,2,1556114454316,18178573,53
2019-04-24 17:25:53.321,1.0,buy,5439.04,BTC-31MAY19-6250-C,59.5,0.027000000000000003,1.0,0,1556126753321,18185084,55
2019-04-24 17:25:53.321,1.0,buy,5439.04,BTC-31MAY19-6250-C,59.01,0.0265,1.0,0,1556126753321,18185083,54
2019-04-24 17:54:13.199,10.0,buy,5428.77,BTC-31MAY19-6250-C,58.47,0.0255,10.0,2,1556128453199,18186253,56
2019-04-24 18:14:28.816,10.0,buy,5396.24,BTC-31MAY19-6250-C,58.82,0.0245,10.0,2,1556129668816,18188830,57
2019-04-24 22:28:19.045,0.1,sell,5440.5,BTC-31MAY19-6250-C,56.14,0.0235,0.1,2,1556144899045,18199041,58
2019-04-25 10:45:55.830,5.0,buy,5454.01,BTC-31MAY19-6250-C,57.49,0.025,5.0,0,1556189155830,18217366,59
2019-04-25 11:06:24.427,10.0,sell,5450.06,BTC-31MAY19-6250-C,57.16,0.0245,10.0,2,1556190384427,18218310,60
2019-04-25 18:19:57.185,1.0,sell,5497.64,BTC-31MAY19-6250-C,55.91,0.025,1.0,0,1556216397185,18227646,61
2019-04-25 22:00:33.172,10.0,buy,5379.33,BTC-31MAY19-6250-C,57.86,0.022,10.0,2,1556229633172,18237925,62
2019-04-25 22:12:56.492,1.0,sell,4997.64,BTC-31MAY19-6250-C,54.83,0.0085,1.0,2,1556230376492,18259240,63
2019-04-25 22:31:44.917,0.1,buy,5115.87,BTC-31MAY19-6250-C,64.44,0.0185,0.1,0,1556231504917,18272713,64
2019-04-25 22:54:16.507,5.0,sell,5126.16,BTC-31MAY19-6250-C,59.7,0.015,5.0,2,1556232856507,18279626,65
2019-04-25 22:54:41.858,2.0,buy,5128.04,BTC-31MAY19-6250-C,60.27,0.0155,2.0,0,1556232881858,18279704,66
2019-04-25 23:03:35.913,4.1,sell,5104.06,BTC-31MAY19-6250-C,60.54,0.015,4.1,2,1556233415913,18281216,67
2019-04-26 04:29:42.138,0.1,sell,5194.51,BTC-31MAY19-6250-C,57.93,0.0155,0.1,0,1556252982138,18310638,68
2019-04-26 05:21:01.463,6.0,sell,5192.52,BTC-31MAY19-6250-C,58.04,0.0155,6.0,1,1556256061463,18312634,69
2019-04-26 10:18:28.814,5.0,buy,5179.45,BTC-31MAY19-6250-C,59.34,0.016,5.0,0,1556273908814,18322882,70
2019-04-26 10:47:58.300,0.9,sell,5170.8,BTC-31MAY19-6250-C,58.42,0.015,0.9,2,1556275678300,18323239,71
2019-04-26 10:51:35.952,5.0,sell,5172.99,BTC-31MAY19-6250-C,57.69,0.0145,5.0,2,1556275895952,18323265,72
2019-04-26 10:53:27.185,10.0,sell,5173.42,BTC-31MAY19-6250-C,57.02,0.013999999999999999,10.0,2,1556276007185,18323283,73
2019-04-26 11:15:02.669,10.0,sell,5143.58,BTC-31MAY19-6250-C,56.82,0.013,10.0,2,1556277302669,18325214,74
2019-04-26 12:37:21.281,5.0,sell,5153.42,BTC-31MAY19-6250-C,59.79,0.0155,5.0,0,1556282241281,18328205,75
2019-04-26 13:26:54.690,1.4,buy,5166.45,BTC-31MAY19-6250-C,63.62,0.019,1.4,0,1556285214690,18329665,78
2019-04-26 13:26:54.690,0.4,buy,5166.45,BTC-31MAY19-6250-C,61.81,0.0175,0.4,0,1556285214690,18329663,76
2019-04-26 13:26:54.690,3.2,buy,5166.45,BTC-31MAY19-6250-C,61.81,0.0175,3.2,1,1556285214690,18329664,77
2019-04-26 17:45:33.300,1.0,sell,5112.64,BTC-31MAY19-6250-C,60.23,0.0145,1.0,2,1556300733300,18342604,79
2019-04-26 21:07:26.443,10.0,sell,5100.78,BTC-31MAY19-6250-C,59.45,0.0135,10.0,2,1556312846443,18348740,80
2019-04-26 21:11:51.822,5.0,sell,5100.19,BTC-31MAY19-6250-C,59.48,0.0135,5.0,3,1556313111822,18348773,81
2019-04-26 22:06:13.626,5.0,buy,5156.49,BTC-31MAY19-6250-C,58.05,0.014,5.0,0,1556316373626,18350601,82
2019-04-27 01:28:39.248,0.1,sell,5149.2,BTC-31MAY19-6250-C,57.78,0.0135,0.1,2,1556328519248,18355232,83
2019-04-27 17:30:24.069,0.4,sell,5175.69,BTC-31MAY19-6250-C,59.33,0.015,0.4,0,1556386224069,18367906,84
2019-04-27 17:30:26.004,0.4,buy,5175.74,BTC-31MAY19-6250-C,59.33,0.015,0.4,1,1556386226004,18367911,85
2019-04-28 09:11:24.280,3.0,sell,5184.77,BTC-31MAY19-6250-C,57.55,0.0135,3.0,2,1556442684280,18381993,86
2019-04-28 10:13:23.221,5.0,buy,5176.4,BTC-31MAY19-6250-C,59.26,0.0145,5.0,0,1556446403221,18382510,87
2019-04-28 14:04:35.908,0.5,buy,5171.86,BTC-31MAY19-6250-C,59.59,0.0145,0.5,1,1556460275908,18388308,88
2019-04-28 17:33:09.878,5.0,sell,5181.61,BTC-31MAY19-6250-C,57.98,0.0135,5.0,2,1556472789878,18391895,89
2019-04-28 19:32:35.504,6.8,buy,5128.4,BTC-31MAY19-6250-C,62.18,0.015,6.8,0,1556479955504,18397889,91
2019-04-28 19:32:35.504,3.7,buy,5128.4,BTC-31MAY19-6250-C,62.18,0.015,3.7,1,1556479955504,18397890,92
2019-04-28 19:32:35.504,4.5,buy,5128.4,BTC-31MAY19-6250-C,61.5,0.0145,4.5,0,1556479955504,18397888,90
2019-04-29 22:24:48.456,0.1,sell,5116.52,BTC-31MAY19-6250-C,63.07,0.0145,0.1,2,1556576688456,18439724,93
2019-04-30 18:34:36.690,0.3,sell,5241.17,BTC-31MAY19-6250-C,58.18,0.014,0.3,2,1556649276690,18481732,94
2019-04-30 21:49:30.390,5.0,buy,5253.52,BTC-31MAY19-6250-C,58.49,0.0145,5.0,0,1556660970390,18484355,95
2019-05-01 01:40:58.772,0.4,sell,5304.12,BTC-31MAY19-6250-C,59.19,0.0165,0.4,0,1556674858772,18493630,96
2019-05-01 04:09:30.767,2.0,sell,5324.03,BTC-31MAY19-6250-C,60.34,0.018000000000000002,2.0,0,1556683770767,18497377,97
2019-05-02 06:08:01.919,16.0,buy,5324.86,BTC-31MAY19-6250-C,60.78,0.0175,16.0,2,1556777281919,18533234,98
2019-05-02 06:08:01.919,1.0,buy,5324.86,BTC-31MAY19-6250-C,60.78,0.0175,1.0,3,1556777281919,18533235,99
2019-05-02 06:08:01.919,3.0,buy,5324.86,BTC-31MAY19-6250-C,60.78,0.0175,3.0,3,1556777281919,18533236,100
2019-05-02 09:38:49.720,16.0,sell,5346.86,BTC-31MAY19-6250-C,58.71,0.0165,16.0,2,1556789929720,18544682,101
2019-05-02 09:41:35.985,14.0,sell,5347.05,BTC-31MAY19-6250-C,58.05,0.016,14.0,2,1556790095985,18544784,102
2019-05-02 22:05:37.485,0.4,sell,5400.02,BTC-31MAY19-6250-C,59.44,0.0185,0.4,0,1556834737485,18572797,103
2019-05-03 04:55:33.839,0.4,sell,5489.37,BTC-31MAY19-6250-C,55.74,0.0185,0.4,1,1556859333839,18597290,104
2019-05-03 04:55:33.841,19.6,buy,5489.37,BTC-31MAY19-6250-C,55.74,0.0185,19.6,1,1556859333841,18597291,105
2019-05-03 09:29:44.947,0.5,buy,5710.64,BTC-31MAY19-6250-C,58.98,0.031,0.5,0,1556875784947,18643527,106
2019-05-03 09:29:44.949,0.5,sell,5710.64,BTC-31MAY19-6250-C,58.98,0.031,0.5,1,1556875784949,18643528,107
2019-05-03 09:41:36.852,10.0,sell,5740.33,BTC-31MAY19-6250-C,57.97,0.0315,10.0,0,1556876496852,18647356,108
2019-05-03 09:42:38.902,10.0,sell,5748.63,BTC-31MAY19-6250-C,58.05,0.032,10.0,0,1556876558902,18647920,109
2019-05-03 10:20:57.008,0.6,buy,5738.04,BTC-31MAY19-6250-C,59.12,0.0325,0.6,0,1556878857008,18660552,110
2019-05-03 10:59:54.659,2.0,sell,5675.4,BTC-31MAY19-6250-C,57.75,0.028,2.0,2,1556881194659,18666230,111
2019-05-03 11:45:50.720,0.4,buy,5714.23,BTC-31MAY19-6250-C,58.9,0.031,0.4,0,1556883950720,18672110,112
2019-05-03 17:08:48.994,2.0,sell,5677.23,BTC-31MAY19-6250-C,60.51,0.0305,2.0,2,1556903328994,18694936,113
2019-05-03 21:37:58.378,3.0,sell,5683.27,BTC-31MAY19-6250-C,58.86,0.029,3.0,2,1556919478378,18709627,114
2019-05-04 00:23:35.612,12.8,buy,5727.03,BTC-31MAY19-6250-C,56.75,0.029,12.8,3,1556929415612,18723360,115
2019-05-04 00:23:36.956,12.8,buy,5729.82,BTC-31MAY19-6250-C,56.61,0.029,12.8,3,1556929416956,18723635,116
2019-05-04 00:32:11.548,1.4,buy,5748.93,BTC-31MAY19-6250-C,55.63,0.029,1.4,3,1556929931548,18726594,117
2019-05-04 02:49:46.545,0.1,sell,5755.23,BTC-31MAY19-6250-C,58.45,0.032,0.1,0,1556938186545,18740251,118
2019-05-04 07:57:02.668,0.1,buy,5747.16,BTC-31MAY19-6250-C,57.58,0.0305,0.1,2,1556956622668,18755548,119
2019-05-04 08:58:46.816,12.8,sell,5729.14,BTC-31MAY19-6250-C,55.98,0.028,12.8,2,1556960326816,18756885,120
2019-05-04 08:58:46.816,50.0,sell,5729.14,BTC-31MAY19-6250-C,55.98,0.028,50.0,3,1556960326816,18756886,121
2019-05-04 16:14:18.883,0.1,buy,5568.67,BTC-31MAY19-6250-C,61.12,0.025,0.1,2,1556986458883,18786911,122
2019-05-04 18:04:44.615,12.8,sell,5586.36,BTC-31MAY19-6250-C,59.21,0.024,12.8,2,1556993084615,18789774,123
2019-05-04 18:04:44.649,7.2,sell,5586.36,BTC-31MAY19-6250-C,59.21,0.024,7.2,3,1556993084649,18789775,124
2019-05-04 20:50:20.081,0.4,sell,5657.58,BTC-31MAY19-6250-C,55.26,0.0235,0.4,2,1557003020081,18797778,125
2019-05-04 21:12:34.059,0.1,sell,5756.3,BTC-31MAY19-6250-C,56.14,0.029,0.1,0,1557004354059,18805966,126
2019-05-04 21:30:51.420,12.8,sell,5778.63,BTC-31MAY19-6250-C,60.59,0.0345,12.8,0,1557005451420,18813682,127
2019-05-04 21:31:59.616,1.0,sell,5767.8,BTC-31MAY19-6250-C,61.18,0.0345,1.0,1,1557005519616,18813874,128
2019-05-04 21:34:20.572,0.5,sell,5776.17,BTC-31MAY19-6250-C,60.73,0.0345,0.5,1,1557005660572,18814371,129
2019-05-04 21:35:33.534,10.0,sell,5773.91,BTC-31MAY19-6250-C,60.85,0.0345,10.0,1,1557005733534,18814458,130
2019-05-04 21:35:37.628,0.7000000000000001,sell,5773.33,BTC-31MAY19-6250-C,60.88,0.0345,0.7000000000000001,1,1557005737628,18814462,131
2019-05-06 15:29:31.128,7.1000000000000005,sell,5649.28,BTC-31MAY19-6250-C,62.18,0.0275,7.1000000000000005,3,1557156571128,18957094,133
2019-05-06 15:29:31.128,10.0,sell,5649.28,BTC-31MAY19-6250-C,62.18,0.0275,10.0,3,1557156571128,18957095,134
2019-05-06 15:29:31.128,4.0,sell,5649.28,BTC-31MAY19-6250-C,62.18,0.0275,4.0,2,1557156571128,18957093,132
2019-05-06 15:36:28.623,10.0,sell,5650.95,BTC-31MAY19-6250-C,61.54,0.027000000000000003,10.0,2,1557156988623,18957246,135
2019-05-06 15:36:28.623,4.0,sell,5650.95,BTC-31MAY19-6250-C,61.54,0.027000000000000003,4.0,3,1557156988623,18957247,136
2019-05-06 16:18:38.939,4.0,sell,5680.38,BTC-31MAY19-6250-C,62.24,0.029,4.0,0,1557159518939,18960013,137
2019-05-06 16:18:38.939,7.0,sell,5680.38,BTC-31MAY19-6250-C,62.24,0.029,7.0,1,1557159518939,18960014,138
2019-05-06 16:19:07.455,10.0,sell,5680.21,BTC-31MAY19-6250-C,61.7,0.0285,10.0,2,1557159547455,18960022,139
2019-05-06 17:06:55.241,0.1,buy,5722.68,BTC-31MAY19-6250-C,62.71,0.0315,0.1,0,1557162415241,18965217,140
2019-05-06 18:55:30.121,0.7000000000000001,sell,5733.4,BTC-31MAY19-6250-C,61.15,0.0305,0.7000000000000001,3,1557168930121,18971585,142
2019-05-06 18:55:30.121,19.3,sell,5733.4,BTC-31MAY19-6250-C,61.15,0.0305,19.3,2,1557168930121,18971584,141
2019-05-06 19:16:18.669,4.0,sell,5721.3,BTC-31MAY19-6250-C,60.74,0.0295,4.0,3,1557170178669,18973918,144
2019-05-06 19:16:18.669,6.0,sell,5721.3,BTC-31MAY19-6250-C,60.74,0.0295,6.0,3,1557170178669,18973919,145
2019-05-06 19:16:18.669,10.0,sell,5721.3,BTC-31MAY19-6250-C,60.74,0.0295,10.0,2,1557170178669,18973917,143
2019-05-06 20:35:49.234,6.0,buy,5700.21,BTC-31MAY19-6250-C,61.4,0.029,6.0,2,1557174949234,18980665,146
2019-05-07 01:06:51.745,0.1,buy,5770.41,BTC-31MAY19-6250-C,61.57,0.0325,0.1,0,1557191211745,18992689,147
2019-05-07 02:22:08.138,0.1,buy,5794.2,BTC-31MAY19-6250-C,61.35,0.0335,0.1,0,1557195728138,18996790,148
2019-05-07 07:29:42.134,1.0,sell,5866.48,BTC-31MAY19-6250-C,64.18,0.04,1.0,0,1557214182134,19032084,149
2019-05-07 07:32:19.868,1.0,sell,5855.0,BTC-31MAY19-6250-C,64.35,0.0395,1.0,2,1557214339868,19032308,150
2019-05-07 14:59:32.844,4.6000000000000005,sell,5830.79,BTC-31MAY19-6250-C,61.51,0.035,4.6000000000000005,2,1557241172844,19062753,152
2019-05-07 14:59:32.844,0.4,sell,5830.79,BTC-31MAY19-6250-C,62.03,0.0355,0.4,2,1557241172844,19062752,151
2019-05-07 17:53:34.934,0.7000000000000001,sell,5890.98,BTC-31MAY19-6250-C,65.34,0.042,0.7000000000000001,0,1557251614934,19069706,153
2019-05-09 01:15:35.422,11.0,buy,6057.1,BTC-31MAY19-6250-C,62.62,0.048,11.0,0,1557364535422,19210299,154
2019-05-09 05:41:49.063,0.3,buy,6048.15,BTC-31MAY19-6250-C,62.46,0.047,0.3,2,1557380509063,19223536,155
2019-05-09 06:02:20.728,0.2,buy,6044.71,BTC-31MAY19-6250-C,62.72,0.047,0.2,3,1557381740728,19224077,156
2019-05-09 08:42:35.500,0.2,buy,6062.69,BTC-31MAY19-6250-C,62.17,0.0475,0.2,0,1557391355500,19228676,157
2019-05-09 09:02:43.546,0.7000000000000001,sell,6035.66,BTC-31MAY19-6250-C,58.33,0.042,0.7000000000000001,2,1557392563546,19229507,158
2019-05-09 11:48:58.320,0.2,sell,6039.71,BTC-31MAY19-6250-C,58.22,0.042,0.2,3,1557402538320,19236586,159
2019-05-09 11:51:31.587,0.2,sell,6032.1,BTC-31MAY19-6250-C,61.85,0.045,0.2,0,1557402691587,19236685,160
2019-05-09 12:20:12.268,0.5,sell,6019.14,BTC-31MAY19-6250-C,59.62,0.042,0.5,2,1557404412268,19239038,161
2019-05-09 12:58:34.439,2.0,sell,6002.86,BTC-31MAY19-6250-C,57.6,0.039,2.0,2,1557406714439,19243112,162
2019-05-09 13:06:45.598,1.0,sell,5979.17,BTC-31MAY19-6250-C,60.2,0.04,1.0,0,1557407205598,19243824,163
2019-05-09 13:18:46.563,1.0,buy,5978.21,BTC-31MAY19-6250-C,60.8,0.0405,1.0,0,1557407926563,19246641,164
2019-05-09 15:29:08.489,0.3,buy,6011.26,BTC-31MAY19-6250-C,61.37,0.043,0.3,0,1557415748489,19251433,165
2019-05-09 16:18:00.350,0.5,sell,6011.36,BTC-31MAY19-6250-C,61.42,0.043,0.5,1,1557418680350,19252845,166
2019-05-09 17:42:22.688,1.0,buy,6052.95,BTC-31MAY19-6250-C,61.29,0.0455,1.0,0,1557423742688,19256160,167
2019-05-09 20:32:15.631,1.0,sell,6072.69,BTC-31MAY19-6250-C,57.49,0.043,1.0,2,1557433935631,19262366,168
2019-05-10 01:33:35.422,1.5,sell,6142.22,BTC-31MAY19-6250-C,59.6,0.0495,1.5,0,1557452015422,19285651,169
2019-05-10 02:00:08.695,0.2,buy,6177.27,BTC-31MAY19-6250-C,61.72,0.054000000000000006,0.2,0,1557453608695,19288695,172
2019-05-10 02:00:08.695,0.3,buy,6177.27,BTC-31MAY19-6250-C,61.2,0.0535,0.3,0,1557453608695,19288694,171
2019-05-10 02:00:08.695,0.5,buy,6177.27,BTC-31MAY19-6250-C,57.56,0.05,0.5,0,1557453608695,19288693,170
2019-05-10 02:45:02.412,1.0,buy,6241.59,BTC-31MAY19-6250-C,56.84,0.054000000000000006,1.0,1,1557456302412,19297635,173
2019-05-10 02:45:06.334,6.0,buy,6242.39,BTC-31MAY19-6250-C,56.78,0.054000000000000006,6.0,1,1557456306334,19297640,174
2019-05-10 02:45:11.179,3.3000000000000003,buy,6243.29,BTC-31MAY19-6250-C,56.71,0.054000000000000006,3.3000000000000003,1,1557456311179,19297671,175
2019-05-10 02:45:21.999,0.7000000000000001,buy,6247.44,BTC-31MAY19-6250-C,56.38,0.054000000000000006,0.7000000000000001,1,1557456321999,19297721,176
2019-05-10 02:45:24.615,0.5,buy,6248.29,BTC-31MAY19-6250-C,56.32,0.054000000000000006,0.5,1,1557456324615,19297743,177
2019-05-10 02:45:24.942,4.2,buy,6248.29,BTC-31MAY19-6250-C,56.32,0.054000000000000006,4.2,1,1557456324942,19297747,178
2019-05-10 02:45:25.348,4.3,buy,6248.29,BTC-31MAY19-6250-C,56.32,0.054000000000000006,4.3,1,1557456325348,19297751,179
2019-05-10 02:45:59.054,0.7000000000000001,sell,6249.4,BTC-31MAY19-6250-C,56.23,0.054000000000000006,0.7000000000000001,1,1557456359054,19297866,181
2019-05-10 02:45:59.054,0.3,sell,6249.4,BTC-31MAY19-6250-C,56.23,0.054000000000000006,0.3,1,1557456359054,19297865,180
2019-05-10 02:45:59.554,1.0,sell,6249.4,BTC-31MAY19-6250-C,56.23,0.054000000000000006,1.0,1,1557456359554,19297869,182
2019-05-10 03:19:45.463,1.0,sell,6292.46,BTC-31MAY19-6250-C,56.47,0.0575,1.0,0,1557458385463,19304998,183
2019-05-10 04:13:20.827,2.0,buy,6248.35,BTC-31MAY19-6250-C,61.61,0.059,2.0,0,1557461600827,19314015,184
2019-05-10 04:58:17.566,0.5,buy,6293.05,BTC-31MAY19-6250-C,59.13,0.06,0.5,0,1557464297566,19321007,185
2019-05-10 05:11:14.584,0.3,buy,6279.01,BTC-31MAY19-6250-C,61.33,0.061,0.3,0,1557465074584,19322798,186
2019-05-10 05:11:14.586,3.7,sell,6279.01,BTC-31MAY19-6250-C,61.33,0.061,3.7,1,1557465074586,19322799,187
2019-05-10 08:31:10.776,1.0,buy,6284.84,BTC-31MAY19-6250-C,63.17,0.063,1.0,0,1557477070776,19341468,188
2019-05-10 12:07:07.071,0.3,buy,6264.83,BTC-31MAY19-6250-C,60.79,0.059000000000000004,0.3,2,1557490027071,19352663,189
2019-05-10 15:04:34.136,3.0,sell,6241.1,BTC-31MAY19-6250-C,55.48,0.052000000000000005,3.0,2,1557500674136,19364385,190
2019-05-10 15:47:52.330,4.0,buy,6284.68,BTC-31MAY19-6250-C,58.34,0.057999999999999996,4.0,0,1557503272330,19366084,191
2019-05-10 15:52:26.328,0.6,buy,6282.44,BTC-31MAY19-6250-C,58.0,0.0575,0.6,2,1557503546328,19366241,192
2019-05-10 15:52:32.354,0.2,buy,6281.68,BTC-31MAY19-6250-C,58.06,0.0575,0.2,3,1557503552354,19366242,193
2019-05-10 15:52:39.160,1.4,buy,6281.68,BTC-31MAY19-6250-C,58.06,0.0575,1.4,3,1557503559160,19366243,194
2019-05-10 15:56:42.539,3.0,buy,6302.97,BTC-31MAY19-6250-C,58.43,0.0595,3.0,0,1557503802539,19367053,195
2019-05-10 16:13:57.472,0.6,buy,6344.63,BTC-31MAY19-6250-C,59.74,0.064,0.6,0,1557504837472,19370606,196
2019-05-10 16:40:59.255,10.0,buy,6378.85,BTC-31MAY19-6250-C,56.26,0.0635,10.0,2,1557506459255,19374606,197
2019-05-10 17:14:20.355,0.2,sell,6387.57,BTC-31MAY19-6250-C,58.76,0.0665,0.2,0,1557508460355,19383884,198
2019-05-10 20:11:01.283,0.1,buy,6354.89,BTC-31MAY19-6250-C,60.71,0.0655,0.1,2,1557519061283,19396206,199
2019-05-10 20:34:06.219,0.3,sell,6343.16,BTC-31MAY19-6250-C,59.59,0.0635,0.3,2,1557520446219,19397303,200
2019-05-10 20:43:00.456,0.4,sell,6292.86,BTC-31MAY19-6250-C,62.75,0.0625,0.4,2,1557520980456,19400676,201
2019-05-10 20:43:07.252,1.0,sell,6293.15,BTC-31MAY19-6250-C,62.73,0.0625,1.0,3,1557520987252,19400772,203
2019-05-10 20:43:07.252,0.6,sell,6293.15,BTC-31MAY19-6250-C,62.73,0.0625,0.6,3,1557520987252,19400771,202
2019-05-10 20:50:44.085,0.4,buy,6273.13,BTC-31MAY19-6250-C,62.78,0.061,0.4,2,1557521444085,19403045,204
2019-05-10 20:50:44.088,0.6,sell,6273.13,BTC-31MAY19-6250-C,62.78,0.061,0.6,3,1557521444088,19403046,205
2019-05-10 20:50:46.593,1.0,sell,6272.33,BTC-31MAY19-6250-C,62.84,0.061,1.0,3,1557521446593,19403077,206
2019-05-11 01:36:14.436,0.4,buy,6401.33,BTC-31MAY19-6250-C,58.02,0.0665,0.4,0,1557538574436,19420343,207
2019-05-11 01:36:23.587,0.6,buy,6401.45,BTC-31MAY19-6250-C,58.01,0.0665,0.6,1,1557538583587,19420352,208
2019-05-11 01:52:44.220,0.5,buy,6444.45,BTC-31MAY19-6250-C,57.92,0.07,0.5,0,1557539564220,19422844,209
2019-05-11 01:53:44.344,0.4,buy,6458.88,BTC-31MAY19-6250-C,61.57,0.0745,0.4,0,1557539624344,19423303,210
2019-05-11 02:56:11.236,1.0,buy,6499.89,BTC-31MAY19-6250-C,58.27,0.075,1.0,0,1557543371236,19431704,211
2019-05-11 03:39:25.706,0.1,buy,6540.19,BTC-31MAY19-6250-C,63.45,0.083,0.1,0,1557545965706,19438746,212
2019-05-11 03:40:16.208,0.4,buy,6552.45,BTC-31MAY19-6250-C,62.81,0.0835,0.4,0,1557546016208,19438869,213
2019-05-11 03:40:16.208,2.5,buy,6552.45,BTC-31MAY19-6250-C,63.39,0.084,2.5,0,1557546016208,19438870,214
2019-05-11 04:12:41.476,0.4,buy,6558.13,BTC-31MAY19-6250-C,61.12,0.0825,0.4,2,1557547961476,19443018,215
2019-05-11 04:13:42.072,0.2,buy,6560.09,BTC-31MAY19-6250-C,61.5,0.083,0.2,0,1557548022072,19443048,216
2019-05-11 04:47:13.181,0.4,buy,6662.06,BTC-31MAY19-6250-C,63.24,0.0935,0.4,0,1557550033181,19450651,217
2019-05-11 04:47:13.181,4.6000000000000005,buy,6662.06,BTC-31MAY19-6250-C,63.84,0.094,4.6000000000000005,0,1557550033181,19450652,218
2019-05-11 04:48:43.336,0.4,sell,6686.89,BTC-31MAY19-6250-C,59.23,0.0925,0.4,2,1557550123336,19452103,219
2019-05-11 04:54:50.139,0.4,sell,6685.12,BTC-31MAY19-6250-C,58.19,0.0915,0.4,2,1557550490139,19458152,220
2019-05-11 04:56:33.700,0.4,buy,6700.6,BTC-31MAY19-6250-C,55.73,0.091,0.4,2,1557550593700,19458878,221
2019-05-11 05:18:04.650,0.1,sell,6694.26,BTC-31MAY19-6250-C,55.88,0.0905,0.1,2,1557551884650,19465432,222
2019-05-11 06:23:35.113,1.0,buy,6895.45,BTC-31MAY19-6250-C,55.96,0.11,1.0,0,1557555815113,19492657,223
2019-05-11 06:23:41.008,1.0,buy,6906.27,BTC-31MAY19-6250-C,54.34,0.11,1.0,1,1557555821008,19492785,224
2019-05-11 06:25:52.564,1.0,sell,6920.54,BTC-31MAY19-6250-C,0.0,0.0135,1.0,2,1557555952564,19494904,225
2019-05-11 06:26:16.438,0.9,sell,6892.21,BTC-31MAY19-6250-C,0.0,0.0135,0.9,3,1557555976438,19495320,226
2019-05-11 06:26:16.440,0.1,buy,6892.21,BTC-31MAY19-6250-C,0.0,0.0005,0.1,2,1557555976440,19495321,227
2019-05-11 08:53:45.723,0.4,sell,6707.27,BTC-31MAY19-6250-C,62.77,0.09699999999999999,0.4,0,1557564825723,19538774,228
2019-05-11 08:54:33.717,0.9,buy,6714.47,BTC-31MAY19-6250-C,61.94,0.09699999999999999,0.9,1,1557564873717,19538864,229
2019-05-11 08:54:45.957,0.4,buy,6715.38,BTC-31MAY19-6250-C,61.83,0.09699999999999999,0.4,1,1557564885957,19538879,230
2019-05-11 08:54:50.625,1.0,buy,6715.37,BTC-31MAY19-6250-C,61.83,0.09699999999999999,1.0,1,1557564890625,19538881,231
2019-05-11 08:54:54.096,1.0,buy,6715.37,BTC-31MAY19-6250-C,61.83,0.09699999999999999,1.0,1,1557564894096,19538884,232
2019-05-11 08:58:17.009,1.0,buy,6686.4,BTC-31MAY19-6250-C,65.11,0.09699999999999999,1.0,1,1557565097009,19540327,233
2019-05-11 09:00:57.765,0.3,buy,6698.01,BTC-31MAY19-6250-C,63.82,0.09699999999999999,0.3,1,1557565257765,19540872,234
2019-05-11 09:49:31.848,1.0,sell,6791.67,BTC-31MAY19-6250-C,79.01,0.1175,1.0,0,1557568171848,19545848,235
2019-05-11 09:56:38.854,0.2,sell,6787.79,BTC-31MAY19-6250-C,40.81,0.08900000000000001,0.2,2,1557568598854,19546264,236
2019-05-11 09:57:59.186,0.2,buy,6776.22,BTC-31MAY19-6250-C,58.4,0.1,0.2,0,1557568679186,19546415,237
2019-05-11 11:19:44.696,0.5,sell,6798.28,BTC-31MAY19-6250-C,69.55,0.1105,0.5,0,1557573584696,19556108,238
2019-05-11 14:24:58.716,0.7000000000000001,sell,6792.86,BTC-31MAY19-6250-C,64.57,0.106,0.7000000000000001,2,1557584698716,19572550,239
2019-05-11 15:37:30.368,6.0,sell,6861.43,BTC-31MAY19-6250-C,67.51,0.1145,6.0,0,1557589050368,19583250,240
2019-05-11 15:37:30.370,19.0,buy,6861.43,BTC-31MAY19-6250-C,67.51,0.1145,19.0,1,1557589050370,19583251,241
2019-05-11 15:56:31.406,1.0,sell,6922.85,BTC-31MAY19-6250-C,78.2,0.128,1.0,0,1557590191406,19587752,242
2019-05-11 16:00:00.425,1.0,sell,6947.22,BTC-31MAY19-6250-C,78.66,0.1305,1.0,0,1557590400425,19589090,243
2019-05-11 16:11:10.744,1.0,sell,6961.41,BTC-31MAY19-6250-C,78.31,0.1315,1.0,0,1557591070744,19594112,244
2019-05-11 16:15:14.842,1.0,sell,6984.29,BTC-31MAY19-6250-C,78.25,0.1335,1.0,0,1557591314842,19596356,245
2019-05-11 16:19:12.669,1.0,sell,7013.84,BTC-31MAY19-6250-C,79.45,0.13699999999999998,1.0,0,1557591552669,19598710,246
2019-05-11 19:11:28.643,2.0,sell,6946.61,BTC-31MAY19-6250-C,74.2,0.127,2.0,2,1557601888643,19629987,247
2019-05-11 21:12:06.138,1.0,sell,6946.82,BTC-31MAY19-6250-C,73.64,0.1265,1.0,2,1557609126138,19639150,248
2019-05-11 21:47:49.496,0.1,buy,7025.32,BTC-31MAY19-6250-C,73.4,0.1335,0.1,0,1557611269496,19642071,249
2019-05-11 22:01:00.074,0.1,buy,7097.77,BTC-31MAY19-6250-C,76.17,0.142,0.1,0,1557612060074,19647570,250
2019-05-11 23:18:41.906,0.1,sell,7355.92,BTC-31MAY19-6250-C,71.07,0.163,0.1,0,1557616721906,19705009,251
2019-05-12 00:00:24.813,0.4,sell,7211.43,BTC-31MAY19-6250-C,97.02,0.166,0.4,0,1557619224813,19731575,252
2019-05-12 06:03:48.170,1.0,sell,7352.12,BTC-31MAY19-6250-C,86.57,0.171,1.0,0,1557641028170,19817968,253
2019-05-12 07:32:17.190,0.8,sell,7494.31,BTC-31MAY19-6250-C,91.98,0.1865,0.8,0,1557646337190,19836916,254
2019-05-12 08:34:26.557,0.2,buy,7368.61,BTC-31MAY19-6250-C,100.63,0.18100000000000002,0.2,2,1557650066557,19864707,255
2019-05-12 08:41:54.576,0.5,buy,7362.71,BTC-31MAY19-6250-C,99.85,0.18,0.5,2,1557650514576,19866667,256
