date_utc,amount,direction,indexPrice,instrument,iv,price,quantity,tickDirection,timeStamp,tradeId,tradeSeq
2019-03-01 15:29:53.944,1.0,sell,3815.58,BTC-15MAR19-3750-P,52.26,0.032,1.0,1,1551454193944,16151445,1
2019-03-01 15:43:37.158,5.0,sell,3817.12,BTC-15MAR19-3750-P,51.85,0.0315,5.0,2,1551455017158,16151555,2
2019-03-01 15:43:37.158,6.3,sell,3817.12,BTC-15MAR19-3750-P,51.85,0.0315,6.3,3,1551455017158,16151556,3
2019-03-01 18:27:14.660,2.0,sell,3835.17,BTC-15MAR19-3750-P,50.09,0.028,2.0,2,1551464834660,16155040,4
2019-03-01 18:32:09.235,2.0,sell,3830.81,BTC-15MAR19-3750-P,48.78,0.0275,2.0,2,1551465129235,16155163,5
2019-03-01 19:31:41.361,5.0,sell,3832.01,BTC-15MAR19-3750-P,48.35,0.027000000000000003,5.0,2,1551468701361,16155510,6
2019-03-02 09:41:03.661,0.1,buy,3799.07,BTC-15MAR19-3750-P,50.43,0.0315,0.1,0,1551519663661,16173043,7
2019-03-02 09:42:03.906,0.1,sell,3799.03,BTC-15MAR19-3750-P,51.1,0.032,0.1,0,1551519723906,16173050,8
2019-03-02 09:42:37.138,5.0,buy,3798.67,BTC-15MAR19-3750-P,51.72,0.0325,5.0,0,1551519757138,16173053,9
2019-03-02 09:44:43.331,0.8,sell,3797.86,BTC-15MAR19-3750-P,50.91,0.032,0.8,2,1551519883331,16173073,10
2019-03-03 01:37:29.760,0.1,sell,3813.59,BTC-15MAR19-3750-P,47.87,0.027000000000000003,0.1,2,1551577049760,16183915,11
2019-03-03 13:45:52.932,0.2,buy,3794.96,BTC-15MAR19-3750-P,50.04,0.03,0.2,0,1551620752932,16190159,12
2019-03-03 13:45:56.504,0.2,buy,3793.02,BTC-15MAR19-3750-P,49.71,0.03,0.2,1,1551620756504,16190186,13
2019-03-03 13:45:58.894,3.6,buy,3789.58,BTC-15MAR19-3750-P,49.11,0.03,3.6,1,1551620758894,16190223,14
2019-03-03 16:03:54.444,5.1000000000000005,buy,3775.19,BTC-15MAR19-3750-P,50.3,0.0325,5.1000000000000005,0,1551629034444,16195046,15
2019-03-03 16:04:05.560,3.6,buy,3774.73,BTC-15MAR19-3750-P,50.21,0.0325,3.6,1,1551629045560,16195122,16
2019-03-04 07:35:01.595,0.8,buy,3729.92,BTC-15MAR19-3750-P,55.06,0.041,0.8,0,1551684901595,16221753,17
2019-03-04 12:26:50.713,3.4,buy,3702.85,BTC-15MAR19-3750-P,51.78,0.0425,3.4,0,1551702410713,16234986,18
2019-03-04 12:26:50.713,0.2,buy,3702.85,BTC-15MAR19-3750-P,51.78,0.0425,0.2,1,1551702410713,16234987,19
2019-03-04 20:45:11.244,3.3000000000000003,sell,3708.88,BTC-15MAR19-3750-P,50.31,0.04,3.3000000000000003,3,1551732311244,16243432,21
2019-03-04 20:45:11.244,3.5,sell,3708.88,BTC-15MAR19-3750-P,50.31,0.04,3.5,2,1551732311244,16243431,20
2019-03-05 09:13:49.610,3.8,buy,3727.04,BTC-15MAR19-3750-P,50.46,0.0365,3.8,2,1551777229610,16253233,22
2019-03-05 09:14:17.771,1.2,buy,3726.79,BTC-15MAR19-3750-P,50.41,0.0365,1.2,3,1551777257771,16253241,23
2019-03-05 16:52:22.176,2.9,buy,3846.33,BTC-15MAR19-3750-P,56.52,0.025,2.9,0,1551804742176,16289005,25
2019-03-05 16:52:22.176,7.1000000000000005,buy,3846.33,BTC-15MAR19-3750-P,54.89,0.024,7.1000000000000005,2,1551804742176,16289004,24
2019-03-05 17:33:03.073,7.5,sell,3835.86,BTC-15MAR19-3750-P,51.58,0.023,7.5,2,1551807183073,16291584,26
2019-03-05 18:28:46.422,0.2,buy,3837.76,BTC-15MAR19-3750-P,53.63,0.024,0.2,0,1551810526422,16292798,27
2019-03-05 18:30:02.628,0.2,buy,3837.75,BTC-15MAR19-3750-P,53.63,0.024,0.2,1,1551810602628,16292807,28
2019-03-05 18:30:26.555,1.5,buy,3838.74,BTC-15MAR19-3750-P,54.61,0.0245,1.5,0,1551810626555,16292812,29
2019-03-06 00:02:22.081,0.1,buy,3845.07,BTC-15MAR19-3750-P,53.89,0.023,0.1,2,1551830542081,16297666,30
2019-03-06 00:02:22.081,0.9,buy,3845.07,BTC-15MAR19-3750-P,53.89,0.023,0.9,3,1551830542081,16297667,31
2019-03-06 09:40:46.877,7.9,sell,3840.78,BTC-15MAR19-3750-P,52.65,0.022000000000000002,7.9,2,1551865246877,16310037,32
2019-03-06 12:00:52.039,2.0,sell,3851.76,BTC-15MAR19-3750-P,48.79,0.0185,2.0,2,1551873652039,16318132,33
2019-03-06 12:51:47.043,0.8,sell,3853.03,BTC-15MAR19-3750-P,49.1,0.0185,0.8,3,1551876707043,16319255,35
2019-03-06 12:51:47.043,1.2,sell,3853.03,BTC-15MAR19-3750-P,49.1,0.0185,1.2,3,1551876707043,16319254,34
2019-03-07 03:02:54.179,0.1,sell,3867.55,BTC-15MAR19-3750-P,50.53,0.017,0.1,2,1551927774179,16336057,36
2019-03-07 03:02:57.281,0.1,sell,3867.54,BTC-15MAR19-3750-P,50.53,0.017,0.1,3,1551927777281,16336058,37
2019-03-07 04:22:12.049,4.0,sell,3889.93,BTC-15MAR19-3750-P,46.64,0.013000000000000001,4.0,2,1551932532049,16338740,38
2019-03-07 08:18:09.702,0.1,buy,3853.84,BTC-15MAR19-3750-P,46.13,0.0155,0.1,0,1551946689702,16344711,39
2019-03-07 10:26:50.599,2.0,sell,3835.63,BTC-15MAR19-3750-P,46.01,0.017,2.0,0,1551954410599,16348322,40
2019-03-07 10:28:56.348,1.0,sell,3835.83,BTC-15MAR19-3750-P,46.96,0.0175,1.0,0,1551954536348,16348336,41
2019-03-07 11:09:21.601,0.1,sell,3846.13,BTC-15MAR19-3750-P,47.02,0.0165,0.1,2,1551956961601,16349035,42
2019-03-07 12:38:20.431,0.2,sell,3858.55,BTC-15MAR19-3750-P,49.34,0.0165,0.2,3,1551962300431,16350294,43
2019-03-07 12:41:21.428,0.2,sell,3859.76,BTC-15MAR19-3750-P,49.55,0.0165,0.2,3,1551962481428,16350366,44
2019-03-07 12:41:26.424,0.2,sell,3859.87,BTC-15MAR19-3750-P,49.57,0.0165,0.2,3,1551962486424,16350369,45
2019-03-07 12:45:23.620,0.3,sell,3860.72,BTC-15MAR19-3750-P,49.73,0.0165,0.3,3,1551962723620,16350445,46
2019-03-07 16:04:53.737,2.0,sell,3870.02,BTC-15MAR19-3750-P,43.95,0.0125,2.0,2,1551974693737,16358492,47
2019-03-07 17:57:59.569,0.2,sell,3857.32,BTC-15MAR19-3750-P,43.09,0.013000000000000001,0.2,0,1551981479569,16360690,48
2019-03-07 17:57:59.569,2.8000000000000003,sell,3857.32,BTC-15MAR19-3750-P,43.09,0.013000000000000001,2.8000000000000003,1,1551981479569,16360691,49
2019-03-07 18:58:02.624,0.1,buy,3867.11,BTC-15MAR19-3750-P,45.82,0.0135,0.1,0,1551985082624,16361276,50
2019-03-07 19:01:59.565,0.1,sell,3867.41,BTC-15MAR19-3750-P,43.89,0.0125,0.1,2,1551985319565,16361308,51
2019-03-08 00:07:21.419,1.0,sell,3857.59,BTC-15MAR19-3750-P,43.89,0.013,1.0,0,1552003641419,16364319,52
2019-03-08 01:17:40.597,1.0,sell,3868.2,BTC-15MAR19-3750-P,45.81,0.013,1.0,1,1552007860597,16365668,53
2019-03-08 01:28:34.937,5.8,buy,3865.21,BTC-15MAR19-3750-P,46.34,0.0135,5.8,0,1552008514937,16365776,54
2019-03-08 02:44:53.830,3.0,sell,3861.76,BTC-15MAR19-3750-P,44.92,0.013,3.0,2,1552013093830,16366471,55
2019-03-08 03:07:42.644,0.2,buy,3859.98,BTC-15MAR19-3750-P,46.68,0.014,0.2,0,1552014462644,16366581,56
2019-03-08 03:07:42.644,1.8,buy,3859.98,BTC-15MAR19-3750-P,46.68,0.014,1.8,1,1552014462644,16366582,57
2019-03-08 03:44:57.593,1.0,sell,3855.62,BTC-15MAR19-3750-P,46.01,0.014,1.0,1,1552016697593,16366797,58
2019-03-08 03:45:37.013,6.3,buy,3855.96,BTC-15MAR19-3750-P,47.06,0.0145,6.3,1,1552016737013,16366804,60
2019-03-08 03:45:37.013,2.7,buy,3855.96,BTC-15MAR19-3750-P,47.06,0.0145,2.7,0,1552016737013,16366803,59
2019-03-08 04:38:50.000,6.0,buy,3869.1,BTC-15MAR19-3750-P,48.44,0.013999999999999999,6.0,2,1552019930000,16367542,61
2019-03-08 05:42:56.251,10.0,sell,3871.27,BTC-15MAR19-3750-P,46.92,0.013000000000000001,10.0,2,1552023776251,16367990,62
2019-03-08 05:42:56.260,4.0,sell,3871.27,BTC-15MAR19-3750-P,46.92,0.013,4.0,3,1552023776260,16368003,63
2019-03-08 05:47:51.800,4.0,sell,3876.64,BTC-15MAR19-3750-P,46.78,0.0125,4.0,3,1552024071800,16368259,66
2019-03-08 05:47:51.800,3.0,sell,3876.64,BTC-15MAR19-3750-P,46.78,0.0125,3.0,3,1552024071800,16368258,65
2019-03-08 05:47:51.800,0.1,sell,3876.64,BTC-15MAR19-3750-P,46.78,0.0125,0.1,2,1552024071800,16368257,64
2019-03-08 06:42:26.388,0.1,sell,3895.15,BTC-15MAR19-3750-P,43.37,0.0095,0.1,2,1552027346388,16373741,67
2019-03-08 07:21:56.979,1.0,buy,3866.46,BTC-15MAR19-3750-P,45.3,0.0125,1.0,0,1552029716979,16376568,68
2019-03-08 08:25:51.534,0.3,buy,3869.82,BTC-15MAR19-3750-P,42.86,0.011,0.3,2,1552033551534,16378429,69
2019-03-08 09:06:04.903,0.5,sell,3863.21,BTC-15MAR19-3750-P,46.02,0.013,0.5,0,1552035964903,16379157,70
2019-03-08 09:07:52.221,0.2,sell,3863.31,BTC-15MAR19-3750-P,46.04,0.013,0.2,1,1552036072221,16379166,71
2019-03-08 09:07:56.933,0.2,sell,3863.25,BTC-15MAR19-3750-P,46.03,0.013,0.2,1,1552036076933,16379168,72
2019-03-08 09:09:55.965,0.1,sell,3862.82,BTC-15MAR19-3750-P,45.96,0.013,0.1,1,1552036195965,16379183,73
2019-03-08 10:02:03.427,1.0,sell,3867.34,BTC-15MAR19-3750-P,42.66,0.011,1.0,2,1552039323427,16380163,74
2019-03-08 10:49:21.954,0.2,sell,3880.0,BTC-15MAR19-3750-P,44.84,0.011,0.2,3,1552042161954,16380943,75
2019-03-08 10:49:22.328,0.2,sell,3880.0,BTC-15MAR19-3750-P,44.84,0.011,0.2,3,1552042162328,16380945,76
2019-03-08 10:49:42.307,0.2,sell,3880.0,BTC-15MAR19-3750-P,44.84,0.011,0.2,3,1552042182307,16380971,77
2019-03-08 10:49:42.474,0.2,sell,3880.0,BTC-15MAR19-3750-P,44.84,0.011,0.2,3,1552042182474,16380973,78
2019-03-08 10:49:42.511,0.2,sell,3880.0,BTC-15MAR19-3750-P,44.84,0.011,0.2,3,1552042182511,16380975,79
2019-03-08 10:49:56.256,0.5,sell,3881.37,BTC-15MAR19-3750-P,45.06,0.011,0.5,3,1552042196256,16381007,80
2019-03-08 10:51:29.655,0.2,sell,3878.8,BTC-15MAR19-3750-P,44.65,0.011,0.2,3,1552042289655,16381254,81
2019-03-08 10:57:35.560,1.5,sell,3884.31,BTC-15MAR19-3750-P,45.55,0.011000000000000001,1.5,3,1552042655560,16381564,82
2019-03-08 12:54:45.359,10.0,sell,3879.15,BTC-15MAR19-3750-P,41.68,0.0095,10.0,2,1552049685359,16383908,83
2019-03-08 13:07:04.748,10.0,buy,3877.73,BTC-15MAR19-3750-P,41.48,0.0095,10.0,3,1552050424748,16383997,84
2019-03-08 13:45:34.005,5.0,buy,3879.82,BTC-15MAR19-3750-P,41.9,0.0095,5.0,3,1552052734005,16384927,85
2019-03-08 13:59:12.542,0.1,sell,3885.46,BTC-15MAR19-3750-P,42.82,0.0095,0.1,3,1552053552542,16385345,86
2019-03-08 14:28:57.927,0.9,sell,3886.0,BTC-15MAR19-3750-P,42.97,0.0095,0.9,3,1552055337927,16386141,87
2019-03-08 14:49:41.587,1.0,sell,3895.68,BTC-15MAR19-3750-P,43.38,0.009000000000000001,1.0,2,1552056581587,16387081,88
2019-03-08 15:46:58.007,1.0,buy,3888.27,BTC-15MAR19-3750-P,44.64,0.01,1.0,0,1552060018007,16388521,89
2019-03-08 16:41:32.533,2.0,buy,3880.91,BTC-15MAR19-3750-P,41.31,0.009000000000000001,2.0,2,1552063292533,16389827,90
2019-03-08 17:59:38.346,1.0,buy,3892.21,BTC-15MAR19-3750-P,44.43,0.0095,1.0,0,1552067978346,16390655,91
2019-03-08 18:32:13.175,1.0,sell,3885.73,BTC-15MAR19-3750-P,39.98,0.008,1.0,2,1552069933175,16391065,92
2019-03-08 20:00:12.865,2.0,buy,3898.82,BTC-15MAR19-3750-P,42.18,0.008,2.0,3,1552075212865,16392142,93
2019-03-08 22:01:21.055,4.0,buy,3861.91,BTC-15MAR19-3750-P,41.15,0.01,4.0,0,1552082481055,16396028,94
2019-03-08 22:02:59.260,1.2,buy,3815.79,BTC-15MAR19-3750-P,40.07,0.0135,1.2,0,1552082579260,16398058,95
2019-03-08 22:03:15.294,5.0,buy,3809.67,BTC-15MAR19-3750-P,41.83,0.015,5.0,0,1552082595294,16398570,96
2019-03-08 22:16:49.985,5.8,sell,3818.27,BTC-15MAR19-3750-P,45.61,0.016,5.8,0,1552083409985,16403607,97
2019-03-08 22:38:55.502,5.7,sell,3824.37,BTC-15MAR19-3750-P,44.87,0.015,5.7,2,1552084735502,16404883,98
2019-03-09 01:20:56.128,3.7,sell,3857.88,BTC-15MAR19-3750-P,43.12,0.011,3.7,3,1552094456128,16410090,100
2019-03-09 01:20:56.128,0.3,sell,3857.88,BTC-15MAR19-3750-P,43.12,0.011,0.3,2,1552094456128,16410089,99
2019-03-09 02:54:20.181,0.1,sell,3861.82,BTC-15MAR19-3750-P,41.8,0.01,0.1,2,1552100060181,16411408,101
2019-03-09 06:06:02.448,1.0,sell,3868.39,BTC-15MAR19-3750-P,44.55,0.0105,1.0,0,1552111562448,16413638,102
2019-03-09 06:19:57.793,0.3,sell,3883.53,BTC-15MAR19-3750-P,47.19,0.0105,0.3,1,1552112397793,16414128,103
2019-03-09 06:20:22.151,2.0,sell,3884.46,BTC-15MAR19-3750-P,46.17,0.01,2.0,2,1552112422151,16414171,104
2019-03-09 06:21:05.842,1.0,sell,3890.02,BTC-15MAR19-3750-P,47.11,0.01,1.0,3,1552112465842,16414307,105
2019-03-09 06:57:44.681,5.9,sell,3892.4,BTC-15MAR19-3750-P,47.61,0.01,5.9,3,1552114664681,16415693,106
2019-03-09 06:59:02.602,1.0,sell,3893.75,BTC-15MAR19-3750-P,41.68,0.0075,1.0,2,1552114742602,16415899,107
2019-03-09 07:01:38.254,1.0,sell,3898.1,BTC-15MAR19-3750-P,41.08,0.006999999999999999,1.0,2,1552114898254,16416316,108
2019-03-09 07:04:50.103,1.0,sell,3919.95,BTC-15MAR19-3750-P,43.04,0.0065,1.0,2,1552115090103,16417512,109
2019-03-09 07:04:50.103,3.9,sell,3919.95,BTC-15MAR19-3750-P,41.65,0.006,3.9,3,1552115090103,16417514,111
2019-03-09 07:04:50.103,0.1,sell,3919.95,BTC-15MAR19-3750-P,41.65,0.006,0.1,2,1552115090103,16417513,110
2019-03-09 07:09:53.428,1.0,buy,3901.31,BTC-15MAR19-3750-P,41.59,0.006999999999999999,1.0,0,1552115393428,16418401,112
2019-03-09 10:12:26.995,0.3,buy,3899.08,BTC-15MAR19-3750-P,45.55,0.0085,0.3,0,1552126346995,16423006,113
2019-03-09 13:02:46.941,1.0,sell,3908.45,BTC-15MAR19-3750-P,43.58,0.006999999999999999,1.0,2,1552136566941,16424903,114
2019-03-09 13:09:23.124,2.0,sell,3916.96,BTC-15MAR19-3750-P,43.52,0.0065,2.0,2,1552136963124,16425424,115
2019-03-09 14:49:53.676,0.1,sell,3917.11,BTC-15MAR19-3750-P,42.39,0.006,0.1,2,1552142993676,16429960,116
2019-03-09 14:50:09.483,0.2,sell,3917.12,BTC-15MAR19-3750-P,42.39,0.006,0.2,3,1552143009483,16429961,117
2019-03-09 15:21:59.532,0.6,buy,3923.34,BTC-15MAR19-3750-P,44.84,0.0065,0.6,0,1552144919532,16435062,118
2019-03-09 15:23:19.771,1.7,sell,3925.13,BTC-15MAR19-3750-P,42.2,0.0055,1.7,3,1552144999771,16435130,120
2019-03-09 15:23:19.771,16.0,sell,3925.13,BTC-15MAR19-3750-P,42.2,0.0055,16.0,2,1552144999771,16435129,119
2019-03-09 15:27:03.600,4.4,sell,3917.38,BTC-15MAR19-3750-P,41.07,0.0055,4.4,3,1552145223600,16435629,121
2019-03-09 15:27:03.600,15.6,sell,3917.38,BTC-15MAR19-3750-P,41.07,0.0055,15.6,3,1552145223600,16435630,122
2019-03-09 16:09:12.362,2.0,sell,3942.16,BTC-15MAR19-3750-P,46.3,0.006,2.0,0,1552147752362,16437094,123
2019-03-09 16:20:32.860,3.0,buy,3931.47,BTC-15MAR19-3750-P,46.23,0.0065,3.0,0,1552148432860,16438062,124
2019-03-09 16:45:09.382,2.0,buy,3915.8,BTC-15MAR19-3750-P,45.32,0.006999999999999999,2.0,0,1552149909382,16440267,125
2019-03-09 18:19:51.301,2.0,buy,3912.25,BTC-15MAR19-3750-P,45.03,0.006999999999999999,2.0,1,1552155591301,16444278,126
2019-03-09 20:14:45.347,2.0,buy,3900.78,BTC-15MAR19-3750-P,42.14,0.0065,2.0,2,1552162485347,16445987,127
2019-03-10 03:25:10.063,15.0,buy,3901.35,BTC-15MAR19-3750-P,46.25,0.0075,15.0,0,1552188310063,16451525,128
2019-03-10 03:48:27.823,1.0,buy,3896.13,BTC-15MAR19-3750-P,48.16,0.0085,1.0,0,1552189707823,16451808,129
2019-03-10 04:00:12.696,15.0,buy,3902.27,BTC-15MAR19-3750-P,47.9,0.008,15.0,2,1552190412696,16451976,130
2019-03-10 04:19:10.471,1.0,sell,3897.06,BTC-15MAR19-3750-P,41.44,0.006,1.0,2,1552191550471,16452618,131
2019-03-10 20:33:34.399,7.5,buy,3893.56,BTC-15MAR19-3750-P,45.39,0.0065,7.5,0,1552250014399,16466302,132
2019-03-10 22:12:29.918,0.1,sell,3894.87,BTC-15MAR19-3750-P,41.2,0.005,0.1,2,1552255949918,16467266,133
2019-03-10 23:14:15.967,0.9,sell,3904.36,BTC-15MAR19-3750-P,43.01,0.005,0.9,3,1552259655967,16468369,134
2019-03-10 23:14:15.967,0.1,sell,3904.36,BTC-15MAR19-3750-P,43.01,0.005,0.1,3,1552259655967,16468370,135
2019-03-10 23:14:35.946,2.0,sell,3904.35,BTC-15MAR19-3750-P,41.3,0.0045,2.0,2,1552259675946,16468371,136
2019-03-11 05:55:40.801,0.3,buy,3877.5,BTC-15MAR19-3750-P,46.03,0.006999999999999999,0.3,1,1552283740801,16474862,138
2019-03-11 05:55:40.801,1.7,buy,3877.5,BTC-15MAR19-3750-P,46.03,0.006999999999999999,1.7,0,1552283740801,16474861,137
2019-03-11 06:06:35.450,6.7,buy,3861.57,BTC-15MAR19-3750-P,41.46,0.0065,6.7,3,1552284395450,16477657,140
2019-03-11 06:06:35.450,3.3000000000000003,buy,3861.57,BTC-15MAR19-3750-P,41.46,0.0065,3.3000000000000003,2,1552284395450,16477656,139
2019-03-11 09:07:30.907,1.3,buy,3853.08,BTC-15MAR19-3750-P,41.9,0.006999999999999999,1.3,0,1552295250907,16481210,141
2019-03-11 11:03:09.644,0.1,buy,3863.01,BTC-15MAR19-3750-P,45.88,0.0075,0.1,0,1552302189644,16483013,142
2019-03-11 11:47:06.875,4.6000000000000005,sell,3857.83,BTC-15MAR19-3750-P,44.99,0.0075,4.6000000000000005,1,1552304826875,16483872,143
2019-03-11 12:04:22.101,10.0,buy,3851.07,BTC-15MAR19-3750-P,45.11,0.008,10.0,0,1552305862101,16484458,144
2019-03-11 12:10:13.059,7.0,buy,3839.22,BTC-15MAR19-3750-P,46.79,0.0095,7.0,0,1552306213059,16486626,145
2019-03-11 12:14:10.946,10.0,sell,3843.08,BTC-15MAR19-3750-P,46.27,0.009000000000000001,10.0,2,1552306450946,16486870,146
2019-03-11 12:14:44.267,5.0,sell,3844.29,BTC-15MAR19-3750-P,46.55,0.009000000000000001,5.0,3,1552306484267,16486900,147
2019-03-11 12:50:44.311,0.3,buy,3825.31,BTC-15MAR19-3750-P,46.46,0.0105,0.3,0,1552308644311,16488368,148
2019-03-11 12:50:44.311,4.7,buy,3825.31,BTC-15MAR19-3750-P,47.82,0.011000000000000001,4.7,0,1552308644311,16488369,149
2019-03-11 12:53:20.085,0.2,sell,3828.91,BTC-15MAR19-3750-P,43.21,0.009000000000000001,0.2,2,1552308800085,16488976,150
2019-03-11 13:09:52.808,0.1,sell,3832.7,BTC-15MAR19-3750-P,44.15,0.009000000000000001,0.1,3,1552309792808,16490068,151
2019-03-11 13:10:46.589,0.3,sell,3835.72,BTC-15MAR19-3750-P,43.43,0.0085,0.3,2,1552309846589,16490136,152
2019-03-11 13:44:43.612,0.3,buy,3846.37,BTC-15MAR19-3750-P,45.96,0.0085,0.3,3,1552311883612,16491150,153
2019-03-11 16:02:19.291,0.1,buy,3834.27,BTC-15MAR19-3750-P,46.65,0.0095,0.1,0,1552320139291,16493922,154
2019-03-11 21:05:34.970,2.0,sell,3846.51,BTC-15MAR19-3750-P,40.2,0.006,2.0,2,1552338334970,16497314,155
2019-03-11 22:14:24.224,3.3000000000000003,sell,3854.26,BTC-15MAR19-3750-P,40.48,0.0055,3.3000000000000003,2,1552342464224,16497739,156
2019-03-11 22:14:24.224,1.7,sell,3854.26,BTC-15MAR19-3750-P,40.48,0.0055,1.7,3,1552342464224,16497740,157
2019-03-12 00:45:18.495,1.0,buy,3834.09,BTC-15MAR19-3750-P,46.1,0.0085,1.0,0,1552351518495,16500201,158
2019-03-12 01:06:28.309,5.0,buy,3822.23,BTC-15MAR19-3750-P,43.28,0.0085,5.0,1,1552352788309,16501527,159
2019-03-12 01:09:51.182,5.1000000000000005,sell,3815.96,BTC-15MAR19-3750-P,43.17,0.009000000000000001,5.1000000000000005,0,1552352991182,16501957,160
2019-03-12 02:06:32.646,5.0,sell,3814.76,BTC-15MAR19-3750-P,46.04,0.01,5.0,0,1552356392646,16504395,161
2019-03-12 04:17:22.131,0.2,sell,3808.63,BTC-15MAR19-3750-P,40.63,0.0085,0.2,2,1552364242131,16508497,162
2019-03-12 07:08:20.967,0.1,sell,3823.06,BTC-15MAR19-3750-P,45.25,0.0085,0.1,3,1552374500967,16510365,163
2019-03-12 07:13:19.607,8.0,sell,3823.89,BTC-15MAR19-3750-P,43.93,0.008,8.0,2,1552374799607,16510400,164
2019-03-12 07:56:40.958,1.4,buy,3824.35,BTC-15MAR19-3750-P,44.27,0.008,1.4,3,1552377400958,16510707,165
2019-03-12 07:58:10.144,0.2,buy,3824.25,BTC-15MAR19-3750-P,44.25,0.008,0.2,3,1552377490144,16510713,166
2019-03-12 07:58:39.702,15.0,buy,3824.14,BTC-15MAR19-3750-P,45.8,0.0085,15.0,0,1552377519702,16510714,167
2019-03-12 08:09:15.463,1.3,sell,3843.55,BTC-15MAR19-3750-P,38.98,0.005,1.3,2,1552378155463,16512263,168
2019-03-12 08:09:15.463,1.6,sell,3843.55,BTC-15MAR19-3750-P,38.98,0.005,1.6,3,1552378155463,16512264,169
2019-03-12 08:09:15.463,9.1,sell,3843.55,BTC-15MAR19-3750-P,38.98,0.005,9.1,3,1552378155463,16512265,170
2019-03-12 10:44:52.124,0.8,buy,3867.77,BTC-15MAR19-3750-P,45.13,0.005,0.8,3,1552387492124,16517813,171
2019-03-12 11:39:43.310,4.0,sell,3867.78,BTC-15MAR19-3750-P,43.47,0.0045,4.0,2,1552390783310,16518442,172
2019-03-12 13:00:32.134,1.0,sell,3873.43,BTC-15MAR19-3750-P,47.14,0.005,1.0,0,1552395632134,16519533,173
2019-03-12 13:24:13.338,0.2,sell,3863.51,BTC-15MAR19-3750-P,43.09,0.0045,0.2,2,1552397053338,16520398,174
2019-03-12 13:24:13.338,0.8,sell,3863.51,BTC-15MAR19-3750-P,43.09,0.0045,0.8,3,1552397053338,16520399,175
2019-03-12 14:12:55.488,0.2,sell,3866.49,BTC-15MAR19-3750-P,44.02,0.0045,0.2,3,1552399975488,16521025,177
2019-03-12 14:12:55.488,5.5,sell,3866.49,BTC-15MAR19-3750-P,44.02,0.0045,5.5,3,1552399975488,16521024,176
2019-03-12 14:13:06.533,0.2,buy,3866.49,BTC-15MAR19-3750-P,44.02,0.0045,0.2,3,1552399986533,16521027,178
2019-03-12 14:13:06.560,0.2,buy,3866.49,BTC-15MAR19-3750-P,44.02,0.0045,0.2,3,1552399986560,16521029,179
2019-03-12 14:14:06.661,0.2,buy,3866.6,BTC-15MAR19-3750-P,44.05,0.0045,0.2,3,1552400046661,16521031,180
2019-03-12 14:14:09.114,8.700000000000001,buy,3866.6,BTC-15MAR19-3750-P,44.05,0.0045,8.700000000000001,3,1552400049114,16521033,181
2019-03-12 16:35:18.520,4.0,buy,3852.61,BTC-15MAR19-3750-P,43.65,0.005,4.0,0,1552408518520,16523759,182
2019-03-12 20:17:45.367,3.0,buy,3862.97,BTC-15MAR19-3750-P,49.5,0.0055,3.0,0,1552421865367,16525293,183
2019-03-12 22:14:22.600,10.0,buy,3862.44,BTC-15MAR19-3750-P,48.13,0.005,10.0,2,1552428862600,16525859,184
2019-03-12 22:34:58.110,10.0,buy,3863.94,BTC-15MAR19-3750-P,48.64,0.005,10.0,3,1552430098110,16525946,185
2019-03-13 03:26:43.847,10.0,buy,3868.22,BTC-15MAR19-3750-P,49.68,0.0045,10.0,2,1552447603847,16528528,186
2019-03-13 03:52:29.380,0.1,sell,3869.35,BTC-15MAR19-3750-P,47.83,0.004,0.1,2,1552449149380,16528930,187
2019-03-13 03:52:29.380,0.2,sell,3869.35,BTC-15MAR19-3750-P,47.83,0.004,0.2,3,1552449149380,16528931,188
2019-03-13 07:51:40.023,0.2,sell,3856.0,BTC-15MAR19-3750-P,48.73,0.0045,0.2,0,1552463500023,16530746,189
2019-03-13 09:59:11.689,0.5,buy,3844.01,BTC-15MAR19-3750-P,46.58,0.0045,0.5,1,1552471151689,16531970,190
2019-03-13 10:02:02.622,0.5,buy,3841.77,BTC-15MAR19-3750-P,48.24,0.005,0.5,1,1552471322622,16532113,192
2019-03-13 10:02:02.622,3.0,buy,3841.77,BTC-15MAR19-3750-P,48.24,0.005,3.0,0,1552471322622,16532112,191
2019-03-13 10:02:25.537,0.5,buy,3839.41,BTC-15MAR19-3750-P,47.57,0.005,0.5,1,1552471345537,16532168,193
2019-03-13 11:40:11.565,0.5,buy,3843.78,BTC-15MAR19-3750-P,49.7,0.005,0.5,1,1552477211565,16535425,194
2019-03-13 11:40:15.131,0.5,buy,3843.85,BTC-15MAR19-3750-P,49.72,0.005,0.5,1,1552477215131,16535426,195
2019-03-13 13:35:59.308,4.5,sell,3861.56,BTC-15MAR19-3750-P,53.47,0.0045,4.5,2,1552484159308,16537068,196
2019-03-13 13:37:34.741,0.1,sell,3861.68,BTC-15MAR19-3750-P,48.37,0.0035,0.1,2,1552484254741,16537078,197
2019-03-13 14:06:17.504,0.9,sell,3858.99,BTC-15MAR19-3750-P,47.89,0.0035,0.9,3,1552485977504,16537271,198
2019-03-13 14:23:32.192,0.9,buy,3866.42,BTC-15MAR19-3750-P,52.74,0.004,0.9,0,1552487012192,16537610,199
2019-03-13 20:20:25.205,0.2,buy,3848.35,BTC-15MAR19-3750-P,55.73,0.0045,0.2,0,1552508425205,16544993,200
2019-03-14 03:38:12.047,1.0,buy,3851.52,BTC-15MAR19-3750-P,50.27,0.003,1.0,2,1552534692047,16549066,201
2019-03-14 06:19:21.503,0.5,buy,3842.53,BTC-15MAR19-3750-P,48.56,0.003,0.5,3,1552544361503,16549947,202
2019-03-14 12:21:51.905,10.0,buy,3840.72,BTC-15MAR19-3750-P,55.41,0.003,10.0,3,1552566111905,16553215,203
2019-03-14 12:21:51.905,16.0,buy,3840.72,BTC-15MAR19-3750-P,55.41,0.003,16.0,3,1552566111905,16553216,204
2019-03-14 12:34:54.262,0.1,buy,3852.47,BTC-15MAR19-3750-P,62.73,0.0025,0.1,2,1552566894262,16553976,205
2019-03-14 13:39:57.406,0.2,sell,3852.06,BTC-15MAR19-3750-P,56.77,0.002,0.2,2,1552570797406,16554887,206
2019-03-14 13:40:28.103,1.0,sell,3852.26,BTC-15MAR19-3750-P,56.78,0.002,1.0,3,1552570828103,16554892,207
2019-03-14 14:04:19.389,10.0,buy,3853.68,BTC-15MAR19-3750-P,59.48,0.0025,10.0,0,1552572259389,16555542,208
2019-03-14 14:04:19.389,20.0,buy,3853.68,BTC-15MAR19-3750-P,59.48,0.0025,20.0,1,1552572259389,16555543,209
2019-03-14 14:06:22.470,20.0,sell,3854.09,BTC-15MAR19-3750-P,59.98,0.0025,20.0,1,1552572382470,16555622,210
2019-03-14 14:06:55.283,49.0,sell,3855.34,BTC-15MAR19-3750-P,59.6,0.0025,49.0,1,1552572415283,16555647,211
2019-03-14 14:07:58.879,10.9,sell,3859.21,BTC-15MAR19-3750-P,55.92,0.002,10.9,2,1552572478879,16555817,212
2019-03-14 14:13:44.278,1.0,buy,3876.75,BTC-15MAR19-3750-P,63.02,0.002,1.0,3,1552572824278,16558732,213
2019-03-14 14:18:34.416,0.4,sell,3879.5,BTC-15MAR19-3750-P,57.37,0.001,0.4,2,1552573114416,16560247,214
2019-03-14 14:18:34.416,0.1,sell,3879.5,BTC-15MAR19-3750-P,48.93,0.0005,0.1,2,1552573114416,16560248,215
2019-03-14 14:20:16.270,0.9,sell,3878.37,BTC-15MAR19-3750-P,47.15,0.0005,0.9,3,1552573216270,16560412,216
2019-03-14 14:20:16.270,7.0,sell,3878.37,BTC-15MAR19-3750-P,47.15,0.0005,7.0,3,1552573216270,16560413,217
2019-03-14 14:20:16.270,0.4,sell,3878.37,BTC-15MAR19-3750-P,47.15,0.0005,0.4,3,1552573216270,16560414,218
2019-03-14 14:20:16.270,20.2,sell,3878.37,BTC-15MAR19-3750-P,47.15,0.0005,20.2,3,1552573216270,16560415,219
2019-03-14 14:20:16.270,21.9,sell,3878.37,BTC-15MAR19-3750-P,47.15,0.0005,21.9,3,1552573216270,16560416,220
2019-03-14 14:20:21.409,0.4,buy,3878.77,BTC-15MAR19-3750-P,47.05,0.0005,0.4,3,1552573221409,16560427,221
2019-03-14 14:20:21.520,0.4,buy,3878.77,BTC-15MAR19-3750-P,47.05,0.0005,0.4,3,1552573221520,16560429,222
2019-03-14 14:20:21.677,0.4,buy,3878.83,BTC-15MAR19-3750-P,47.02,0.0005,0.4,3,1552573221677,16560431,223
2019-03-14 14:20:21.737,0.4,buy,3878.83,BTC-15MAR19-3750-P,47.02,0.0005,0.4,3,1552573221737,16560433,224
2019-03-14 14:20:50.337,35.1,buy,3870.96,BTC-15MAR19-3750-P,43.78,0.0005,35.1,3,1552573250337,16560556,225
2019-03-14 14:22:32.963,1.0,buy,3839.12,BTC-15MAR19-3750-P,51.47,0.002,1.0,0,1552573352963,16561430,226
2019-03-14 14:22:45.092,1.0,buy,3829.12,BTC-15MAR19-3750-P,48.99,0.002,1.0,1,1552573365092,16561697,227
2019-03-14 14:22:53.184,8.0,buy,3823.16,BTC-15MAR19-3750-P,45.81,0.002,8.0,1,1552573373184,16561893,228
2019-03-14 14:30:30.928,1.1,buy,3830.05,BTC-15MAR19-3750-P,50.86,0.0025,1.1,0,1552573830928,16567293,229
2019-03-14 15:16:30.444,0.1,buy,3849.96,BTC-15MAR19-3750-P,54.35,0.0015,0.1,2,1552576590444,16571337,230
2019-03-14 15:29:11.322,0.1,sell,3849.04,BTC-15MAR19-3750-P,48.31,0.001,0.1,2,1552577351322,16571508,231
2019-03-14 15:29:16.124,0.1,sell,3848.35,BTC-15MAR19-3750-P,48.1,0.001,0.1,3,1552577356124,16571515,232
2019-03-14 15:47:55.263,0.1,sell,3854.83,BTC-15MAR19-3750-P,52.27,0.001,0.1,3,1552578475263,16571785,233
2019-03-14 15:48:01.123,0.1,sell,3854.01,BTC-15MAR19-3750-P,52.08,0.001,0.1,3,1552578481123,16571789,234
2019-03-14 15:49:01.127,0.1,sell,3853.64,BTC-15MAR19-3750-P,52.13,0.001,0.1,3,1552578541127,16571797,235
2019-03-14 15:49:09.167,0.1,sell,3853.57,BTC-15MAR19-3750-P,52.2,0.001,0.1,3,1552578549167,16571802,236
2019-03-14 17:03:57.025,0.2,buy,3850.67,BTC-15MAR19-3750-P,58.12,0.002,0.2,0,1552583037025,16572377,237
2019-03-14 17:32:53.889,3.0,buy,3852.06,BTC-15MAR19-3750-P,58.97,0.002,3.0,1,1552584773889,16572437,238
2019-03-14 18:13:34.556,0.1,sell,3855.05,BTC-15MAR19-3750-P,56.77,0.001,0.1,2,1552587214556,16572717,239
2019-03-14 18:50:11.015,0.1,sell,3852.57,BTC-15MAR19-3750-P,51.81,0.001,0.1,3,1552589411015,16572846,240
2019-03-14 23:02:06.408,0.2,sell,3853.38,BTC-15MAR19-3750-P,66.43,0.001,0.2,3,1552604526408,16574475,241
2019-03-15 00:45:35.195,10.0,sell,3859.03,BTC-15MAR19-3750-P,64.25,0.0005,10.0,2,1552610735195,16575042,242
2019-03-15 01:01:13.433,10.0,sell,3866.63,BTC-15MAR19-3750-P,65.88,0.0005,10.0,3,1552611673433,16575505,243
2019-03-15 01:18:10.354,10.0,buy,3865.93,BTC-15MAR19-3750-P,74.35,0.0005,10.0,3,1552612690354,16576249,244
2019-03-15 01:32:33.661,1.0,buy,3863.73,BTC-15MAR19-3750-P,70.85,0.0005,1.0,3,1552613553661,16576419,245
