date_utc,amount,direction,indexPrice,instrument,iv,price,quantity,tickDirection,timeStamp,tradeId,tradeSeq
2019-05-11 13:00:01.053,0.4,buy,6784.57,BTC-31MAY19-8000-P,80.02,0.2,0.4,1,1557579601053,19566175,1
2019-05-11 13:55:38.981,0.4,sell,6805.51,BTC-31MAY19-8000-P,83.01,0.19899999999999998,0.4,2,1557582938981,19569484,2
2019-05-12 14:49:44.482,2.0,buy,7032.0,BTC-31MAY19-8000-P,107.53,0.1865,2.0,2,1557672584482,19991624,3
2019-05-12 18:39:05.935,2.0,sell,7040.16,BTC-31MAY19-8000-P,79.52,0.163,2.0,2,1557686345935,20053026,4
2019-05-13 14:59:36.108,0.4,buy,7513.87,BTC-31MAY19-8000-P,91.3,0.11900000000000001,0.4,2,1557759576108,20203712,5
2019-05-13 15:15:59.242,0.4,buy,7843.79,BTC-31MAY19-8000-P,90.49,0.0905,0.4,2,1557760559242,20223129,6
2019-05-13 15:16:01.425,0.4,buy,7836.63,BTC-31MAY19-8000-P,90.45,0.091,0.4,0,1557760561425,20223202,7
2019-05-13 15:16:13.175,0.4,buy,7837.51,BTC-31MAY19-8000-P,92.8,0.09300000000000001,0.4,0,1557760573175,20223530,8
2019-05-13 15:44:25.063,0.3,buy,7739.58,BTC-31MAY19-8000-P,101.23,0.10800000000000001,0.3,0,1557762265063,20243068,9
2019-05-13 15:52:30.170,0.1,sell,7785.13,BTC-31MAY19-8000-P,91.69,0.096,0.1,2,1557762750170,20246058,10
2019-05-13 16:07:24.882,0.4,sell,7926.56,BTC-31MAY19-8000-P,92.93,0.0865,0.4,2,1557763644882,20252152,11
2019-05-13 16:07:24.901,0.8,buy,7926.56,BTC-31MAY19-8000-P,88.36,0.0825,0.8,2,1557763644901,20252153,12
2019-05-13 16:10:47.166,11.0,buy,7830.27,BTC-31MAY19-8000-P,93.41,0.094,11.0,0,1557763847166,20254230,13
2019-05-13 16:10:47.196,2.0,buy,7830.27,BTC-31MAY19-8000-P,93.41,0.094,2.0,1,1557763847196,20254233,14
2019-05-13 16:10:47.228,2.3000000000000003,buy,7830.27,BTC-31MAY19-8000-P,93.41,0.094,2.3000000000000003,1,1557763847228,20254237,15
2019-05-13 16:10:57.299,0.4,buy,7815.29,BTC-31MAY19-8000-P,92.11,0.094,0.4,1,1557763857299,20254406,16
2019-05-13 16:16:09.157,0.1,buy,7824.96,BTC-31MAY19-8000-P,95.24,0.096,0.1,0,1557764169157,20257081,17
2019-05-13 21:21:30.852,0.1,buy,7934.06,BTC-31MAY19-8000-P,96.41,0.0885,0.1,2,1557782490852,20315829,18
2019-05-13 23:31:40.107,2.0,sell,7809.79,BTC-31MAY19-8000-P,105.66,0.1055,2.0,0,1557790300107,20364793,19
2019-05-14 07:57:15.319,0.4,buy,8299.1,BTC-31MAY19-8000-P,105.94,0.0725,0.4,2,1557820635319,20458694,20
2019-05-14 07:58:16.845,0.1,sell,8307.22,BTC-31MAY19-8000-P,106.49,0.0725,0.1,3,1557820696845,20459178,21
2019-05-14 08:04:42.517,1.0,buy,8210.95,BTC-31MAY19-8000-P,99.3,0.07200000000000001,1.0,2,1557821082517,20462508,22
2019-05-14 08:04:46.529,6.0,buy,8205.33,BTC-31MAY19-8000-P,99.5,0.0725,6.0,0,1557821086529,20462556,23
2019-05-14 08:31:47.871,0.1,buy,8221.51,BTC-31MAY19-8000-P,98.3,0.0705,0.1,2,1557822707871,20469688,24
2019-05-14 09:06:49.856,0.1,buy,8090.16,BTC-31MAY19-8000-P,100.14,0.08,0.1,0,1557824809856,20484151,25
2019-05-14 12:36:22.107,2.0,sell,8138.07,BTC-31MAY19-8000-P,104.75,0.0805,2.0,0,1557837382107,20515694,26
2019-05-14 14:31:23.225,0.4,sell,8090.23,BTC-31MAY19-8000-P,99.04,0.0785,0.4,2,1557844283225,20529730,27
2019-05-14 14:45:45.413,1.0,buy,7957.82,BTC-31MAY19-8000-P,103.39,0.091,1.0,0,1557845145413,20533520,28
2019-05-14 15:48:07.146,0.4,buy,8019.04,BTC-31MAY19-8000-P,106.11,0.08900000000000001,0.4,2,1557848887146,20541766,29
2019-05-14 18:56:13.594,15.0,sell,7861.39,BTC-31MAY19-8000-P,91.61,0.0875,15.0,2,1557860173594,20587794,30
2019-05-14 20:06:29.278,0.1,buy,7850.9,BTC-31MAY19-8000-P,101.43,0.0965,0.1,0,1557864389278,20605403,31
2019-05-14 20:53:05.892,1.0,buy,7728.82,BTC-31MAY19-8000-P,99.74,0.1045,1.0,0,1557867185892,20611142,32
2019-05-15 13:42:39.088,2.0,sell,7960.45,BTC-31MAY19-8000-P,103.07,0.08800000000000001,2.0,2,1557927759088,20720404,33
2019-05-15 19:02:10.759,0.2,sell,8234.14,BTC-31MAY19-8000-P,98.66,0.0665,0.2,2,1557946930759,20758559,34
2019-05-15 19:12:49.698,0.1,sell,8097.87,BTC-31MAY19-8000-P,90.46,0.068,0.1,0,1557947569698,20762977,35
2019-05-15 19:31:48.547,0.4,sell,8172.87,BTC-31MAY19-8000-P,97.38,0.069,0.4,0,1557948708547,20767178,36
2019-05-15 19:32:38.350,0.6,sell,8174.82,BTC-31MAY19-8000-P,97.53,0.069,0.6,1,1557948758350,20767245,37
2019-05-15 19:34:32.984,1.0,sell,8198.35,BTC-31MAY19-8000-P,98.02,0.068,1.0,2,1557948872984,20767513,38
2019-05-15 19:36:14.069,1.0,sell,8196.79,BTC-31MAY19-8000-P,96.66,0.067,1.0,2,1557948974069,20768030,39
2019-05-15 19:58:50.890,0.4,buy,8209.44,BTC-31MAY19-8000-P,99.5,0.0685,0.4,0,1557950330890,20770324,40
2019-05-15 19:58:50.890,0.6,buy,8209.44,BTC-31MAY19-8000-P,100.75,0.0695,0.6,0,1557950330890,20770325,41
2019-05-15 20:53:42.993,15.0,buy,8153.08,BTC-31MAY19-8000-P,100.43,0.0725,15.0,0,1557953622993,20779995,42
2019-05-15 20:57:26.979,1.0,sell,8173.79,BTC-31MAY19-8000-P,98.88,0.07,1.0,2,1557953846979,20780306,43
2019-05-15 22:25:30.614,1.0,sell,8204.73,BTC-31MAY19-8000-P,91.35,0.062,1.0,2,1557959130614,20788262,44
2019-05-15 23:52:51.179,0.1,sell,8269.72,BTC-31MAY19-8000-P,98.05,0.0635,0.1,0,1557964371179,20800187,45
2019-05-16 03:16:32.034,1.9,buy,8305.95,BTC-31MAY19-8000-P,98.48,0.0615,1.9,2,1557976592034,20835285,46
2019-05-16 05:39:10.326,1.0,sell,7995.96,BTC-31MAY19-8000-P,100.9,0.08199999999999999,1.0,0,1557985150326,20871048,47
2019-05-16 05:46:21.336,0.2,buy,7978.41,BTC-31MAY19-8000-P,103.77,0.0855,0.2,1,1557985581336,20871898,49
2019-05-16 05:46:21.336,0.4,buy,7978.41,BTC-31MAY19-8000-P,103.77,0.0855,0.4,0,1557985581336,20871897,48
2019-05-16 06:27:24.663,1.0,sell,8048.91,BTC-31MAY19-8000-P,97.31,0.0755,1.0,2,1557988044663,20876565,50
2019-05-16 06:46:30.455,6.0,sell,8058.07,BTC-31MAY19-8000-P,96.85,0.0745,6.0,2,1557989190455,20878213,51
2019-05-16 09:56:32.864,3.1,buy,7977.28,BTC-31MAY19-8000-P,94.94,0.078,3.1,0,1558000592864,20895284,52
2019-05-16 09:56:50.148,1.9,buy,7979.97,BTC-31MAY19-8000-P,95.17,0.078,1.9,1,1558000610148,20895307,53
2019-05-16 10:16:09.919,0.1,buy,7769.19,BTC-31MAY19-8000-P,95.8,0.094,0.1,0,1558001769919,20902426,54
2019-05-16 12:54:15.322,0.3,buy,7810.35,BTC-31MAY19-8000-P,95.18,0.09,0.3,2,1558011255322,20926522,55
2019-05-17 03:29:34.362,0.4,sell,7353.18,BTC-31MAY19-8000-P,81.78,0.12,0.4,0,1558063774362,21073674,56
2019-05-17 03:35:03.348,3.0,buy,7203.82,BTC-31MAY19-8000-P,80.49,0.136,3.0,0,1558064103348,21077187,57
2019-05-17 03:35:11.436,2.0,buy,7204.01,BTC-31MAY19-8000-P,80.52,0.136,2.0,1,1558064111436,21077288,58
2019-05-17 03:37:32.068,3.9,buy,7239.45,BTC-31MAY19-8000-P,89.47,0.138,3.9,0,1558064252068,21079797,59
2019-05-17 03:37:32.079,1.1,buy,7239.45,BTC-31MAY19-8000-P,89.47,0.138,1.1,1,1558064252079,21079799,60
2019-05-17 03:37:54.472,5.0,buy,7221.83,BTC-31MAY19-8000-P,89.45,0.14,5.0,0,1558064274472,21080118,61
2019-05-17 04:58:58.236,1.0,buy,7199.93,BTC-31MAY19-8000-P,93.19,0.145,1.0,0,1558069138236,21106928,62
2019-05-17 05:49:47.532,1.0,buy,7233.02,BTC-31MAY19-8000-P,101.4,0.147,1.0,0,1558072187532,21114710,63
2019-05-17 05:49:47.535,4.0,sell,7233.02,BTC-31MAY19-8000-P,101.4,0.147,4.0,1,1558072187535,21114711,64
2019-05-17 08:53:44.983,0.4,buy,7288.62,BTC-31MAY19-8000-P,101.98,0.141,0.4,2,1558083224983,21135089,65
2019-05-17 08:56:14.928,14.6,sell,7286.98,BTC-31MAY19-8000-P,102.43,0.1415,14.6,0,1558083374928,21135131,66
2019-05-17 10:27:33.557,0.4,buy,7205.92,BTC-31MAY19-8000-P,94.23,0.1445,0.4,0,1558088853557,21141320,67
2019-05-17 11:02:51.450,0.2,buy,7201.42,BTC-31MAY19-8000-P,95.72,0.146,0.2,0,1558090971450,21148572,68
2019-05-18 11:04:58.988,1.9,sell,7310.38,BTC-31MAY19-8000-P,100.25,0.1345,1.9,2,1558177498988,21294725,69
2019-05-18 11:23:42.585,2.1,sell,7349.96,BTC-31MAY19-8000-P,99.87,0.13,2.1,2,1558178622585,21295609,70
2019-05-18 11:36:28.168,1.9,sell,7332.33,BTC-31MAY19-8000-P,100.82,0.1325,1.9,0,1558179388168,21296317,71
2019-05-19 10:10:56.659,2.1,sell,8072.71,BTC-31MAY19-8000-P,98.98,0.0665,2.1,2,1558260656659,21393727,72
2019-05-19 17:53:28.211,0.4,sell,7953.08,BTC-31MAY19-8000-P,91.99,0.0685,0.4,0,1558288408211,21442082,73
2019-05-19 19:29:09.578,0.2,sell,8044.8,BTC-31MAY19-8000-P,96.68,0.0655,0.2,2,1558294149578,21445246,74
2019-05-19 22:45:39.815,0.1,sell,8220.14,BTC-31MAY19-8000-P,97.3,0.055,0.1,2,1558305939815,21467198,75
2019-05-19 23:07:33.839,0.7000000000000001,buy,8241.38,BTC-31MAY19-8000-P,94.68,0.052000000000000005,0.7000000000000001,2,1558307253839,21475961,76
2019-05-19 23:12:23.623,0.1,sell,8283.7,BTC-31MAY19-8000-P,95.82,0.0505,0.1,2,1558307543623,21477049,77
2019-05-19 23:21:08.561,0.1,sell,8238.62,BTC-31MAY19-8000-P,91.56,0.05,0.1,2,1558308068561,21479719,78
2019-05-20 01:05:24.325,0.3,sell,7894.7,BTC-31MAY19-8000-P,92.3,0.07200000000000001,0.3,0,1558314324325,21511217,79
2019-05-20 01:06:17.399,0.3,sell,7903.98,BTC-31MAY19-8000-P,92.54,0.0715,0.3,2,1558314377399,21511355,80
2019-05-20 01:06:50.957,0.4,sell,7895.99,BTC-31MAY19-8000-P,92.44,0.07200000000000001,0.4,0,1558314410957,21511402,81
2019-05-20 07:45:41.647,0.2,buy,7923.81,BTC-31MAY19-8000-P,95.03,0.071,0.2,2,1558338341647,21542664,82
2019-05-20 12:56:47.528,1.0,sell,7733.24,BTC-31MAY19-8000-P,92.22,0.083,1.0,0,1558357007528,21575841,83
2019-05-20 13:06:53.895,5.5,sell,7647.45,BTC-31MAY19-8000-P,91.81,0.09,5.5,0,1558357613895,21579523,84
2019-05-20 16:24:04.775,1.0,sell,7876.13,BTC-31MAY19-8000-P,173.86,0.127,1.0,0,1558369444775,21601526,85
2019-05-20 16:24:04.794,1.0,sell,7876.13,BTC-31MAY19-8000-P,171.65,0.1255,1.0,2,1558369444794,21601527,86
2019-05-20 16:49:00.625,0.2,sell,7856.88,BTC-31MAY19-8000-P,98.36,0.077,0.2,2,1558370940625,21602862,87
2019-05-20 19:09:31.305,0.6,sell,7783.17,BTC-31MAY19-8000-P,109.67,0.09,0.6,0,1558379371305,21612580,88
2019-05-20 20:48:37.801,1.0,sell,7950.84,BTC-31MAY19-8000-P,102.49,0.0725,1.0,2,1558385317801,21622334,89
2019-05-20 23:22:55.722,3.0,buy,7984.36,BTC-31MAY19-8000-P,107.94,0.0735,3.0,0,1558394575722,21650557,90
2019-05-21 20:02:33.400,2.5,buy,8056.35,BTC-31MAY19-8000-P,92.76,0.055999999999999994,2.5,2,1558468953400,21720625,91
2019-05-21 23:49:31.941,0.5,sell,7988.52,BTC-31MAY19-8000-P,92.91,0.06,0.5,0,1558482571941,21736496,92
2019-05-22 04:06:49.875,0.1,buy,7870.72,BTC-31MAY19-8000-P,86.22,0.0635,0.1,0,1558498009875,21745077,93
2019-05-22 04:12:05.999,3.0,buy,7909.78,BTC-31MAY19-8000-P,85.2,0.06,3.0,2,1558498325999,21745912,94
2019-05-22 09:37:00.012,4.0,sell,7921.43,BTC-31MAY19-8000-P,86.0,0.059000000000000004,4.0,2,1558517820012,21754100,95
2019-05-22 10:59:26.510,0.5,buy,7890.65,BTC-31MAY19-8000-P,86.73,0.0615,0.5,0,1558522766510,21759043,96
2019-05-22 11:31:11.675,0.5,buy,7799.4,BTC-31MAY19-8000-P,82.09,0.0655,0.5,0,1558524671675,21764839,97
2019-05-22 12:08:16.987,3.8,buy,7847.36,BTC-31MAY19-8000-P,86.62,0.0645,3.8,2,1558526896987,21769413,98
2019-05-22 20:16:46.108,4.0,buy,7894.19,BTC-31MAY19-8000-P,86.65,0.06,4.0,2,1558556206108,21800641,99
2019-05-22 20:16:46.108,4.6000000000000005,buy,7894.19,BTC-31MAY19-8000-P,86.65,0.06,4.6000000000000005,3,1558556206108,21800642,100
2019-05-22 20:16:48.208,0.1,buy,7887.32,BTC-31MAY19-8000-P,88.29,0.0615,0.1,0,1558556208208,21800938,101
2019-05-23 02:59:29.837,0.7000000000000001,sell,7670.28,BTC-31MAY19-8000-P,86.37,0.077,0.7000000000000001,0,1558580369837,21863576,102
2019-05-23 03:30:08.603,1.0,buy,7627.79,BTC-31MAY19-8000-P,92.02,0.084,1.0,0,1558582208603,21865205,103
2019-05-23 05:42:47.212,1.0,sell,7609.02,BTC-31MAY19-8000-P,91.28,0.085,1.0,0,1558590167212,21870115,104
2019-05-23 06:20:33.926,1.0,buy,7632.08,BTC-31MAY19-8000-P,91.62,0.083,1.0,2,1558592433926,21873139,105
2019-05-23 15:16:21.320,1.0,sell,7792.52,BTC-31MAY19-8000-P,78.35,0.0605,1.0,2,1558624581320,21909933,106
2019-05-23 15:16:35.686,1.0,sell,7796.22,BTC-31MAY19-8000-P,78.0,0.06,1.0,2,1558624595686,21910058,107
2019-05-23 23:34:10.556,1.0,sell,7940.04,BTC-31MAY19-8000-P,78.56,0.0485,1.0,2,1558654450556,21949072,108
2019-05-24 03:27:36.123,1.0,buy,7854.18,BTC-31MAY19-8000-P,83.47,0.057,1.0,0,1558668456123,21960875,109
2019-05-24 07:38:13.027,0.1,buy,7869.08,BTC-31MAY19-8000-P,82.9,0.055,0.1,2,1558683493027,21968230,110
2019-05-24 08:00:32.209,0.1,sell,7883.04,BTC-31MAY19-8000-P,83.97,0.0545,0.1,2,1558684832209,21968993,111
2019-05-24 08:04:09.600,5.9,sell,7905.79,BTC-31MAY19-8000-P,86.99,0.0545,5.9,3,1558685049600,21969339,112
2019-05-24 08:42:25.586,2.0,buy,7995.65,BTC-31MAY19-8000-P,82.96,0.046,2.0,2,1558687345586,21974980,113
2019-05-24 08:49:03.130,0.1,buy,7998.9,BTC-31MAY19-8000-P,87.92,0.0485,0.1,0,1558687743130,21975445,114
2019-05-24 09:09:56.265,0.1,buy,7964.59,BTC-31MAY19-8000-P,85.67,0.0495,0.1,0,1558688996265,21976298,115
2019-05-24 09:39:59.234,0.6,buy,7957.37,BTC-31MAY19-8000-P,87.63,0.051,0.6,0,1558690799234,21977497,116
2019-05-24 10:11:34.618,0.1,sell,8011.75,BTC-31MAY19-8000-P,79.77,0.043,0.1,2,1558692694618,21978678,117
2019-05-24 11:05:36.298,0.5,sell,7993.57,BTC-31MAY19-8000-P,77.83,0.043,0.5,3,1558695936298,21981475,118
2019-05-24 11:06:44.309,0.2,sell,8007.35,BTC-31MAY19-8000-P,79.48,0.043,0.2,3,1558696004309,21981584,119
2019-05-24 11:29:31.685,1.0,sell,8048.16,BTC-31MAY19-8000-P,84.31,0.043,1.0,3,1558697371685,21983653,120
2019-05-24 11:31:46.121,0.1,sell,8069.07,BTC-31MAY19-8000-P,85.77,0.0425,0.1,2,1558697506121,21984183,121
2019-05-24 11:34:25.022,0.2,sell,8052.57,BTC-31MAY19-8000-P,79.31,0.04,0.2,2,1558697665022,21984700,123
2019-05-24 11:34:25.022,0.1,sell,8052.57,BTC-31MAY19-8000-P,80.23,0.0405,0.1,2,1558697665022,21984699,122
2019-05-24 11:34:25.113,0.7000000000000001,buy,8052.57,BTC-31MAY19-8000-P,79.31,0.04,0.7000000000000001,3,1558697665113,21984701,124
2019-05-24 11:44:39.546,1.0,buy,8021.28,BTC-31MAY19-8000-P,80.35,0.0425,1.0,0,1558698279546,21985335,125
2019-05-24 11:44:39.546,0.1,buy,8021.28,BTC-31MAY19-8000-P,80.35,0.0425,0.1,1,1558698279546,21985336,126
2019-05-24 13:03:13.102,2.5,buy,8034.0,BTC-31MAY19-8000-P,79.39,0.040999999999999995,2.5,2,1558702993102,21987968,127
2019-05-24 14:56:03.806,1.2,sell,8051.33,BTC-31MAY19-8000-P,84.64,0.0425,1.2,0,1558709763806,21992835,128
2019-05-24 15:20:43.448,0.1,sell,8147.18,BTC-31MAY19-8000-P,82.12,0.0355,0.1,2,1558711243448,21997606,129
2019-05-24 15:20:51.928,0.1,sell,8147.23,BTC-31MAY19-8000-P,81.18,0.035,0.1,2,1558711251928,21997633,130
2019-05-24 15:24:15.212,4.0,sell,8118.81,BTC-31MAY19-8000-P,77.26,0.0345,4.0,2,1558711455212,21998191,131
2019-05-24 15:24:15.215,5.9,buy,8118.81,BTC-31MAY19-8000-P,77.26,0.0345,5.9,3,1558711455215,21998192,132
2019-05-24 16:20:59.688,0.4,buy,8150.4,BTC-31MAY19-8000-P,83.67,0.036000000000000004,0.4,0,1558714859688,22002851,133
2019-05-24 18:31:47.935,0.1,buy,8059.17,BTC-31MAY19-8000-P,81.8,0.04,0.1,0,1558722707935,22011056,134
2019-05-24 19:02:25.075,0.9,buy,8060.84,BTC-31MAY19-8000-P,82.13,0.04,0.9,1,1558724545075,22012150,135
2019-05-25 13:25:49.424,0.1,buy,8066.69,BTC-31MAY19-8000-P,85.11,0.0385,0.1,2,1558790749424,22056374,136
2019-05-25 13:52:21.554,0.4,sell,8050.32,BTC-31MAY19-8000-P,76.21,0.035,0.4,2,1558792341554,22057361,137
2019-05-25 13:52:21.554,0.1,sell,8050.32,BTC-31MAY19-8000-P,76.21,0.035,0.1,3,1558792341554,22057362,138
2019-05-25 14:02:26.981,0.2,buy,8048.3,BTC-31MAY19-8000-P,80.03,0.037000000000000005,0.2,0,1558792946981,22057746,139
2019-05-25 16:53:36.562,0.2,buy,8041.33,BTC-31MAY19-8000-P,84.06,0.039,0.2,0,1558803216562,22064047,140
2019-05-25 16:53:54.348,0.5,buy,8040.5,BTC-31MAY19-8000-P,85.98,0.04,0.5,0,1558803234348,22064052,141
2019-05-25 16:54:11.322,0.2,buy,8040.29,BTC-31MAY19-8000-P,85.96,0.04,0.2,1,1558803251322,22064056,142
2019-05-25 17:08:06.338,0.1,sell,8045.33,BTC-31MAY19-8000-P,75.49,0.0345,0.1,2,1558804086338,22064286,143
2019-05-25 17:10:02.332,1.0,buy,8040.3,BTC-31MAY19-8000-P,86.04,0.04,1.0,0,1558804202332,22064339,144
2019-05-25 17:54:44.562,0.1,sell,8072.06,BTC-31MAY19-8000-P,75.93,0.033,0.1,2,1558806884562,22065488,145
2019-05-25 22:16:14.108,0.1,buy,8069.25,BTC-31MAY19-8000-P,84.12,0.0365,0.1,0,1558822574108,22075513,146
2019-05-26 00:46:20.670,0.1,buy,8078.32,BTC-31MAY19-8000-P,86.08,0.0365,0.1,1,1558831580670,22078909,147
2019-05-26 00:56:15.429,0.1,buy,8057.3,BTC-31MAY19-8000-P,85.59,0.0375,0.1,0,1558832175429,22079078,148
2019-05-26 02:27:13.921,0.1,sell,8054.19,BTC-31MAY19-8000-P,78.32,0.034,0.1,2,1558837633921,22080758,149
2019-05-26 10:05:44.234,0.1,buy,7977.25,BTC-31MAY19-8000-P,75.66,0.0365,0.1,0,1558865144234,22094176,150
2019-05-26 11:10:01.602,0.1,buy,7969.78,BTC-31MAY19-8000-P,85.77,0.0415,0.1,0,1558869001602,22095916,151
2019-05-26 11:27:30.632,0.3,sell,7946.35,BTC-31MAY19-8000-P,72.61,0.037000000000000005,0.3,2,1558870050632,22097521,152
2019-05-26 11:32:11.824,0.2,sell,7916.22,BTC-31MAY19-8000-P,72.34,0.039,0.2,0,1558870331824,22099013,153
2019-05-26 13:03:42.734,0.2,buy,7946.33,BTC-31MAY19-8000-P,79.69,0.04,0.2,0,1558875822734,22102715,154
2019-05-26 13:46:34.370,0.1,sell,7971.3,BTC-31MAY19-8000-P,69.41,0.0335,0.1,2,1558878394370,22103962,155
2019-05-26 17:18:40.865,1.9,sell,8012.75,BTC-31MAY19-8000-P,70.96,0.031,1.9,3,1558891120865,22110475,157
2019-05-26 17:18:40.865,0.1,sell,8012.75,BTC-31MAY19-8000-P,70.96,0.031,0.1,2,1558891120865,22110474,156
2019-05-26 19:07:41.467,0.1,sell,8054.73,BTC-31MAY19-8000-P,79.65,0.032,0.1,0,1558897661467,22113133,158
2019-05-26 19:08:35.268,1.4,sell,8064.31,BTC-31MAY19-8000-P,74.15,0.028999999999999998,1.4,2,1558897715268,22113334,159
2019-05-26 19:09:26.785,0.1,sell,8065.52,BTC-31MAY19-8000-P,72.04,0.027999999999999997,0.1,2,1558897766785,22113395,160
2019-05-26 19:25:59.535,0.1,buy,8155.79,BTC-31MAY19-8000-P,73.11,0.0235,0.1,2,1558898759535,22116227,161
2019-05-26 19:26:11.958,0.2,sell,8156.47,BTC-31MAY19-8000-P,72.02,0.023,0.2,2,1558898771958,22116333,162
2019-05-26 19:28:47.200,1.8,sell,8213.34,BTC-31MAY19-8000-P,78.61,0.023,1.8,3,1558898927200,22120070,163
2019-05-26 19:30:45.540,1.0,sell,8286.1,BTC-31MAY19-8000-P,71.72,0.017,1.0,2,1558899045540,22123679,164
2019-05-26 19:31:15.907,0.1,sell,8298.41,BTC-31MAY19-8000-P,69.13,0.0155,0.1,2,1558899075907,22125629,165
2019-05-26 19:42:01.409,1.0,buy,8381.6,BTC-31MAY19-8000-P,78.54,0.016,1.0,0,1558899721409,22147057,166
2019-05-26 19:42:49.865,0.8,sell,8425.45,BTC-31MAY19-8000-P,74.36,0.013000000000000001,0.8,2,1558899769865,22148290,167
2019-05-26 20:05:32.486,10.0,buy,8682.21,BTC-31MAY19-8000-P,84.51,0.0095,10.0,2,1558901132486,22169298,168
2019-05-26 20:06:04.129,0.1,buy,8708.98,BTC-31MAY19-8000-P,93.28,0.0115,0.1,0,1558901164129,22170372,169
2019-05-26 20:06:32.164,0.4,sell,8762.75,BTC-31MAY19-8000-P,90.46,0.0095,0.4,2,1558901192164,22171571,170
2019-05-26 20:06:33.248,0.4,sell,8766.17,BTC-31MAY19-8000-P,90.71,0.0095,0.4,3,1558901193248,22171630,171
2019-05-26 20:06:33.533,0.2,sell,8766.17,BTC-31MAY19-8000-P,90.71,0.0095,0.2,3,1558901193533,22171633,172
2019-05-26 20:20:04.414,0.1,sell,8661.05,BTC-31MAY19-8000-P,81.29,0.009000000000000001,0.1,2,1558902004414,22183502,173
2019-05-26 20:38:37.667,0.4,sell,8596.3,BTC-31MAY19-8000-P,83.06,0.011000000000000001,0.4,0,1558903117667,22191071,174
2019-05-26 20:44:46.079,1.0,sell,8628.27,BTC-31MAY19-8000-P,85.63,0.011000000000000001,1.0,1,1558903486079,22193409,175
2019-05-26 20:56:32.144,1.0,buy,8622.53,BTC-31MAY19-8000-P,91.58,0.013000000000000001,1.0,0,1558904192144,22196228,176
2019-05-26 21:10:17.811,0.1,sell,8647.23,BTC-31MAY19-8000-P,87.29,0.011000000000000001,0.1,2,1558905017811,22201378,177
2019-05-26 21:42:31.075,0.4,sell,8635.97,BTC-31MAY19-8000-P,76.4,0.008,0.4,2,1558906951075,22207946,178
2019-05-26 21:42:31.075,0.6,sell,8635.97,BTC-31MAY19-8000-P,72.75,0.006999999999999999,0.6,2,1558906951075,22207947,179
2019-05-26 22:14:30.807,2.9,sell,8715.05,BTC-31MAY19-8000-P,80.5,0.0075,2.9,0,1558908870807,22214591,180
2019-05-26 22:42:50.825,0.1,sell,8664.7,BTC-31MAY19-8000-P,85.94,0.01,0.1,0,1558910570825,22223730,181
2019-05-27 00:08:09.634,0.6,buy,8799.55,BTC-31MAY19-8000-P,100.33,0.011000000000000001,0.6,0,1558915689634,22236126,182
2019-05-27 00:20:43.357,0.2,sell,8895.42,BTC-31MAY19-8000-P,100.01,0.009000000000000001,0.2,2,1558916443357,22241644,183
2019-05-27 00:25:33.369,0.2,buy,8904.14,BTC-31MAY19-8000-P,100.67,0.009000000000000001,0.2,3,1558916733369,22244362,184
2019-05-27 00:29:34.001,0.2,buy,8877.01,BTC-31MAY19-8000-P,113.42,0.013000000000000001,0.2,0,1558916974001,22245955,185
2019-05-27 00:31:32.789,0.1,buy,8883.73,BTC-31MAY19-8000-P,113.95,0.013000000000000001,0.1,1,1558917092789,22246506,186
2019-05-27 00:35:58.506,0.3,sell,8861.15,BTC-31MAY19-8000-P,105.18,0.011000000000000001,0.3,2,1558917358506,22248437,187
2019-05-27 01:00:29.574,1.5,sell,8905.72,BTC-31MAY19-8000-P,104.93,0.01,1.5,2,1558918829574,22253839,188
2019-05-27 03:55:05.543,2.0,buy,8762.53,BTC-31MAY19-8000-P,104.57,0.0125,2.0,0,1558929305543,22272187,189
2019-05-27 05:43:20.028,3.0,buy,8744.53,BTC-31MAY19-8000-P,104.06,0.0125,3.0,1,1558935800028,22276693,190
2019-05-27 05:51:50.968,0.2,sell,8732.28,BTC-31MAY19-8000-P,101.43,0.012,0.2,2,1558936310968,22276861,191
2019-05-27 06:57:56.669,0.5,sell,8756.99,BTC-31MAY19-8000-P,96.8,0.01,0.5,2,1558940276669,22278451,192
2019-05-27 07:01:33.775,0.6,sell,8762.41,BTC-31MAY19-8000-P,99.1,0.0105,0.6,0,1558940493775,22278514,193
2019-05-27 07:01:34.940,0.6,sell,8762.43,BTC-31MAY19-8000-P,99.1,0.0105,0.6,1,1558940494940,22278516,194
2019-05-27 07:01:35.999,0.6,sell,8762.43,BTC-31MAY19-8000-P,99.1,0.0105,0.6,1,1558940495999,22278520,195
2019-05-27 07:04:48.741,0.2,buy,8777.46,BTC-31MAY19-8000-P,102.13,0.011000000000000001,0.2,0,1558940688741,22278686,196
2019-05-27 07:44:54.561,0.6,buy,8777.93,BTC-31MAY19-8000-P,104.33,0.0115,0.6,0,1558943094561,22279780,197
2019-05-27 07:45:02.464,0.4,sell,8777.93,BTC-31MAY19-8000-P,104.33,0.0115,0.4,1,1558943102464,22279783,198
2019-05-27 08:23:04.910,7.5,buy,8746.27,BTC-31MAY19-8000-P,105.65,0.0125,7.5,0,1558945384910,22281427,199
2019-05-27 08:46:19.894,0.1,buy,8752.93,BTC-31MAY19-8000-P,104.65,0.012,0.1,2,1558946779894,22282048,200
2019-05-27 11:37:31.787,1.3,sell,8700.87,BTC-31MAY19-8000-P,94.71,0.01,1.3,2,1558957051787,22289559,201
2019-05-27 11:41:14.968,0.2,sell,8708.85,BTC-31MAY19-8000-P,91.61,0.009000000000000001,0.2,2,1558957274968,22289608,202
2019-05-27 13:01:26.122,0.1,sell,8834.81,BTC-31MAY19-8000-P,97.98,0.008,0.1,2,1558962086122,22299566,203
2019-05-27 13:18:38.274,1.0,sell,8813.58,BTC-31MAY19-8000-P,100.67,0.009000000000000001,1.0,0,1558963118274,22301432,204
2019-05-27 14:40:39.706,0.4,sell,8816.66,BTC-31MAY19-8000-P,97.51,0.008,0.4,2,1558968039706,22307138,205
2019-05-27 15:13:01.205,0.5,sell,8863.04,BTC-31MAY19-8000-P,99.12,0.0075,0.5,2,1558969981205,22310125,206
2019-05-27 15:31:08.858,0.8,buy,8845.04,BTC-31MAY19-8000-P,110.44,0.0105,0.8,0,1558971068858,22313140,208
2019-05-27 15:31:08.858,0.8,buy,8845.04,BTC-31MAY19-8000-P,100.13,0.008,0.8,0,1558971068858,22313139,207
2019-05-27 16:42:31.892,0.6,sell,8769.15,BTC-31MAY19-8000-P,97.04,0.0085,0.6,2,1558975351892,22324625,209
2019-05-27 17:59:44.529,0.2,buy,8709.41,BTC-31MAY19-8000-P,100.78,0.0105,0.2,0,1558979984529,22345003,210
2019-05-27 19:42:29.946,0.8,buy,8803.85,BTC-31MAY19-8000-P,101.51,0.0085,0.8,2,1558986149946,22352560,211
2019-05-27 19:42:29.946,0.2,buy,8803.85,BTC-31MAY19-8000-P,105.7,0.0095,0.2,0,1558986149946,22352561,212
2019-05-27 19:54:43.103,0.1,sell,8810.41,BTC-31MAY19-8000-P,100.01,0.008,0.1,2,1558986883103,22352695,213
2019-05-27 19:59:19.828,0.6,sell,8812.95,BTC-31MAY19-8000-P,98.04,0.0075,0.6,2,1558987159828,22352876,214
2019-05-27 19:59:19.828,2.0,sell,8812.95,BTC-31MAY19-8000-P,98.04,0.0075,2.0,3,1558987159828,22352877,215
2019-05-27 20:40:19.343,0.2,sell,8766.77,BTC-31MAY19-8000-P,96.99,0.008,0.2,0,1558989619343,22356044,216
2019-05-27 20:40:24.919,0.3,sell,8766.77,BTC-31MAY19-8000-P,94.81,0.0075,0.3,2,1558989624919,22356045,217
2019-05-27 20:43:04.471,0.3,sell,8765.14,BTC-31MAY19-8000-P,94.71,0.0075,0.3,3,1558989784471,22356123,218
2019-05-27 21:45:59.688,0.7000000000000001,sell,8791.44,BTC-31MAY19-8000-P,97.4,0.0075,0.7000000000000001,3,1558993559688,22358876,219
2019-05-28 01:44:52.835,49.4,sell,8798.09,BTC-31MAY19-8000-P,98.06,0.006999999999999999,49.4,2,1559007892835,22371856,220
2019-05-28 01:50:04.639,0.6,buy,8786.03,BTC-31MAY19-8000-P,97.15,0.006999999999999999,0.6,3,1559008204639,22371931,221
2019-05-28 01:50:04.639,0.4,buy,8786.03,BTC-31MAY19-8000-P,101.73,0.008,0.4,0,1559008204639,22371932,222
2019-05-28 03:34:39.846,0.1,buy,8775.62,BTC-31MAY19-8000-P,102.02,0.008,0.1,1,1559014479846,22374255,223
2019-05-28 08:27:13.005,0.4,sell,8721.65,BTC-31MAY19-8000-P,93.69,0.0065,0.4,2,1559032033005,22391188,224
2019-05-28 08:27:48.191,0.6,sell,8722.55,BTC-31MAY19-8000-P,93.78,0.0065,0.6,3,1559032068191,22391201,225
2019-05-28 09:05:20.548,3.0,sell,8744.27,BTC-31MAY19-8000-P,96.02,0.0065,3.0,3,1559034320548,22392184,226
2019-05-28 09:57:48.477,1.3,sell,8724.97,BTC-31MAY19-8000-P,97.42,0.006999999999999999,1.3,0,1559037468477,22393793,227
2019-05-28 10:27:43.173,1.0,buy,8701.2,BTC-31MAY19-8000-P,98.07,0.0075,1.0,0,1559039263173,22395899,228
2019-05-28 13:30:11.776,0.2,buy,8590.13,BTC-31MAY19-8000-P,90.04,0.0075,0.2,1,1559050211776,22409663,229
2019-05-28 13:32:09.916,6.0,sell,8592.62,BTC-31MAY19-8000-P,85.69,0.0065,6.0,2,1559050329916,22413573,230
2019-05-28 14:12:22.731,3.8,buy,8662.49,BTC-31MAY19-8000-P,92.46,0.0065,3.8,3,1559052742731,22418324,231
2019-05-28 14:12:39.905,0.2,sell,8660.83,BTC-31MAY19-8000-P,92.32,0.0065,0.2,3,1559052759905,22418337,232
2019-05-28 15:37:05.829,1.5,sell,8694.51,BTC-31MAY19-8000-P,88.4,0.005,1.5,2,1559057825829,22421497,233
2019-05-28 17:34:56.196,0.1,sell,8757.77,BTC-31MAY19-8000-P,98.08,0.0055,0.1,0,1559064896196,22430314,234
2019-05-28 17:38:40.629,0.9,sell,8799.31,BTC-31MAY19-8000-P,101.69,0.0055,0.9,1,1559065120629,22431882,235
2019-05-28 18:42:50.944,1.0,sell,8766.48,BTC-31MAY19-8000-P,96.82,0.005,1.0,2,1559068970944,22437370,236
2019-05-28 21:12:28.749,1.0,sell,8681.92,BTC-31MAY19-8000-P,91.37,0.005,1.0,3,1559077948749,22447667,237
2019-05-28 23:04:05.206,0.5,buy,8696.21,BTC-31MAY19-8000-P,97.07,0.0055,0.5,0,1559084645206,22450730,238
2019-05-28 23:04:35.107,2.6,buy,8690.47,BTC-31MAY19-8000-P,96.55,0.0055,2.6,1,1559084675107,22450752,239
2019-05-28 23:08:18.993,1.5,sell,8695.46,BTC-31MAY19-8000-P,94.14,0.005,1.5,2,1559084898993,22450826,240
2019-05-29 03:38:43.225,1.0,sell,8657.47,BTC-31MAY19-8000-P,97.48,0.0055,1.0,0,1559101123225,22462338,241
2019-05-29 03:46:56.302,0.5,sell,8650.83,BTC-31MAY19-8000-P,96.96,0.0055,0.5,1,1559101616302,22462699,242
2019-05-29 05:38:17.706,5.0,buy,8505.64,BTC-31MAY19-8000-P,96.61,0.008,5.0,0,1559108297706,22474451,243
2019-05-29 05:38:17.706,1.0,buy,8505.64,BTC-31MAY19-8000-P,96.61,0.008,1.0,1,1559108297706,22474452,244
2019-05-29 06:02:18.835,6.0,buy,8472.29,BTC-31MAY19-8000-P,100.16,0.0095,6.0,0,1559109738835,22480586,245
2019-05-29 06:27:26.384,0.1,sell,8533.53,BTC-31MAY19-8000-P,100.58,0.008,0.1,2,1559111246384,22482245,246
2019-05-29 09:58:22.901,3.1,sell,8607.39,BTC-31MAY19-8000-P,98.7,0.0055,3.1,2,1559123902901,22496185,247
2019-05-29 10:00:04.362,0.2,sell,8625.95,BTC-31MAY19-8000-P,100.7,0.0055,0.2,3,1559124004362,22496602,248
2019-05-29 10:23:42.193,4.0,buy,8633.37,BTC-31MAY19-8000-P,101.92,0.0055,4.0,3,1559125422193,22499337,249
2019-05-29 11:18:29.828,10.0,sell,8660.82,BTC-31MAY19-8000-P,99.27,0.0045,10.0,3,1559128709828,22503762,251
2019-05-29 11:18:29.828,6.0,sell,8660.82,BTC-31MAY19-8000-P,99.27,0.0045,6.0,2,1559128709828,22503761,250
2019-05-29 12:31:40.792,1.0,buy,8625.86,BTC-31MAY19-8000-P,103.58,0.0055,1.0,0,1559133100792,22507008,252
2019-05-29 12:43:20.085,0.1,buy,8626.15,BTC-31MAY19-8000-P,103.83,0.0055,0.1,1,1559133800085,22507381,253
2019-05-29 15:23:08.741,2.0,buy,8732.51,BTC-31MAY19-8000-P,103.83,0.0035,2.0,2,1559143388741,22522297,254
2019-05-29 20:23:51.627,1.0,buy,8664.58,BTC-31MAY19-8000-P,107.74,0.004,1.0,0,1559161431627,22537614,255
2019-05-30 00:12:16.652,1.0,sell,8630.14,BTC-31MAY19-8000-P,101.11,0.003,1.0,2,1559175136652,22548519,256
2019-05-30 00:57:57.927,1.0,buy,8677.3,BTC-31MAY19-8000-P,107.71,0.003,1.0,3,1559177877927,22551178,257
2019-05-30 03:42:27.285,1.0,buy,8661.62,BTC-31MAY19-8000-P,110.94,0.003,1.0,3,1559187747285,22573830,258
2019-05-30 05:27:09.904,1.0,buy,8730.0,BTC-31MAY19-8000-P,110.85,0.002,1.0,2,1559194029904,22582780,259
2019-05-30 05:27:48.195,2.0,sell,8730.32,BTC-31MAY19-8000-P,110.93,0.002,2.0,3,1559194068195,22582796,260
2019-05-30 05:33:38.921,1.0,sell,8725.93,BTC-31MAY19-8000-P,110.64,0.002,1.0,3,1559194418921,22583023,261
2019-05-30 05:33:55.804,0.5,buy,8725.86,BTC-31MAY19-8000-P,116.9,0.0025,0.5,0,1559194435804,22583025,262
2019-05-30 05:33:55.804,0.5,buy,8725.86,BTC-31MAY19-8000-P,116.9,0.0025,0.5,1,1559194435804,22583026,263
2019-05-30 06:05:21.947,1.0,sell,8709.78,BTC-31MAY19-8000-P,109.9,0.002,1.0,2,1559196321947,22584749,264
2019-05-30 07:42:40.803,0.1,sell,8717.93,BTC-31MAY19-8000-P,114.49,0.002,0.1,3,1559202160803,22587989,265
2019-05-30 09:11:19.316,0.1,buy,8703.82,BTC-31MAY19-8000-P,116.4,0.002,0.1,3,1559207479316,22591459,266
2019-05-30 11:26:57.264,2.0,sell,8731.05,BTC-31MAY19-8000-P,118.06,0.0015,2.0,2,1559215617264,22598279,267
2019-05-30 11:26:57.264,0.2,sell,8731.05,BTC-31MAY19-8000-P,118.06,0.0015,0.2,3,1559215617264,22598280,268
2019-05-30 11:26:57.264,0.1,sell,8731.05,BTC-31MAY19-8000-P,118.06,0.0015,0.1,3,1559215617264,22598281,269
2019-05-30 11:46:26.757,0.7000000000000001,buy,8723.55,BTC-31MAY19-8000-P,118.06,0.0015,0.7000000000000001,3,1559216786757,22598956,270
2019-05-30 14:33:55.729,1.0,sell,8717.32,BTC-31MAY19-8000-P,116.0,0.001,1.0,2,1559226835729,22605400,271
2019-05-30 15:57:53.332,1.0,sell,8940.17,BTC-31MAY19-8000-P,149.23,0.001,1.0,3,1559231873332,22617661,272
2019-05-30 16:00:29.757,1.0,sell,8974.9,BTC-31MAY19-8000-P,153.66,0.001,1.0,3,1559232029757,22619787,274
2019-05-30 16:00:29.757,23.0,sell,8974.9,BTC-31MAY19-8000-P,153.66,0.001,23.0,3,1559232029757,22619786,273
2019-05-30 16:23:02.071,8.1,buy,8709.28,BTC-31MAY19-8000-P,121.5,0.001,8.1,3,1559233382071,22647527,275
2019-05-30 17:08:19.575,4.0,sell,8545.88,BTC-31MAY19-8000-P,127.02,0.0025,4.0,0,1559236099575,22662754,276
2019-05-30 17:26:54.082,5.0,buy,8607.73,BTC-31MAY19-8000-P,138.62,0.0025,5.0,1,1559237214082,22666972,277
2019-05-30 17:31:18.653,0.1,sell,8617.33,BTC-31MAY19-8000-P,113.32,0.001,0.1,2,1559237478653,22667612,278
2019-05-30 18:23:40.204,2.0,buy,8627.3,BTC-31MAY19-8000-P,146.68,0.0025,2.0,0,1559240620204,22672525,279
2019-05-30 19:47:49.503,0.5,sell,8595.37,BTC-31MAY19-8000-P,140.77,0.002,0.5,2,1559245669503,22677175,280
2019-05-30 20:25:48.360,0.8,buy,8419.22,BTC-31MAY19-8000-P,112.22,0.002,0.8,3,1559247948360,22687466,281
2019-05-30 21:00:02.175,0.1,buy,8459.66,BTC-31MAY19-8000-P,138.03,0.003,0.1,0,1559250002175,22696460,282
2019-05-30 21:00:11.128,0.9,buy,8462.74,BTC-31MAY19-8000-P,138.66,0.003,0.9,1,1559250011128,22696466,283
2019-05-30 21:20:20.623,24.0,buy,8297.86,BTC-31MAY19-8000-P,126.95,0.005,24.0,0,1559251220623,22707600,284
2019-05-30 21:20:23.523,24.0,sell,8299.07,BTC-31MAY19-8000-P,127.26,0.005,24.0,1,1559251223523,22707609,285
2019-05-30 21:20:23.841,7.0,sell,8299.07,BTC-31MAY19-8000-P,127.26,0.005,7.0,1,1559251223841,22707611,286
2019-05-30 21:23:17.195,1.9,sell,8217.1,BTC-31MAY19-8000-P,110.88,0.0055,1.9,0,1559251397195,22709894,287
2019-05-30 21:23:21.900,2.1,sell,8213.47,BTC-31MAY19-8000-P,109.88,0.0055,2.1,1,1559251401900,22709964,288
2019-05-30 21:23:40.716,5.0,buy,8213.1,BTC-31MAY19-8000-P,132.09,0.008,5.0,0,1559251420716,22710511,289
2019-05-30 21:24:22.997,2.2,sell,8212.9,BTC-31MAY19-8000-P,109.81,0.0055,2.2,2,1559251462997,22711179,290
2019-05-30 21:25:02.950,0.1,sell,8186.27,BTC-31MAY19-8000-P,128.29,0.0085,0.1,0,1559251502950,22712468,291
2019-05-30 21:25:24.251,5.0,buy,8155.63,BTC-31MAY19-8000-P,122.7,0.009000000000000001,5.0,0,1559251524251,22713381,292
2019-05-30 21:25:24.484,5.0,buy,8155.63,BTC-31MAY19-8000-P,122.7,0.009000000000000001,5.0,1,1559251524484,22713387,293
2019-05-30 21:25:29.665,1.0,buy,8143.78,BTC-31MAY19-8000-P,118.84,0.009000000000000001,1.0,1,1559251529665,22713805,294
2019-05-30 21:25:31.612,5.0,buy,8139.46,BTC-31MAY19-8000-P,125.43,0.01,5.0,0,1559251531612,22713927,295
2019-05-30 21:26:00.129,1.0,buy,8111.74,BTC-31MAY19-8000-P,123.61,0.011000000000000001,1.0,0,1559251560129,22715070,296
2019-05-30 21:27:08.153,2.0,buy,8042.94,BTC-31MAY19-8000-P,119.74,0.013999999999999999,2.0,0,1559251628153,22717003,297
2019-05-30 21:28:28.986,0.1,buy,8004.36,BTC-31MAY19-8000-P,117.66,0.016,0.1,0,1559251708986,22720262,298
2019-05-30 21:28:28.986,0.5,buy,8004.36,BTC-31MAY19-8000-P,121.27,0.0165,0.5,0,1559251708986,22720263,299
2019-05-30 21:28:33.726,2.0,sell,8010.14,BTC-31MAY19-8000-P,123.98,0.0165,2.0,1,1559251713726,22720444,300
2019-05-30 21:28:38.598,0.5,sell,8006.6,BTC-31MAY19-8000-P,122.39,0.0165,0.5,1,1559251718598,22720669,301
2019-05-30 21:28:54.361,5.0,sell,8049.93,BTC-31MAY19-8000-P,141.12,0.0165,5.0,1,1559251734361,22721129,302
2019-05-30 21:28:57.215,6.0,sell,8049.71,BTC-31MAY19-8000-P,141.03,0.0165,6.0,1,1559251737215,22721255,303
2019-05-30 21:28:58.499,2.0,sell,8059.22,BTC-31MAY19-8000-P,144.94,0.0165,2.0,1,1559251738499,22721289,304
2019-05-30 21:28:58.726,16.9,sell,8059.22,BTC-31MAY19-8000-P,144.94,0.0165,16.9,1,1559251738726,22721306,305
2019-05-30 21:29:04.690,1.0,buy,8043.55,BTC-31MAY19-8000-P,105.53,0.012,1.0,2,1559251744690,22721456,306
2019-05-30 21:29:04.690,1.0,buy,8043.55,BTC-31MAY19-8000-P,105.53,0.012,1.0,3,1559251744690,22721457,307
2019-05-30 21:32:07.587,1.0,buy,8137.81,BTC-31MAY19-8000-P,117.52,0.009000000000000001,1.0,2,1559251927587,22724941,308
2019-05-30 21:32:45.905,0.5,buy,8132.07,BTC-31MAY19-8000-P,123.61,0.01,0.5,0,1559251965905,22725565,309
2019-05-30 21:32:55.577,0.4,buy,8123.18,BTC-31MAY19-8000-P,120.56,0.01,0.4,1,1559251975577,22725746,310
2019-05-30 21:32:58.155,0.1,buy,8117.15,BTC-31MAY19-8000-P,118.46,0.01,0.1,1,1559251978155,22725881,311
2019-05-30 21:33:13.730,1.0,buy,8100.42,BTC-31MAY19-8000-P,116.39,0.0105,1.0,0,1559251993730,22726335,312
2019-05-30 21:35:15.428,1.0,buy,8139.19,BTC-31MAY19-8000-P,122.26,0.0095,1.0,2,1559252115428,22727774,313
2019-05-30 21:35:17.215,6.0,sell,8139.99,BTC-31MAY19-8000-P,126.51,0.01,6.0,0,1559252117215,22727778,314
2019-05-30 21:35:57.102,10.0,sell,8169.34,BTC-31MAY19-8000-P,136.39,0.01,10.0,1,1559252157102,22728146,315
2019-05-30 21:36:09.265,5.0,sell,8172.45,BTC-31MAY19-8000-P,137.4,0.01,5.0,1,1559252169265,22728208,316
2019-05-30 21:36:17.710,3.0,sell,8177.39,BTC-31MAY19-8000-P,139.01,0.01,3.0,1,1559252177710,22728264,317
2019-05-30 21:36:22.235,1.0,buy,8181.27,BTC-31MAY19-8000-P,119.4,0.0075,1.0,2,1559252182235,22728274,318
2019-05-30 21:36:22.235,1.0,buy,8181.27,BTC-31MAY19-8000-P,119.4,0.0075,1.0,3,1559252182235,22728275,319
2019-05-30 21:39:37.569,1.0,sell,8257.29,BTC-31MAY19-8000-P,128.24,0.006,1.0,2,1559252377569,22730083,320
2019-05-30 22:29:33.143,1.0,sell,8246.15,BTC-31MAY19-8000-P,104.2,0.0035,1.0,2,1559255373143,22745145,321
2019-05-30 22:42:50.120,1.0,sell,8313.77,BTC-31MAY19-8000-P,102.19,0.002,1.0,2,1559256170120,22746281,322
2019-05-30 22:59:25.614,3.0,buy,8274.62,BTC-31MAY19-8000-P,114.45,0.0035,3.0,0,1559257165614,22748406,323
2019-05-30 23:18:37.604,2.0,buy,8228.15,BTC-31MAY19-8000-P,146.01,0.0075,2.0,0,1559258317604,22750159,324
2019-05-31 01:49:15.208,0.2,sell,8360.58,BTC-31MAY19-8000-P,137.96,0.002,0.2,2,1559267355208,22759377,325
2019-05-31 01:50:54.687,1.0,buy,8341.47,BTC-31MAY19-8000-P,151.07,0.003,1.0,0,1559267454687,22759549,326
2019-05-31 02:37:46.725,0.8,sell,8334.37,BTC-31MAY19-8000-P,140.47,0.002,0.8,2,1559270266725,22761328,327
2019-05-31 02:37:46.725,1.0,sell,8334.37,BTC-31MAY19-8000-P,140.47,0.002,1.0,3,1559270266725,22761329,328
2019-05-31 02:37:46.725,1.0,sell,8334.37,BTC-31MAY19-8000-P,140.47,0.002,1.0,3,1559270266725,22761330,329
2019-05-31 02:37:46.725,1.0,sell,8334.37,BTC-31MAY19-8000-P,140.47,0.002,1.0,3,1559270266725,22761331,330
2019-05-31 02:37:46.725,1.0,sell,8334.37,BTC-31MAY19-8000-P,140.47,0.002,1.0,3,1559270266725,22761332,331
2019-05-31 02:37:46.725,1.0,sell,8334.37,BTC-31MAY19-8000-P,140.47,0.002,1.0,3,1559270266725,22761333,332
2019-05-31 02:37:46.725,1.0,sell,8334.37,BTC-31MAY19-8000-P,140.47,0.002,1.0,3,1559270266725,22761334,333
2019-05-31 02:51:40.625,1.0,buy,8300.04,BTC-31MAY19-8000-P,151.9,0.003,1.0,0,1559271100625,22761873,334
2019-05-31 03:03:06.938,1.0,buy,8240.65,BTC-31MAY19-8000-P,125.86,0.0025,1.0,2,1559271786938,22763132,335
2019-05-31 03:36:05.370,1.0,buy,8223.85,BTC-31MAY19-8000-P,127.41,0.0025,1.0,3,1559273765370,22765970,336
