date_utc,amount,direction,indexPrice,instrument,iv,price,quantity,tickDirection,timeStamp,tradeId,tradeSeq
2019-05-24 08:13:02.445,0.5,sell,7932.07,BTC-7JUN19-9000-C,89.21,0.0255,0.5,1,1558685582445,21970100,1
2019-05-24 14:08:16.929,4.0,buy,8001.91,BTC-7JUN19-9000-C,92.08,0.029,4.0,0,1558706896929,21990855,2
2019-05-24 15:11:56.224,0.1,buy,8104.79,BTC-7JUN19-9000-C,87.95,0.0295,0.1,0,1558710716224,21995137,3
2019-05-24 15:11:56.224,1.0,buy,8104.79,BTC-7JUN19-9000-C,87.95,0.0295,1.0,1,1558710716224,21995138,4
2019-05-24 15:18:36.368,4.0,buy,8136.9,BTC-7JUN19-9000-C,93.67,0.0345,4.0,0,1558711116368,21997257,5
2019-05-24 15:54:26.930,3.9,buy,8126.83,BTC-7JUN19-9000-C,95.71,0.0355,3.9,0,1558713266930,22000069,6
2019-05-24 15:54:26.930,11.1,buy,8126.83,BTC-7JUN19-9000-C,95.71,0.0355,11.1,1,1558713266930,22000070,7
2019-05-24 16:31:27.392,20.0,buy,8154.45,BTC-7JUN19-9000-C,96.53,0.037000000000000005,20.0,0,1558715487392,22003542,8
2019-05-24 16:31:27.392,80.0,buy,8154.45,BTC-7JUN19-9000-C,96.53,0.037000000000000005,80.0,1,1558715487392,22003543,9
2019-05-25 07:10:26.191,0.1,sell,7969.42,BTC-7JUN19-9000-C,92.22,0.0265,0.1,2,1558768226191,22041252,10
2019-05-25 16:22:18.626,0.1,buy,8041.75,BTC-7JUN19-9000-C,95.53,0.03,0.1,0,1558801338626,22063061,11
2019-05-25 16:22:18.626,1.0,buy,8041.75,BTC-7JUN19-9000-C,95.53,0.03,1.0,1,1558801338626,22063062,12
2019-05-25 16:22:18.626,3.9,buy,8041.75,BTC-7JUN19-9000-C,96.3,0.0305,3.9,0,1558801338626,22063063,13
2019-05-25 22:36:05.734,0.3,buy,8067.17,BTC-7JUN19-9000-C,95.21,0.03,0.3,2,1558823765734,22075715,14
2019-05-26 19:28:43.164,0.1,buy,8199.47,BTC-7JUN19-9000-C,83.49,0.025,0.1,2,1558898923164,22119641,15
2019-05-26 19:30:31.773,0.1,buy,8258.35,BTC-7JUN19-9000-C,83.58,0.027000000000000003,0.1,0,1558899031773,22122662,16
2019-05-26 19:30:40.040,0.2,buy,8275.19,BTC-7JUN19-9000-C,84.25,0.028,0.2,0,1558899040040,22123348,17
2019-05-26 19:30:40.596,0.2,buy,8275.71,BTC-7JUN19-9000-C,84.22,0.028,0.2,1,1558899040596,22123418,18
2019-05-26 19:30:44.457,0.3,buy,8283.95,BTC-7JUN19-9000-C,83.77,0.028,0.3,1,1558899044457,22123602,19
2019-05-26 19:46:55.864,5.0,buy,8436.71,BTC-7JUN19-9000-C,100.0,0.0445,5.0,0,1558900015864,22151814,20
2019-05-26 19:46:56.056,0.2,sell,8436.71,BTC-7JUN19-9000-C,100.73,0.045,0.2,0,1558900016056,22151823,21
2019-05-26 19:47:01.441,10.0,sell,8436.09,BTC-7JUN19-9000-C,100.77,0.045,10.0,1,1558900021441,22151864,22
2019-05-26 19:47:07.344,3.0,sell,8427.2,BTC-7JUN19-9000-C,101.3,0.045,3.0,1,1558900027344,22151949,23
2019-05-26 19:47:15.102,0.2,sell,8425.32,BTC-7JUN19-9000-C,101.42,0.045,0.2,1,1558900035102,22152075,24
2019-05-26 19:47:15.220,6.6000000000000005,sell,8424.68,BTC-7JUN19-9000-C,101.46,0.045,6.6000000000000005,1,1558900035220,22152077,25
2019-05-26 20:48:37.033,0.2,sell,8649.83,BTC-7JUN19-9000-C,94.86,0.05,0.2,0,1558903717033,22194446,26
2019-05-26 20:49:48.628,0.2,sell,8664.13,BTC-7JUN19-9000-C,94.65,0.0505,0.2,0,1558903788628,22194767,27
2019-05-26 21:07:58.482,0.2,sell,8586.66,BTC-7JUN19-9000-C,93.91,0.0465,0.2,2,1558904878482,22199342,28
2019-05-26 21:08:18.161,2.0,buy,8604.94,BTC-7JUN19-9000-C,92.76,0.0465,2.0,3,1558904898161,22199733,29
2019-05-26 21:08:18.839,0.2,buy,8604.94,BTC-7JUN19-9000-C,92.76,0.0465,0.2,3,1558904898839,22199735,30
2019-05-26 21:08:18.955,0.2,buy,8604.94,BTC-7JUN19-9000-C,92.76,0.0465,0.2,3,1558904898955,22199741,31
2019-05-26 21:08:59.233,2.4,buy,8619.1,BTC-7JUN19-9000-C,91.86,0.0465,2.4,3,1558904939233,22200076,32
2019-05-26 23:30:03.914,0.5,buy,8735.87,BTC-7JUN19-9000-C,103.95,0.06,0.5,0,1558913403914,22229222,33
2019-05-26 23:55:04.999,1.3,buy,8744.93,BTC-7JUN19-9000-C,122.64,0.0735,1.3,0,1558914904999,22233573,34
2019-05-27 00:31:01.082,1.0,sell,8882.63,BTC-7JUN19-9000-C,115.39,0.075,1.0,0,1558917061082,22246384,35
2019-05-27 00:34:46.221,0.9,buy,8847.81,BTC-7JUN19-9000-C,94.35,0.0585,0.9,2,1558917286221,22248180,36
2019-05-27 02:29:07.768,0.7000000000000001,buy,8762.48,BTC-7JUN19-9000-C,105.58,0.062,0.7000000000000001,0,1558924147768,22266120,37
2019-05-27 02:32:58.200,0.3,sell,8722.45,BTC-7JUN19-9000-C,105.44,0.06,0.3,2,1558924378200,22266475,38
2019-05-27 04:03:30.838,1.0,sell,8770.28,BTC-7JUN19-9000-C,102.49,0.06,1.0,3,1558929810838,22272515,39
2019-05-27 04:20:55.536,0.7000000000000001,sell,8736.29,BTC-7JUN19-9000-C,104.86,0.06,0.7000000000000001,3,1558930855536,22273133,40
2019-05-27 04:32:20.552,0.4,buy,8716.2,BTC-7JUN19-9000-C,107.69,0.061,0.4,0,1558931540552,22274065,41
2019-05-27 05:49:33.127,0.1,sell,8734.53,BTC-7JUN19-9000-C,100.22,0.0565,0.1,2,1558936173127,22276828,42
2019-05-27 05:51:23.475,2.2,buy,8731.02,BTC-7JUN19-9000-C,107.67,0.0615,2.2,0,1558936283475,22276855,43
2019-05-27 09:11:01.150,0.2,sell,8761.1,BTC-7JUN19-9000-C,102.67,0.059,0.2,2,1558948261150,22282752,44
2019-05-27 09:19:43.979,0.2,buy,8758.97,BTC-7JUN19-9000-C,109.37,0.0635,0.2,0,1558948783979,22282910,45
2019-05-27 12:04:35.013,1.0,buy,8795.07,BTC-7JUN19-9000-C,108.15,0.064,1.0,0,1558958675013,22292758,46
2019-05-27 14:22:39.457,0.5,buy,8784.53,BTC-7JUN19-9000-C,107.18,0.0625,0.5,2,1558966959457,22305843,47
2019-05-27 15:25:24.522,0.1,buy,8846.16,BTC-7JUN19-9000-C,115.47,0.071,0.1,0,1558970724522,22312612,48
2019-05-27 17:50:42.075,0.3,sell,8717.88,BTC-7JUN19-9000-C,102.24,0.0555,0.3,2,1558979442075,22343942,49
2019-05-27 18:23:39.244,15.0,sell,8756.86,BTC-7JUN19-9000-C,101.12,0.0565,15.0,2,1558981419244,22346314,51
2019-05-27 18:23:39.244,0.2,sell,8756.86,BTC-7JUN19-9000-C,101.86,0.057,0.2,0,1558981419244,22346313,50
2019-05-27 18:23:39.247,9.8,buy,8756.86,BTC-7JUN19-9000-C,100.38,0.056,9.8,2,1558981419247,22346315,52
2019-05-28 03:53:44.951,1.0,buy,8772.46,BTC-7JUN19-9000-C,107.22,0.06,1.0,0,1559015624951,22374649,53
2019-05-28 04:15:55.890,0.1,sell,8794.58,BTC-7JUN19-9000-C,104.2,0.059,0.1,2,1559016955890,22375289,54
2019-05-28 05:24:55.637,0.2,buy,8772.75,BTC-7JUN19-9000-C,106.78,0.0595,0.2,0,1559021095637,22377456,55
2019-05-28 05:24:55.947,0.2,buy,8772.75,BTC-7JUN19-9000-C,106.78,0.0595,0.2,1,1559021095947,22377458,56
2019-05-28 05:31:11.447,21.4,sell,8768.95,BTC-7JUN19-9000-C,104.06,0.0575,21.4,2,1559021471447,22377704,57
2019-05-28 12:56:02.519,1.2,sell,8718.75,BTC-7JUN19-9000-C,100.86,0.052000000000000005,1.2,2,1559048162519,22403711,58
2019-05-28 12:56:09.292,4.8,sell,8718.4,BTC-7JUN19-9000-C,100.89,0.052000000000000005,4.8,3,1559048169292,22403716,59
2019-05-28 13:30:12.441,5.3,sell,8587.57,BTC-7JUN19-9000-C,95.34,0.0425,5.3,2,1559050212441,22409735,60
2019-05-28 13:30:32.895,4.0,sell,8556.31,BTC-7JUN19-9000-C,96.66,0.042,4.0,2,1559050232895,22411345,61
2019-05-28 15:21:26.223,10.0,buy,8688.86,BTC-7JUN19-9000-C,100.42,0.05,10.0,0,1559056886223,22421143,62
2019-05-28 16:31:20.314,0.5,buy,8681.74,BTC-7JUN19-9000-C,101.95,0.0505,0.5,0,1559061080314,22426067,63
2019-05-29 00:31:20.556,16.7,sell,8668.82,BTC-7JUN19-9000-C,102.31,0.049,16.7,2,1559089880556,22454296,64
2019-05-29 01:47:31.691,1.1,buy,8683.81,BTC-7JUN19-9000-C,102.32,0.0495,1.1,0,1559094451691,22456535,65
2019-05-29 06:05:34.204,0.2,sell,8486.51,BTC-7JUN19-9000-C,98.45,0.038,0.2,2,1559109934204,22480852,66
2019-05-29 06:05:46.127,0.2,sell,8487.34,BTC-7JUN19-9000-C,98.39,0.038,0.2,3,1559109946127,22480859,67
2019-05-29 06:09:53.039,0.2,sell,8503.06,BTC-7JUN19-9000-C,97.35,0.038,0.2,3,1559110193039,22481089,68
2019-05-29 06:09:53.039,0.3,sell,8503.06,BTC-7JUN19-9000-C,97.35,0.038,0.3,3,1559110193039,22481090,69
2019-05-29 07:40:12.357,1.0,buy,8552.9,BTC-7JUN19-9000-C,101.69,0.0425,1.0,0,1559115612357,22487183,70
2019-05-29 09:00:30.747,0.3,sell,8596.27,BTC-7JUN19-9000-C,93.21,0.039,0.3,2,1559120430747,22493290,71
2019-05-29 13:32:08.205,0.1,buy,8735.0,BTC-7JUN19-9000-C,95.6,0.046,0.1,0,1559136728205,22511086,72
2019-05-29 13:36:56.756,0.5,sell,8721.8,BTC-7JUN19-9000-C,96.61,0.046,0.5,1,1559137016756,22512606,73
2019-05-29 14:05:56.419,0.1,buy,8753.66,BTC-7JUN19-9000-C,100.02,0.0495,0.1,0,1559138756419,22517270,74
2019-05-29 19:40:26.443,0.1,sell,8699.03,BTC-7JUN19-9000-C,95.6,0.0435,0.1,2,1559158826443,22535211,75
2019-05-29 19:47:22.840,2.0,buy,8689.98,BTC-7JUN19-9000-C,97.97,0.0445,2.0,1,1559159242840,22535533,77
2019-05-29 19:47:22.840,6.0,buy,8689.98,BTC-7JUN19-9000-C,97.97,0.0445,6.0,0,1559159242840,22535532,76
2019-05-30 01:45:38.655,0.1,sell,8640.79,BTC-7JUN19-9000-C,94.65,0.0395,0.1,2,1559180738655,22559546,78
2019-05-30 06:09:15.750,1.0,sell,8712.5,BTC-7JUN19-9000-C,96.26,0.043,1.0,0,1559196555750,22584853,79
2019-05-30 07:37:28.026,0.2,sell,8717.57,BTC-7JUN19-9000-C,95.37,0.0425,0.2,2,1559201848026,22587872,80
2019-05-30 10:40:11.682,0.5,sell,8725.79,BTC-7JUN19-9000-C,98.94,0.0445,0.5,0,1559212811682,22596391,81
2019-05-30 11:47:50.282,0.1,sell,8724.65,BTC-7JUN19-9000-C,95.87,0.0425,0.1,2,1559216870282,22598970,82
2019-05-30 14:13:18.217,5.0,sell,8724.39,BTC-7JUN19-9000-C,99.12,0.044,5.0,0,1559225598217,22604745,83
2019-05-30 14:47:00.407,1.0,sell,8733.47,BTC-7JUN19-9000-C,98.55,0.044,1.0,1,1559227620407,22605930,84
2019-05-30 15:48:36.673,2.0,sell,8836.85,BTC-7JUN19-9000-C,93.83,0.046,2.0,0,1559231316673,22614353,85
2019-05-30 16:03:39.194,0.1,buy,9050.62,BTC-7JUN19-9000-C,99.24,0.06,0.1,0,1559232219194,22623577,86
2019-05-30 16:03:48.671,0.9,buy,9067.31,BTC-7JUN19-9000-C,97.68,0.06,0.9,1,1559232228671,22624071,87
2019-05-30 16:16:03.796,10.0,sell,8770.85,BTC-7JUN19-9000-C,94.18,0.043,10.0,2,1559232963796,22634371,88
2019-05-30 16:16:22.742,0.5,sell,8711.75,BTC-7JUN19-9000-C,92.79,0.0395,0.5,2,1559232982742,22635709,89
2019-05-30 16:16:49.739,0.9,sell,8635.51,BTC-7JUN19-9000-C,94.29,0.037000000000000005,0.9,2,1559233009739,22637344,90
2019-05-30 16:17:18.091,6.0,sell,8611.79,BTC-7JUN19-9000-C,96.09,0.037000000000000005,6.0,3,1559233038091,22638746,91
2019-05-30 16:21:25.881,1.6,sell,8689.15,BTC-7JUN19-9000-C,92.82,0.0385,1.6,0,1559233285881,22646589,92
2019-05-30 16:21:25.896,4.4,sell,8689.15,BTC-7JUN19-9000-C,92.82,0.0385,4.4,1,1559233285896,22646590,93
2019-05-30 16:21:26.139,5.1000000000000005,buy,8691.63,BTC-7JUN19-9000-C,92.63,0.0385,5.1000000000000005,1,1559233286139,22646596,94
2019-05-30 16:21:26.139,0.9,buy,8691.63,BTC-7JUN19-9000-C,92.63,0.0385,0.9,1,1559233286139,22646597,95
2019-05-30 16:21:26.475,2.5,buy,8691.63,BTC-7JUN19-9000-C,92.63,0.0385,2.5,1,1559233286475,22646612,97
2019-05-30 16:21:26.475,5.6000000000000005,buy,8691.63,BTC-7JUN19-9000-C,92.63,0.0385,5.6000000000000005,1,1559233286475,22646613,98
2019-05-30 16:21:26.475,2.6,buy,8691.63,BTC-7JUN19-9000-C,92.63,0.0385,2.6,1,1559233286475,22646611,96
2019-05-30 16:21:27.083,3.2,buy,8691.63,BTC-7JUN19-9000-C,92.63,0.0385,3.2,1,1559233287083,22646631,102
2019-05-30 16:21:27.083,1.9,buy,8691.63,BTC-7JUN19-9000-C,92.63,0.0385,1.9,1,1559233287083,22646630,101
2019-05-30 16:21:27.083,3.5,buy,8691.63,BTC-7JUN19-9000-C,92.63,0.0385,3.5,1,1559233287083,22646629,100
2019-05-30 16:21:27.083,2.1,buy,8691.63,BTC-7JUN19-9000-C,92.63,0.0385,2.1,1,1559233287083,22646628,99
2019-05-30 16:21:27.146,0.1,buy,8692.28,BTC-7JUN19-9000-C,92.58,0.0385,0.1,1,1559233287146,22646635,105
2019-05-30 16:21:27.146,4.2,buy,8692.28,BTC-7JUN19-9000-C,92.58,0.0385,4.2,1,1559233287146,22646633,103
2019-05-30 16:21:27.146,4.6000000000000005,buy,8692.28,BTC-7JUN19-9000-C,92.58,0.0385,4.6000000000000005,1,1559233287146,22646634,104
2019-05-30 16:21:37.199,0.6,buy,8702.78,BTC-7JUN19-9000-C,91.76,0.0385,0.6,1,1559233297199,22646795,107
2019-05-30 16:21:37.199,2.3000000000000003,buy,8702.78,BTC-7JUN19-9000-C,91.76,0.0385,2.3000000000000003,1,1559233297199,22646798,110
2019-05-30 16:21:37.199,2.7,buy,8702.78,BTC-7JUN19-9000-C,91.76,0.0385,2.7,1,1559233297199,22646794,106
2019-05-30 16:21:37.199,5.2,buy,8702.78,BTC-7JUN19-9000-C,91.76,0.0385,5.2,1,1559233297199,22646797,109
2019-05-30 16:21:37.199,0.4,buy,8702.78,BTC-7JUN19-9000-C,91.76,0.0385,0.4,1,1559233297199,22646796,108
2019-05-30 16:21:53.353,1.2,buy,8711.15,BTC-7JUN19-9000-C,91.1,0.0385,1.2,1,1559233313353,22646897,111
2019-05-30 16:22:10.139,0.4,buy,8720.44,BTC-7JUN19-9000-C,90.37,0.0385,0.4,1,1559233330139,22647048,112
2019-05-30 16:22:19.425,5.0,buy,8721.14,BTC-7JUN19-9000-C,90.32,0.0385,5.0,1,1559233339425,22647159,113
2019-05-30 16:22:45.794,2.0,buy,8710.75,BTC-7JUN19-9000-C,91.14,0.0385,2.0,1,1559233365794,22647410,114
2019-05-30 16:22:45.794,2.9,buy,8710.75,BTC-7JUN19-9000-C,91.14,0.0385,2.9,1,1559233365794,22647411,115
2019-05-30 16:22:45.794,1.1,buy,8710.75,BTC-7JUN19-9000-C,91.14,0.0385,1.1,1,1559233365794,22647412,116
2019-05-30 16:22:52.830,2.7,buy,8712.29,BTC-7JUN19-9000-C,91.02,0.0385,2.7,1,1559233372830,22647428,118
2019-05-30 16:22:52.830,2.4,buy,8712.29,BTC-7JUN19-9000-C,91.02,0.0385,2.4,1,1559233372830,22647429,119
2019-05-30 16:22:52.830,0.9,buy,8712.29,BTC-7JUN19-9000-C,91.02,0.0385,0.9,1,1559233372830,22647427,117
2019-05-30 16:23:35.750,0.7000000000000001,buy,8698.57,BTC-7JUN19-9000-C,92.1,0.0385,0.7000000000000001,1,1559233415750,22647746,120
2019-05-30 16:29:25.434,0.4,buy,8720.09,BTC-7JUN19-9000-C,98.32,0.043,0.4,0,1559233765434,22649820,121
2019-05-30 16:46:01.375,0.1,sell,8706.1,BTC-7JUN19-9000-C,92.48,0.039,0.1,2,1559234761375,22654790,122
2019-05-30 17:21:14.778,5.0,sell,8614.84,BTC-7JUN19-9000-C,97.03,0.0375,5.0,2,1559236874778,22666034,123
2019-05-30 17:22:15.966,1.0,sell,8618.29,BTC-7JUN19-9000-C,96.77,0.0375,1.0,3,1559236935966,22666125,124
2019-05-30 17:22:31.708,3.0,sell,8623.31,BTC-7JUN19-9000-C,91.92,0.035,3.0,2,1559236951708,22666174,125
2019-05-30 17:35:02.580,0.1,buy,8623.49,BTC-7JUN19-9000-C,100.0,0.0395,0.1,0,1559237702580,22667996,126
2019-05-30 17:52:49.885,0.4,sell,8640.17,BTC-7JUN19-9000-C,97.91,0.039,0.4,2,1559238769885,22669576,127
2019-05-30 18:14:58.241,0.2,buy,8633.65,BTC-7JUN19-9000-C,97.62,0.0385,0.2,2,1559240098241,22671856,128
2019-05-30 18:15:27.584,4.4,sell,8640.78,BTC-7JUN19-9000-C,97.96,0.039,4.4,0,1559240127584,22671963,129
2019-05-30 18:17:45.011,1.0,sell,8632.8,BTC-7JUN19-9000-C,96.81,0.038,1.0,2,1559240265011,22672160,130
2019-05-30 18:37:43.719,4.0,sell,8624.18,BTC-7JUN19-9000-C,96.66,0.0375,4.0,2,1559241463719,22672938,131
2019-05-30 19:00:51.210,0.2,buy,8657.5,BTC-7JUN19-9000-C,95.98,0.0385,0.2,0,1559242851210,22673865,132
2019-05-30 19:40:14.082,0.1,sell,8613.74,BTC-7JUN19-9000-C,97.74,0.0375,0.1,2,1559245214082,22675182,133
2019-05-30 20:25:38.127,4.8,sell,8436.19,BTC-7JUN19-9000-C,96.28,0.0295,4.8,2,1559247938127,22686747,134
2019-05-30 20:31:44.757,0.2,sell,8500.29,BTC-7JUN19-9000-C,91.73,0.0295,0.2,3,1559248304757,22692495,135
2019-05-30 20:46:28.196,0.5,sell,8518.32,BTC-7JUN19-9000-C,91.42,0.03,0.5,0,1559249188196,22694778,136
2019-05-30 21:02:05.405,2.0,sell,8483.58,BTC-7JUN19-9000-C,92.12,0.029,2.0,2,1559250125405,22696829,137
2019-05-30 21:02:50.820,0.6,buy,8490.51,BTC-7JUN19-9000-C,99.11,0.033,0.6,0,1559250170820,22696927,138
2019-05-30 21:17:46.775,1.0,buy,8288.7,BTC-7JUN19-9000-C,95.9,0.024,1.0,2,1559251066775,22704367,139
2019-05-30 21:26:42.253,5.7,buy,8075.12,BTC-7JUN19-9000-C,100.18,0.0195,5.7,3,1559251602253,22716059,146
2019-05-30 21:26:42.253,0.4,buy,8075.12,BTC-7JUN19-9000-C,100.18,0.0195,0.4,3,1559251602253,22716054,141
2019-05-30 21:26:42.253,2.1,buy,8075.12,BTC-7JUN19-9000-C,100.18,0.0195,2.1,3,1559251602253,22716055,142
2019-05-30 21:26:42.253,1.5,buy,8075.12,BTC-7JUN19-9000-C,100.18,0.0195,1.5,2,1559251602253,22716053,140
2019-05-30 21:26:42.253,1.2,buy,8075.12,BTC-7JUN19-9000-C,100.18,0.0195,1.2,3,1559251602253,22716061,148
2019-05-30 21:26:42.253,2.1,buy,8075.12,BTC-7JUN19-9000-C,100.18,0.0195,2.1,3,1559251602253,22716060,147
2019-05-30 21:26:42.253,0.4,buy,8075.12,BTC-7JUN19-9000-C,100.18,0.0195,0.4,3,1559251602253,22716062,149
2019-05-30 21:26:42.253,1.6,buy,8075.12,BTC-7JUN19-9000-C,100.18,0.0195,1.6,3,1559251602253,22716058,145
2019-05-30 21:26:42.253,6.5,buy,8075.12,BTC-7JUN19-9000-C,100.18,0.0195,6.5,3,1559251602253,22716057,144
2019-05-30 21:26:42.253,2.7,buy,8075.12,BTC-7JUN19-9000-C,100.18,0.0195,2.7,3,1559251602253,22716056,143
2019-05-30 21:26:42.434,1.3,buy,8075.12,BTC-7JUN19-9000-C,100.18,0.0195,1.3,3,1559251602434,22716065,150
2019-05-30 21:28:16.589,1.0,buy,8001.17,BTC-7JUN19-9000-C,101.35,0.018000000000000002,1.0,2,1559251696589,22719805,151
2019-05-30 21:28:57.674,0.4,buy,8049.71,BTC-7JUN19-9000-C,100.65,0.019,0.4,0,1559251737674,22721267,152
2019-05-30 21:28:57.674,4.6000000000000005,buy,8049.71,BTC-7JUN19-9000-C,100.65,0.019,4.6000000000000005,1,1559251737674,22721268,153
2019-05-30 21:29:11.178,1.0,buy,8060.09,BTC-7JUN19-9000-C,100.01,0.019,1.0,1,1559251751178,22721666,154
2019-05-30 21:29:11.178,1.2,buy,8060.09,BTC-7JUN19-9000-C,100.01,0.019,1.2,1,1559251751178,22721667,155
2019-05-30 21:29:11.178,0.9,buy,8060.09,BTC-7JUN19-9000-C,100.01,0.019,0.9,1,1559251751178,22721669,157
2019-05-30 21:29:11.178,1.9,buy,8060.09,BTC-7JUN19-9000-C,100.01,0.019,1.9,1,1559251751178,22721668,156
2019-05-30 21:29:47.839,0.9,buy,8103.72,BTC-7JUN19-9000-C,100.6,0.0205,0.9,1,1559251787839,22722848,159
2019-05-30 21:29:47.839,2.4,buy,8103.72,BTC-7JUN19-9000-C,100.6,0.0205,2.4,1,1559251787839,22722849,160
2019-05-30 21:29:47.839,1.7,buy,8103.72,BTC-7JUN19-9000-C,100.6,0.0205,1.7,0,1559251787839,22722847,158
2019-05-30 21:30:18.173,0.3,buy,8121.14,BTC-7JUN19-9000-C,100.59,0.021,0.3,1,1559251818173,22723339,162
2019-05-30 21:30:18.173,2.1,buy,8121.14,BTC-7JUN19-9000-C,100.59,0.021,2.1,0,1559251818173,22723338,161
2019-05-30 21:57:16.430,0.2,sell,8211.76,BTC-7JUN19-9000-C,94.91,0.021,0.2,1,1559253436430,22738445,163
2019-05-30 22:12:11.334,16.7,buy,8256.0,BTC-7JUN19-9000-C,95.24,0.0225,16.7,0,1559254331334,22741813,164
2019-05-30 22:21:02.322,0.2,sell,8234.19,BTC-7JUN19-9000-C,91.45,0.02,0.2,2,1559254862322,22743880,165
2019-05-30 22:43:29.394,1.0,sell,8298.87,BTC-7JUN19-9000-C,97.62,0.025,1.0,0,1559256209394,22746376,166
2019-05-31 00:05:50.509,5.0,sell,8326.23,BTC-7JUN19-9000-C,95.14,0.0245,5.0,2,1559261150509,22754115,167
2019-05-31 04:40:06.897,0.5,sell,8161.38,BTC-7JUN19-9000-C,95.63,0.019,0.5,2,1559277606897,22769250,168
2019-05-31 04:51:02.283,0.1,buy,8196.2,BTC-7JUN19-9000-C,99.98,0.022,0.1,0,1559278262283,22769993,169
2019-05-31 06:17:43.755,5.0,sell,8253.7,BTC-7JUN19-9000-C,96.58,0.022,5.0,1,1559283463755,22776367,170
2019-05-31 06:18:01.393,5.0,sell,8253.76,BTC-7JUN19-9000-C,96.57,0.022,5.0,1,1559283481393,22776373,171
2019-05-31 06:22:46.258,5.0,buy,8259.17,BTC-7JUN19-9000-C,97.29,0.0225,5.0,0,1559283766258,22776513,172
2019-05-31 06:23:19.452,5.0,buy,8259.95,BTC-7JUN19-9000-C,97.24,0.0225,5.0,1,1559283799452,22776531,173
2019-05-31 06:36:07.841,5.0,buy,8259.63,BTC-7JUN19-9000-C,97.32,0.0225,5.0,1,1559284567841,22777059,174
2019-05-31 06:40:09.717,5.0,buy,8269.02,BTC-7JUN19-9000-C,96.71,0.0225,5.0,1,1559284809717,22777171,175
2019-05-31 06:40:11.193,0.2,buy,8269.95,BTC-7JUN19-9000-C,98.75,0.0235,0.2,0,1559284811193,22777173,176
2019-05-31 07:57:30.764,0.1,buy,8286.89,BTC-7JUN19-9000-C,96.92,0.023,0.1,2,1559289450764,22781267,177
2019-05-31 08:07:42.879,0.1,sell,8275.09,BTC-7JUN19-9000-C,95.66,0.022,0.1,2,1559290062879,22782761,178
2019-05-31 08:13:29.121,0.2,sell,8278.82,BTC-7JUN19-9000-C,95.43,0.022,0.2,3,1559290409121,22783272,179
2019-05-31 08:14:18.618,1.0,sell,8279.72,BTC-7JUN19-9000-C,99.59,0.024,1.0,0,1559290458618,22783302,180
2019-05-31 08:15:18.531,3.7,buy,8285.83,BTC-7JUN19-9000-C,100.22,0.0245,3.7,0,1559290518531,22783343,181
2019-05-31 08:18:32.793,4.3,sell,8290.53,BTC-7JUN19-9000-C,95.72,0.0225,4.3,2,1559290712793,22783567,182
2019-05-31 08:19:03.780,0.7000000000000001,sell,8288.58,BTC-7JUN19-9000-C,94.8,0.022,0.7000000000000001,2,1559290743780,22783597,183
2019-05-31 08:22:41.635,0.5,sell,8289.9,BTC-7JUN19-9000-C,93.66,0.0215,0.5,2,1559290961635,22783725,184
2019-05-31 10:06:28.301,0.1,buy,8311.04,BTC-7JUN19-9000-C,89.49,0.02,0.1,2,1559297188301,22788272,185
2019-05-31 10:16:36.400,0.3,buy,8331.34,BTC-7JUN19-9000-C,87.09,0.0195,0.3,2,1559297796400,22788744,186
2019-05-31 10:36:07.843,0.2,sell,8314.24,BTC-7JUN19-9000-C,88.32,0.0195,0.2,3,1559298967843,22789348,187
2019-05-31 11:57:17.776,11.2,sell,8246.15,BTC-7JUN19-9000-C,85.31,0.016,11.2,2,1559303837776,22795528,188
2019-05-31 12:50:57.002,0.1,sell,8283.89,BTC-7JUN19-9000-C,87.64,0.018000000000000002,0.1,0,1559307057002,22797526,189
2019-05-31 13:02:23.437,0.1,buy,8350.5,BTC-7JUN19-9000-C,85.43,0.019,0.1,1,1559307743437,22798672,191
2019-05-31 13:02:23.437,0.3,buy,8350.5,BTC-7JUN19-9000-C,85.43,0.019,0.3,0,1559307743437,22798671,190
2019-05-31 13:07:09.856,0.1,buy,8396.15,BTC-7JUN19-9000-C,84.47,0.02,0.1,0,1559308029856,22799923,192
2019-05-31 13:07:23.211,0.5,buy,8405.75,BTC-7JUN19-9000-C,84.87,0.0205,0.5,0,1559308043211,22799992,193
2019-05-31 13:11:33.193,0.5,buy,8421.41,BTC-7JUN19-9000-C,84.85,0.021,0.5,0,1559308293193,22801260,194
2019-05-31 13:44:35.757,0.4,buy,8412.04,BTC-7JUN19-9000-C,85.65,0.021,0.4,1,1559310275757,22804964,195
2019-05-31 13:44:59.169,0.1,buy,8423.78,BTC-7JUN19-9000-C,84.82,0.021,0.1,1,1559310299169,22805103,196
2019-05-31 14:01:32.946,5.0,buy,8442.87,BTC-7JUN19-9000-C,84.59,0.0215,5.0,0,1559311292946,22806876,197
2019-05-31 15:00:02.770,0.1,buy,8421.37,BTC-7JUN19-9000-C,90.55,0.0235,0.1,0,1559314802770,22811478,199
2019-05-31 15:00:02.770,0.8,buy,8421.37,BTC-7JUN19-9000-C,91.59,0.024,0.8,0,1559314802770,22811479,200
2019-05-31 15:00:02.770,0.1,buy,8421.37,BTC-7JUN19-9000-C,87.43,0.022000000000000002,0.1,0,1559314802770,22811477,198
2019-05-31 17:30:45.124,0.1,buy,8431.89,BTC-7JUN19-9000-C,86.31,0.0215,0.1,2,1559323845124,22825821,201
2019-05-31 18:39:49.285,0.1,sell,8410.12,BTC-7JUN19-9000-C,89.25,0.022,0.1,0,1559327989285,22831026,202
2019-05-31 19:48:24.828,2.0,sell,8424.56,BTC-7JUN19-9000-C,85.32,0.0205,2.0,2,1559332104828,22834785,203
2019-05-31 19:48:24.996,1.0,buy,8424.56,BTC-7JUN19-9000-C,85.32,0.0205,1.0,3,1559332104996,22834786,204
2019-05-31 19:48:47.014,3.0,sell,8438.49,BTC-7JUN19-9000-C,84.33,0.0205,3.0,3,1559332127014,22834854,205
2019-05-31 21:05:19.214,3.6,buy,8538.12,BTC-7JUN19-9000-C,91.76,0.0275,3.6,0,1559336719214,22842951,206
2019-05-31 21:05:19.214,6.4,buy,8538.12,BTC-7JUN19-9000-C,92.77,0.028,6.4,0,1559336719214,22842952,207
2019-06-01 00:36:43.201,1.0,sell,8512.18,BTC-7JUN19-9000-C,83.41,0.022,1.0,2,1559349403201,22854892,208
2019-06-01 06:59:17.296,0.5,sell,8521.31,BTC-7JUN19-9000-C,86.67,0.023,0.5,0,1559372357296,22870074,209
2019-06-01 07:25:10.504,0.4,buy,8535.88,BTC-7JUN19-9000-C,84.59,0.0225,0.4,2,1559373910504,22870774,210
2019-06-01 09:02:37.217,1.0,buy,8568.41,BTC-7JUN19-9000-C,83.58,0.023,1.0,0,1559379757217,22873442,211
2019-06-01 09:03:48.551,8.5,buy,8572.25,BTC-7JUN19-9000-C,83.28,0.023,8.5,1,1559379828551,22873502,212
2019-06-01 09:15:22.066,0.2,buy,8594.53,BTC-7JUN19-9000-C,86.82,0.0255,0.2,0,1559380522066,22875046,213
2019-06-01 09:24:47.694,0.2,sell,8588.8,BTC-7JUN19-9000-C,87.34,0.0255,0.2,1,1559381087694,22876018,214
2019-06-01 09:51:20.881,0.6,sell,8580.35,BTC-7JUN19-9000-C,84.99,0.024,0.6,2,1559382680881,22877046,215
2019-06-01 09:51:20.881,0.4,sell,8580.35,BTC-7JUN19-9000-C,81.8,0.0225,0.4,2,1559382680881,22877047,216
2019-06-01 13:40:52.611,0.4,buy,8545.26,BTC-7JUN19-9000-C,83.55,0.0215,0.4,2,1559396452611,22883291,217
2019-06-01 16:14:54.680,0.1,buy,8563.64,BTC-7JUN19-9000-C,88.34,0.024,0.1,0,1559405694680,22889946,218
2019-06-01 22:31:14.451,0.2,buy,8567.61,BTC-7JUN19-9000-C,90.12,0.024,0.2,1,1559428274451,22903040,219
2019-06-01 22:31:14.574,5.0,sell,8567.61,BTC-7JUN19-9000-C,90.12,0.024,5.0,1,1559428274574,22903041,220
2019-06-01 22:31:20.287,2.5,sell,8567.62,BTC-7JUN19-9000-C,90.12,0.024,2.5,1,1559428280287,22903042,221
2019-06-01 22:31:24.271,0.3,sell,8568.32,BTC-7JUN19-9000-C,90.06,0.024,0.3,1,1559428284271,22903043,222
2019-06-01 23:38:52.722,2.0,buy,8544.57,BTC-7JUN19-9000-C,90.2,0.023,2.0,2,1559432332722,22905133,223
2019-06-02 02:48:25.540,1.0,sell,8572.06,BTC-7JUN19-9000-C,85.57,0.0215,1.0,2,1559443705540,22911238,224
2019-06-02 04:14:42.264,0.1,sell,8573.56,BTC-7JUN19-9000-C,87.1,0.022000000000000002,0.1,0,1559448882264,22912925,225
2019-06-02 04:14:42.294,0.1,sell,8573.56,BTC-7JUN19-9000-C,85.95,0.0215,0.1,2,1559448882294,22912927,226
2019-06-02 04:19:57.704,0.6,sell,8567.39,BTC-7JUN19-9000-C,86.5,0.0215,0.6,3,1559449197704,22912957,227
2019-06-02 04:20:01.047,0.3,sell,8567.39,BTC-7JUN19-9000-C,86.5,0.0215,0.3,3,1559449201047,22912959,228
2019-06-02 05:57:00.533,0.2,buy,8592.33,BTC-7JUN19-9000-C,87.24,0.0225,0.2,0,1559455020533,22914328,229
2019-06-02 06:03:57.927,0.1,sell,8590.01,BTC-7JUN19-9000-C,87.49,0.0225,0.1,1,1559455437927,22914545,230
2019-06-02 06:37:07.364,2.0,sell,8579.17,BTC-7JUN19-9000-C,80.44,0.019,2.0,2,1559457427364,22914998,231
2019-06-02 07:35:06.556,0.3,buy,8630.97,BTC-7JUN19-9000-C,82.15,0.0215,0.3,0,1559460906556,22916544,232
2019-06-02 07:35:57.645,0.5,buy,8651.33,BTC-7JUN19-9000-C,81.51,0.022,0.5,0,1559460957645,22916958,233
2019-06-02 07:36:10.953,0.3,buy,8663.26,BTC-7JUN19-9000-C,81.59,0.0225,0.3,0,1559460970953,22917126,234
2019-06-02 07:39:30.853,0.5,buy,8703.66,BTC-7JUN19-9000-C,83.57,0.025,0.5,0,1559461170853,22918711,235
2019-06-02 12:03:32.415,0.2,buy,8817.56,BTC-7JUN19-9000-C,81.88,0.0285,0.2,0,1559477012415,22933105,236
2019-06-02 12:04:07.967,0.1,buy,8823.27,BTC-7JUN19-9000-C,92.32,0.0335,0.1,0,1559477047967,22933571,237
2019-06-02 13:07:46.095,0.1,buy,8736.37,BTC-7JUN19-9000-C,90.34,0.0285,0.1,2,1559480866095,22940603,238
2019-06-02 13:08:34.825,0.2,sell,8725.76,BTC-7JUN19-9000-C,81.17,0.024,0.2,2,1559480914825,22940796,239
2019-06-02 13:17:55.843,1.0,sell,8626.79,BTC-7JUN19-9000-C,88.08,0.023,1.0,2,1559481475843,22943247,240
2019-06-02 13:17:55.843,2.0,sell,8626.79,BTC-7JUN19-9000-C,88.08,0.023,2.0,3,1559481475843,22943248,241
2019-06-02 13:54:16.996,0.1,buy,8688.49,BTC-7JUN19-9000-C,88.41,0.0255,0.1,0,1559483656996,22946365,242
2019-06-02 14:12:33.227,0.4,buy,8719.84,BTC-7JUN19-9000-C,83.26,0.0245,0.4,2,1559484753227,22947453,243
2019-06-02 14:20:15.658,0.1,buy,8727.02,BTC-7JUN19-9000-C,82.62,0.0245,0.1,3,1559485215658,22947688,244
2019-06-02 14:54:33.491,0.5,sell,8700.2,BTC-7JUN19-9000-C,81.92,0.023,0.5,2,1559487273491,22949686,245
2019-06-02 14:54:55.310,0.6,sell,8700.75,BTC-7JUN19-9000-C,81.87,0.023,0.6,3,1559487295310,22949691,246
2019-06-02 14:55:50.376,10.0,sell,8698.35,BTC-7JUN19-9000-C,77.44,0.021,10.0,2,1559487350376,22949703,247
2019-06-02 17:58:36.108,0.5,sell,8661.8,BTC-7JUN19-9000-C,81.91,0.021,0.5,3,1559498316108,22954917,248
2019-06-02 19:35:43.788,5.6000000000000005,sell,8656.05,BTC-7JUN19-9000-C,83.05,0.021,5.6000000000000005,3,1559504143788,22957891,249
2019-06-02 19:36:23.300,10.0,sell,8660.85,BTC-7JUN19-9000-C,80.19,0.02,10.0,2,1559504183300,22957925,250
2019-06-02 21:24:17.174,3.5,buy,8700.51,BTC-7JUN19-9000-C,89.11,0.025,3.5,0,1559510657174,22960577,252
2019-06-02 21:24:17.174,0.5,buy,8700.51,BTC-7JUN19-9000-C,83.15,0.0225,0.5,0,1559510657174,22960576,251
2019-06-03 01:12:01.838,0.1,sell,8646.62,BTC-7JUN19-9000-C,82.43,0.0195,0.1,2,1559524321838,22971537,253
2019-06-03 02:28:34.573,1.9,sell,8683.28,BTC-7JUN19-9000-C,79.46,0.0195,1.9,3,1559528914573,22974711,254
2019-06-03 02:30:03.613,2.1,sell,8683.89,BTC-7JUN19-9000-C,79.41,0.0195,2.1,3,1559529003613,22974750,255
2019-06-03 02:33:44.607,4.6000000000000005,sell,8692.41,BTC-7JUN19-9000-C,78.61,0.0195,4.6000000000000005,3,1559529224607,22974818,256
2019-06-03 02:33:44.607,15.4,sell,8692.41,BTC-7JUN19-9000-C,77.36,0.019,15.4,2,1559529224607,22974819,257
2019-06-03 02:51:55.979,19.5,sell,8690.78,BTC-7JUN19-9000-C,76.38,0.0185,19.5,3,1559530315979,22975049,259
2019-06-03 02:51:55.979,4.5,sell,8690.78,BTC-7JUN19-9000-C,76.38,0.0185,4.5,2,1559530315979,22975048,258
2019-06-03 05:45:19.144,1.0,sell,8608.85,BTC-7JUN19-9000-C,76.03,0.015,1.0,2,1559540719144,22981840,260
2019-06-03 05:45:33.512,1.0,sell,8619.09,BTC-7JUN19-9000-C,77.78,0.016,1.0,0,1559540733512,22981943,261
2019-06-03 05:56:30.285,0.4,sell,8583.97,BTC-7JUN19-9000-C,79.71,0.0155,0.4,2,1559541390285,22985934,262
2019-06-03 06:34:19.573,1.0,sell,8523.49,BTC-7JUN19-9000-C,84.0,0.015,1.0,2,1559543659573,22989236,263
2019-06-03 06:51:11.490,5.0,buy,8528.39,BTC-7JUN19-9000-C,85.09,0.0155,5.0,0,1559544671490,22995217,264
2019-06-03 09:56:04.914,0.6,buy,8464.46,BTC-7JUN19-9000-C,83.35,0.0125,0.6,2,1559555764914,23016334,265
2019-06-03 10:13:18.133,0.8,sell,8475.4,BTC-7JUN19-9000-C,82.54,0.0125,0.8,3,1559556798133,23016811,266
2019-06-03 10:23:02.380,0.6,sell,8502.77,BTC-7JUN19-9000-C,83.21,0.0135,0.6,0,1559557382380,23017319,267
2019-06-03 10:23:14.886,1.6,sell,8503.78,BTC-7JUN19-9000-C,83.12,0.0135,1.6,1,1559557394886,23017320,268
2019-06-03 11:17:53.248,1.0,sell,8521.9,BTC-7JUN19-9000-C,74.45,0.011,1.0,2,1559560673248,23019740,269
2019-06-03 13:21:52.734,2.0,buy,8526.78,BTC-7JUN19-9000-C,77.93,0.012,2.0,0,1559568112734,23027154,270
2019-06-03 14:24:21.721,0.1,sell,8480.63,BTC-7JUN19-9000-C,74.47,0.0095,0.1,2,1559571861721,23033282,271
2019-06-03 14:25:24.394,0.1,buy,8474.89,BTC-7JUN19-9000-C,76.59,0.01,0.1,0,1559571924394,23033337,272
2019-06-03 14:47:18.679,0.1,sell,8432.38,BTC-7JUN19-9000-C,80.33,0.01,0.1,1,1559573238679,23035126,273
2019-06-03 14:48:51.698,0.1,sell,8401.84,BTC-7JUN19-9000-C,82.9,0.01,0.1,1,1559573331698,23036100,274
2019-06-03 14:54:36.333,0.3,sell,8361.79,BTC-7JUN19-9000-C,84.54,0.0095,0.3,2,1559573676333,23039449,275
2019-06-03 16:05:02.982,4.0,sell,8446.84,BTC-7JUN19-9000-C,81.35,0.0105,4.0,0,1559577902982,23051178,276
2019-06-03 16:10:47.412,1.0,buy,8487.08,BTC-7JUN19-9000-C,82.7,0.012,1.0,0,1559578247412,23051548,277
2019-06-03 17:18:17.627,1.0,sell,8485.75,BTC-7JUN19-9000-C,86.47,0.013000000000000001,1.0,0,1559582297627,23057481,278
2019-06-03 17:18:19.701,1.0,sell,8474.4,BTC-7JUN19-9000-C,87.5,0.013000000000000001,1.0,1,1559582299701,23057568,279
2019-06-03 17:24:11.844,13.0,sell,8486.22,BTC-7JUN19-9000-C,86.48,0.013,13.0,1,1559582651844,23058823,280
2019-06-03 18:42:15.031,1.0,sell,8536.86,BTC-7JUN19-9000-C,80.95,0.0125,1.0,2,1559587335031,23062364,281
2019-06-03 20:42:00.837,0.3,buy,8532.44,BTC-7JUN19-9000-C,88.48,0.0145,0.3,0,1559594520837,23068918,282
2019-06-03 22:06:12.648,0.1,sell,8474.06,BTC-7JUN19-9000-C,80.18,0.01,0.1,2,1559599572648,23074298,283
2019-06-03 22:06:12.648,13.5,sell,8474.06,BTC-7JUN19-9000-C,78.46,0.0095,13.5,2,1559599572648,23074299,284
2019-06-03 23:05:07.037,0.1,sell,8465.73,BTC-7JUN19-9000-C,77.92,0.009000000000000001,0.1,2,1559603107037,23080755,285
2019-06-03 23:10:05.036,2.0,sell,8436.77,BTC-7JUN19-9000-C,80.48,0.009000000000000001,2.0,3,1559603405036,23081231,286
2019-06-03 23:23:45.842,0.1,sell,8156.41,BTC-7JUN19-9000-C,88.84,0.0055,0.1,2,1559604225842,23090333,287
2019-06-03 23:29:44.325,0.9,buy,8137.73,BTC-7JUN19-9000-C,87.81,0.005,0.9,2,1559604584325,23101488,288
2019-06-03 23:32:51.515,0.5,buy,8114.46,BTC-7JUN19-9000-C,89.57,0.005,0.5,3,1559604771515,23104166,289
2019-06-03 23:34:23.900,2.5,buy,8092.07,BTC-7JUN19-9000-C,96.25,0.006,2.5,0,1559604863900,23105216,290
2019-06-03 23:37:41.466,0.1,buy,8158.89,BTC-7JUN19-9000-C,95.71,0.006999999999999999,0.1,0,1559605061466,23106977,291
2019-06-04 00:00:10.541,1.0,sell,8099.96,BTC-7JUN19-9000-C,93.45,0.0055,1.0,3,1559606410541,23112494,293
2019-06-04 00:00:10.541,0.1,sell,8099.96,BTC-7JUN19-9000-C,93.45,0.0055,0.1,2,1559606410541,23112493,292
2019-06-04 00:00:48.275,2.1,sell,8052.13,BTC-7JUN19-9000-C,99.58,0.006,2.1,0,1559606448275,23112970,294
2019-06-04 00:01:11.351,4.0,sell,8006.16,BTC-7JUN19-9000-C,97.87,0.005,4.0,2,1559606471351,23113819,295
2019-06-04 00:03:39.454,25.0,sell,7970.76,BTC-7JUN19-9000-C,100.52,0.005,25.0,3,1559606619454,23117271,296
2019-06-04 00:03:45.750,21.0,sell,7973.21,BTC-7JUN19-9000-C,100.34,0.005,21.0,3,1559606625750,23117466,297
2019-06-04 00:11:56.026,1.0,buy,7858.01,BTC-7JUN19-9000-C,114.42,0.006,1.0,0,1559607116026,23131672,298
2019-06-04 00:14:16.666,1.0,buy,7873.18,BTC-7JUN19-9000-C,104.87,0.0045,1.0,2,1559607256666,23133169,299
2019-06-04 00:19:13.637,1.0,buy,7941.59,BTC-7JUN19-9000-C,113.18,0.006999999999999999,1.0,0,1559607553637,23134938,300
2019-06-04 01:22:34.910,0.4,sell,7990.79,BTC-7JUN19-9000-C,90.96,0.0035,0.4,2,1559611354910,23149307,301
2019-06-04 01:43:55.593,2.0,buy,7948.33,BTC-7JUN19-9000-C,108.64,0.006,2.0,0,1559612635593,23151176,302
2019-06-04 01:48:22.771,0.1,sell,7966.9,BTC-7JUN19-9000-C,96.07,0.004,0.1,2,1559612902771,23151540,303
2019-06-04 02:16:01.693,5.0,sell,7975.95,BTC-7JUN19-9000-C,92.53,0.0035,5.0,2,1559614561693,23152696,304
2019-06-04 02:19:08.913,0.1,buy,7970.26,BTC-7JUN19-9000-C,99.15,0.0045,0.1,0,1559614748913,23153034,305
2019-06-04 02:25:46.711,0.1,buy,7974.2,BTC-7JUN19-9000-C,98.93,0.0045,0.1,1,1559615146711,23153625,306
2019-06-04 02:53:50.826,0.3,buy,8009.31,BTC-7JUN19-9000-C,104.75,0.006,0.3,0,1559616830826,23155051,307
2019-06-04 03:01:52.848,0.1,buy,8009.39,BTC-7JUN19-9000-C,107.34,0.0065,0.1,0,1559617312848,23155475,308
2019-06-04 04:01:14.734,0.2,sell,7917.07,BTC-7JUN19-9000-C,107.15,0.005,0.2,2,1559620874734,23159530,309
2019-06-04 04:01:14.734,0.8,sell,7917.07,BTC-7JUN19-9000-C,94.27,0.003,0.8,2,1559620874734,23159531,310
2019-06-04 06:26:19.792,0.1,buy,7912.91,BTC-7JUN19-9000-C,106.21,0.0045,0.1,0,1559629579792,23172589,311
2019-06-04 07:12:56.729,9.7,sell,7814.41,BTC-7JUN19-9000-C,107.4,0.0035,9.7,2,1559632376729,23179848,312
2019-06-04 07:24:57.151,0.3,sell,7810.66,BTC-7JUN19-9000-C,107.82,0.0035,0.3,3,1559633097151,23185390,313
2019-06-04 07:25:25.701,2.0,sell,7812.31,BTC-7JUN19-9000-C,103.92,0.003,2.0,2,1559633125701,23185491,314
2019-06-04 07:25:25.701,0.1,sell,7812.31,BTC-7JUN19-9000-C,99.81,0.0025,0.1,2,1559633125701,23185492,315
2019-06-04 07:25:25.701,10.0,sell,7812.31,BTC-7JUN19-9000-C,99.81,0.0025,10.0,3,1559633125701,23185493,316
2019-06-04 07:25:25.788,0.6,buy,7812.31,BTC-7JUN19-9000-C,99.81,0.0025,0.6,3,1559633125788,23185509,317
2019-06-04 08:38:01.216,0.1,buy,7895.96,BTC-7JUN19-9000-C,105.9,0.004,0.1,0,1559637481216,23191077,318
2019-06-04 09:48:54.046,0.6,buy,7958.2,BTC-7JUN19-9000-C,98.7,0.0035,0.6,2,1559641734046,23196116,319
2019-06-04 09:48:55.351,0.2,buy,7958.2,BTC-7JUN19-9000-C,98.7,0.0035,0.2,3,1559641735351,23196122,320
2019-06-04 11:45:59.959,5.0,sell,7898.09,BTC-7JUN19-9000-C,96.79,0.0025,5.0,2,1559648759959,23202509,321
2019-06-04 12:51:04.428,0.6,sell,7924.49,BTC-7JUN19-9000-C,95.66,0.0025,0.6,3,1559652664428,23206982,323
2019-06-04 12:51:04.428,0.5,sell,7924.49,BTC-7JUN19-9000-C,95.66,0.0025,0.5,3,1559652664428,23206981,322
2019-06-04 13:29:28.208,30.0,sell,7996.42,BTC-7JUN19-9000-C,90.88,0.0025,30.0,3,1559654968208,23210663,325
2019-06-04 13:29:28.208,1.0,sell,7996.42,BTC-7JUN19-9000-C,90.88,0.0025,1.0,3,1559654968208,23210662,324
2019-06-04 14:53:43.365,10.0,sell,7962.86,BTC-7JUN19-9000-C,89.84,0.002,10.0,2,1559660023365,23216230,326
2019-06-04 16:05:06.970,0.1,sell,7910.77,BTC-7JUN19-9000-C,103.26,0.003,0.1,0,1559664306970,23221748,327
2019-06-04 17:47:45.676,0.1,sell,7639.23,BTC-7JUN19-9000-C,115.44,0.002,0.1,2,1559670465676,23255586,328
2019-06-04 18:15:26.650,0.4,sell,7651.94,BTC-7JUN19-9000-C,101.33,0.001,0.4,2,1559672126650,23265851,329
2019-06-04 18:17:18.352,0.1,sell,7683.6,BTC-7JUN19-9000-C,99.24,0.001,0.1,3,1559672238352,23266034,330
2019-06-04 18:29:55.233,0.4,buy,7714.96,BTC-7JUN19-9000-C,110.57,0.002,0.4,0,1559672995233,23267521,331
2019-06-04 19:21:06.949,0.5,buy,7618.61,BTC-7JUN19-9000-C,112.15,0.0015,0.5,3,1559676066949,23281300,333
2019-06-04 19:21:06.949,10.0,buy,7618.61,BTC-7JUN19-9000-C,112.15,0.0015,10.0,2,1559676066949,23281299,332
2019-06-04 19:22:14.690,0.1,buy,7613.61,BTC-7JUN19-9000-C,118.81,0.002,0.1,0,1559676134690,23281785,334
2019-06-04 19:22:41.376,0.1,sell,7596.69,BTC-7JUN19-9000-C,113.74,0.0015,0.1,2,1559676161376,23281931,335
2019-06-05 08:00:09.933,1.0,buy,7827.34,BTC-7JUN19-9000-C,109.44,0.0015,1.0,3,1559721609933,23341632,336
2019-06-05 12:03:30.992,2.0,sell,7761.98,BTC-7JUN19-9000-C,99.77,0.0005,2.0,2,1559736210992,23356680,337
2019-06-05 12:03:30.992,0.1,sell,7761.98,BTC-7JUN19-9000-C,99.77,0.0005,0.1,3,1559736210992,23356681,338
2019-06-05 12:03:30.992,25.0,sell,7761.98,BTC-7JUN19-9000-C,99.77,0.0005,25.0,3,1559736210992,23356682,339
2019-06-05 12:03:30.992,0.4,sell,7761.98,BTC-7JUN19-9000-C,99.77,0.0005,0.4,3,1559736210992,23356683,340
2019-06-05 16:01:44.654,0.1,buy,7660.58,BTC-7JUN19-9000-C,125.23,0.001,0.1,0,1559750504654,23378360,341
2019-06-05 16:01:56.260,0.1,buy,7660.63,BTC-7JUN19-9000-C,125.23,0.001,0.1,1,1559750516260,23378367,342
2019-06-05 16:02:07.024,0.1,buy,7660.12,BTC-7JUN19-9000-C,125.27,0.001,0.1,1,1559750527024,23378374,343
2019-06-05 17:33:16.593,2.2,buy,7810.05,BTC-7JUN19-9000-C,115.03,0.001,2.2,1,1559755996593,23385773,345
2019-06-05 17:33:16.593,0.9,buy,7810.05,BTC-7JUN19-9000-C,115.03,0.001,0.9,1,1559755996593,23385772,344
2019-06-05 17:38:26.476,1.0,buy,7809.64,BTC-7JUN19-9000-C,115.19,0.001,1.0,1,1559756306476,23386139,346
2019-06-06 07:06:36.601,0.1,buy,7823.17,BTC-7JUN19-9000-C,126.65,0.0005,0.1,2,1559804796601,23443661,347
2019-06-06 08:55:29.972,1.9,buy,7809.85,BTC-7JUN19-9000-C,132.84,0.0005,1.9,3,1559811329972,23447491,348
2019-06-06 08:55:29.972,0.1,buy,7809.85,BTC-7JUN19-9000-C,132.84,0.0005,0.1,3,1559811329972,23447492,349
2019-06-06 13:12:42.761,4.0,buy,7698.54,BTC-7JUN19-9000-C,159.71,0.0005,4.0,3,1559826762761,23466065,350
2019-06-06 18:45:10.630,10.0,buy,7555.63,BTC-7JUN19-9000-C,209.24,0.0005,10.0,3,1559846710630,23514675,351
2019-06-06 19:17:12.719,10.0,buy,7585.86,BTC-7JUN19-9000-C,209.45,0.0005,10.0,3,1559848632719,23519622,352
