date_utc,amount,direction,indexPrice,instrument,iv,price,quantity,tickDirection,timeStamp,tradeId,tradeSeq
2019-04-03 18:46:22.292,0.1,sell,5163.98,BTC-26APR19-6500-C,78.91,0.013000000000000001,0.1,1,1554317182292,17223754,1
2019-04-03 20:16:38.391,0.1,buy,5240.37,BTC-26APR19-6500-C,79.03,0.015,0.1,0,1554322598391,17230991,2
2019-04-03 22:42:39.590,10.0,sell,5179.18,BTC-26APR19-6500-C,84.51,0.0165,10.0,0,1554331359590,17249774,3
2019-04-04 20:21:30.078,1.0,sell,4810.4,BTC-26APR19-6500-C,78.91,0.0055,1.0,2,1554409290078,17332218,4
2019-04-04 20:36:54.795,50.0,sell,4825.7,BTC-26APR19-6500-C,76.73,0.005,50.0,2,1554410214795,17333032,5
2019-04-04 20:36:54.795,20.0,sell,4825.7,BTC-26APR19-6500-C,76.73,0.005,20.0,3,1554410214795,17333033,6
2019-04-05 17:27:07.364,2.3000000000000003,buy,5025.13,BTC-26APR19-6500-C,79.44,0.0085,2.3000000000000003,0,1554485227364,17375192,7
2019-04-05 20:06:28.353,0.1,buy,5022.64,BTC-26APR19-6500-C,80.93,0.009000000000000001,0.1,0,1554494788353,17380265,8
2019-04-06 16:37:15.030,30.0,buy,5184.55,BTC-26APR19-6500-C,71.84,0.0075,30.0,2,1554568635030,17407058,9
2019-04-06 18:01:07.359,2.7,buy,5150.29,BTC-26APR19-6500-C,74.67,0.008,2.7,0,1554573667359,17416031,10
2019-04-08 02:59:57.438,11.3,buy,5288.65,BTC-26APR19-6500-C,72.22,0.0085,11.3,0,1554692397438,17508977,11
2019-04-08 02:59:58.209,3.7,buy,5288.25,BTC-26APR19-6500-C,72.24,0.0085,3.7,1,1554692398209,17508980,12
2019-04-08 12:47:40.187,0.5,sell,5185.43,BTC-26APR19-6500-C,74.12,0.006999999999999999,0.5,2,1554727660187,17530552,13
2019-04-08 12:47:43.037,0.5,sell,5185.37,BTC-26APR19-6500-C,74.13,0.006999999999999999,0.5,3,1554727663037,17530553,14
2019-04-08 17:28:26.086,0.5,buy,5193.63,BTC-26APR19-6500-C,75.46,0.0075,0.5,0,1554744506086,17537587,15
2019-04-08 17:28:26.086,9.5,buy,5193.63,BTC-26APR19-6500-C,75.46,0.0075,9.5,1,1554744506086,17537588,16
2019-04-08 18:33:21.280,0.1,sell,5216.24,BTC-26APR19-6500-C,73.21,0.006999999999999999,0.1,2,1554748401280,17538690,17
2019-04-08 21:34:08.764,2.0,buy,5264.9,BTC-26APR19-6500-C,74.93,0.0085,2.0,0,1554759248764,17544216,18
2019-04-08 22:00:32.225,20.0,buy,5280.48,BTC-26APR19-6500-C,75.39,0.009000000000000001,20.0,0,1554760832225,17544787,19
2019-04-08 22:00:56.462,20.0,buy,5281.88,BTC-26APR19-6500-C,75.33,0.009000000000000001,20.0,1,1554760856462,17544792,20
2019-04-08 22:01:09.235,20.0,buy,5283.14,BTC-26APR19-6500-C,75.27,0.009000000000000001,20.0,1,1554760869235,17544803,21
2019-04-08 22:01:23.462,20.0,buy,5283.12,BTC-26APR19-6500-C,75.27,0.009000000000000001,20.0,1,1554760883462,17544867,22
2019-04-08 22:10:34.543,20.0,sell,5273.28,BTC-26APR19-6500-C,74.59,0.0085,20.0,2,1554761434543,17545351,23
2019-04-08 22:33:00.198,3.7,sell,5298.07,BTC-26APR19-6500-C,74.6,0.009000000000000001,3.7,0,1554762780198,17546173,24
2019-04-08 22:33:03.069,20.0,sell,5297.63,BTC-26APR19-6500-C,74.62,0.009000000000000001,20.0,1,1554762783069,17546177,25
2019-04-09 19:33:39.487,0.1,sell,5211.74,BTC-26APR19-6500-C,72.89,0.006,0.1,2,1554838419487,17580460,26
2019-04-10 08:45:32.756,18.0,sell,5241.43,BTC-26APR19-6500-C,71.23,0.0055,18.0,2,1554885932756,17595654,27
2019-04-10 08:45:32.756,2.0,sell,5241.43,BTC-26APR19-6500-C,71.23,0.0055,2.0,3,1554885932756,17595655,28
2019-04-10 08:45:40.277,20.0,sell,5242.39,BTC-26APR19-6500-C,71.18,0.0055,20.0,3,1554885940277,17595658,29
2019-04-10 08:45:48.153,2.0,sell,5242.55,BTC-26APR19-6500-C,71.18,0.0055,2.0,3,1554885948153,17595659,30
