date_utc,amount,direction,indexPrice,instrument,iv,price,quantity,tickDirection,timeStamp,tradeId,tradeSeq
2019-05-02 15:38:39.842,0.5,sell,5399.35,BTC-31MAY19-6750-P,72.15,0.2655,0.5,1,1556811519842,18559379,1
2019-05-02 15:38:57.623,1.5,sell,5399.27,BTC-31MAY19-6750-P,71.39,0.265,1.5,2,1556811537623,18559381,2
2019-05-03 10:40:49.817,2.0,buy,5729.76,BTC-31MAY19-6750-P,73.29,0.204,2.0,2,1556880049817,18662817,3
2019-05-03 13:26:19.937,0.1,sell,5739.91,BTC-31MAY19-6750-P,62.02,0.193,0.1,2,1556889979937,18678505,4
2019-05-03 13:27:53.766,0.1,buy,5746.47,BTC-31MAY19-6750-P,73.79,0.2015,0.1,0,1556890073766,18678731,5
2019-05-10 03:37:06.008,1.0,buy,6284.78,BTC-31MAY19-6750-P,68.53,0.1115,1.0,2,1557459426008,19309126,6
2019-05-10 03:38:52.222,2.0,sell,6285.9,BTC-31MAY19-6750-P,68.68,0.1115,2.0,3,1557459532222,19309249,7
2019-05-10 03:39:50.652,1.0,sell,6279.65,BTC-31MAY19-6750-P,68.41,0.11199999999999999,1.0,0,1557459590652,19309439,8
2019-05-10 10:41:37.266,0.1,buy,6288.23,BTC-31MAY19-6750-P,72.24,0.114,0.1,0,1557484897266,19349339,9
2019-05-10 10:50:45.179,0.1,sell,6288.85,BTC-31MAY19-6750-P,72.88,0.1145,0.1,0,1557485445179,19349659,10
2019-05-10 19:38:24.427,9.0,buy,6393.29,BTC-31MAY19-6750-P,69.49,0.099,9.0,2,1557517104427,19394334,11
2019-05-10 20:47:01.580,0.1,buy,6273.14,BTC-31MAY19-6750-P,70.4,0.1135,0.1,0,1557521221580,19401961,12
2019-05-11 04:08:54.133,0.4,sell,6559.18,BTC-31MAY19-6750-P,68.33,0.0805,0.4,2,1557547734133,19442825,13
2019-05-11 04:09:17.466,0.6,sell,6556.0,BTC-31MAY19-6750-P,67.47,0.08,0.6,2,1557547757466,19442852,14
2019-05-11 04:10:26.843,1.0,sell,6551.21,BTC-31MAY19-6750-P,67.52,0.0805,1.0,0,1557547826843,19442922,15
2019-05-11 04:51:39.157,0.3,buy,6674.97,BTC-31MAY19-6750-P,66.64,0.0685,0.3,2,1557550299157,19456183,16
2019-05-11 05:02:20.969,0.2,buy,6669.36,BTC-31MAY19-6750-P,66.67,0.069,0.2,0,1557550940969,19462399,17
2019-05-11 05:02:21.089,0.2,sell,6669.36,BTC-31MAY19-6750-P,66.67,0.069,0.2,1,1557550941089,19462400,18
2019-05-11 06:09:07.256,2.0,sell,6814.48,BTC-31MAY19-6750-P,73.25,0.0635,2.0,2,1557554947256,19481118,19
2019-05-11 06:17:05.565,0.3,buy,6880.6,BTC-31MAY19-6750-P,76.28,0.0615,0.3,2,1557555425565,19488741,20
2019-05-11 06:17:05.565,0.4,buy,6880.6,BTC-31MAY19-6750-P,76.82,0.062,0.4,0,1557555425565,19488742,21
2019-05-11 06:17:05.565,3.3000000000000003,buy,6880.6,BTC-31MAY19-6750-P,77.37,0.0625,3.3000000000000003,0,1557555425565,19488743,22
2019-05-11 06:20:50.402,0.4,buy,6852.59,BTC-31MAY19-6750-P,76.29,0.0635,0.4,0,1557555650402,19490323,23
2019-05-11 06:20:50.404,0.6,sell,6852.59,BTC-31MAY19-6750-P,76.83,0.064,0.6,0,1557555650404,19490324,24
2019-05-11 06:21:12.829,1.0,buy,6857.66,BTC-31MAY19-6750-P,76.14,0.063,1.0,2,1557555672829,19490692,25
2019-05-11 06:22:39.836,3.0,buy,6888.98,BTC-31MAY19-6750-P,68.74,0.054000000000000006,3.0,2,1557555759836,19491367,26
2019-05-11 07:04:31.190,2.0,sell,6778.84,BTC-31MAY19-6750-P,75.8,0.0685,2.0,0,1557558271190,19520004,27
2019-05-11 07:55:21.383,0.4,sell,6795.59,BTC-31MAY19-6750-P,68.08,0.06,0.4,2,1557561321383,19529570,28
2019-05-11 07:55:21.385,0.6,buy,6795.59,BTC-31MAY19-6750-P,68.08,0.06,0.6,3,1557561321385,19529571,29
2019-05-11 09:40:03.568,1.0,sell,6794.69,BTC-31MAY19-6750-P,76.23,0.0675,1.0,0,1557567603568,19544819,30
2019-05-11 10:16:38.129,0.7000000000000001,sell,6835.3,BTC-31MAY19-6750-P,68.17,0.057,0.7000000000000001,3,1557569798129,19549159,33
2019-05-11 10:16:38.129,0.4,sell,6835.3,BTC-31MAY19-6750-P,68.17,0.057,0.4,2,1557569798129,19549158,32
2019-05-11 10:16:38.129,0.9,sell,6835.3,BTC-31MAY19-6750-P,70.34,0.059000000000000004,0.9,2,1557569798129,19549157,31
2019-05-11 11:07:58.581,4.0,buy,6814.75,BTC-31MAY19-6750-P,79.08,0.0685,4.0,0,1557572878581,19554721,35
2019-05-11 11:07:58.581,1.0,buy,6814.75,BTC-31MAY19-6750-P,78.54,0.068,1.0,0,1557572878581,19554720,34
2019-05-11 11:27:22.846,0.3,buy,6806.16,BTC-31MAY19-6750-P,78.95,0.069,0.3,0,1557574042846,19556552,36
2019-05-11 14:08:14.611,0.4,buy,6804.41,BTC-31MAY19-6750-P,79.02,0.069,0.4,1,1557583694611,19570028,37
2019-05-11 14:13:33.714,0.7000000000000001,buy,6816.86,BTC-31MAY19-6750-P,78.96,0.068,0.7000000000000001,2,1557584013714,19571134,38
2019-05-11 14:56:00.118,0.1,sell,6791.33,BTC-31MAY19-6750-P,73.12,0.0645,0.1,2,1557586560118,19575845,39
2019-05-11 16:16:21.307,6.3,buy,6977.02,BTC-31MAY19-6750-P,82.09,0.0595,6.3,2,1557591381307,19597006,40
2019-05-11 16:30:32.337,0.4,sell,6957.18,BTC-31MAY19-6750-P,78.43,0.0575,0.4,2,1557592232337,19604636,41
2019-05-11 16:30:32.468,4.6000000000000005,buy,6957.18,BTC-31MAY19-6750-P,78.43,0.0575,4.6000000000000005,3,1557592232468,19604639,42
2019-05-11 17:21:02.269,3.0,sell,6945.22,BTC-31MAY19-6750-P,81.52,0.061,3.0,0,1557595262269,19614740,43
2019-05-11 17:22:01.066,0.4,sell,6950.5,BTC-31MAY19-6750-P,81.92,0.061,0.4,1,1557595321066,19614936,44
2019-05-11 17:22:24.718,5.6000000000000005,sell,6957.03,BTC-31MAY19-6750-P,82.4,0.061,5.6000000000000005,1,1557595344718,19615003,45
2019-05-11 21:48:14.891,1.0,sell,7034.72,BTC-31MAY19-6750-P,81.04,0.0545,1.0,2,1557611294891,19642451,46
2019-05-11 22:03:28.126,0.4,sell,7121.85,BTC-31MAY19-6750-P,82.95,0.051,0.4,2,1557612208126,19649204,47
2019-05-11 22:04:32.397,0.4,sell,7141.91,BTC-31MAY19-6750-P,84.28,0.051,0.4,3,1557612272397,19650048,48
2019-05-11 22:04:37.173,0.2,sell,7143.83,BTC-31MAY19-6750-P,84.41,0.051,0.2,3,1557612277173,19650176,49
2019-05-11 22:05:56.617,1.0,sell,7219.9,BTC-31MAY19-6750-P,85.73,0.048,1.0,2,1557612356617,19653537,50
2019-05-11 22:15:32.155,0.4,buy,7127.02,BTC-31MAY19-6750-P,83.32,0.051,0.4,0,1557612932155,19660891,51
2019-05-11 23:10:44.352,0.4,sell,7369.79,BTC-31MAY19-6750-P,94.36,0.0475,0.4,2,1557616244352,19695786,52
2019-05-11 23:11:44.798,0.4,sell,7409.7,BTC-31MAY19-6750-P,96.7,0.0475,0.4,3,1557616304798,19696992,53
2019-05-12 00:32:10.810,0.4,buy,7090.62,BTC-31MAY19-6750-P,91.51,0.06,0.4,0,1557621130810,19746661,54
2019-05-12 00:32:30.181,0.6,buy,7068.48,BTC-31MAY19-6750-P,89.96,0.06,0.6,1,1557621150181,19747365,55
2019-05-12 00:40:27.131,0.4,buy,6993.14,BTC-31MAY19-6750-P,100.98,0.0745,0.4,0,1557621627131,19757699,56
2019-05-12 00:40:27.133,1.7,sell,6993.14,BTC-31MAY19-6750-P,102.11,0.0755,1.7,0,1557621627133,19757700,57
2019-05-12 01:47:46.577,0.4,sell,7198.51,BTC-31MAY19-6750-P,93.65,0.0555,0.4,2,1557625666577,19781250,58
2019-05-12 01:48:01.272,0.4,sell,7200.07,BTC-31MAY19-6750-P,92.57,0.0545,0.4,2,1557625681272,19781274,59
2019-05-12 01:48:14.470,0.4,sell,7200.55,BTC-31MAY19-6750-P,92.0,0.054000000000000006,0.4,2,1557625694470,19781308,60
2019-05-12 01:48:34.502,0.4,sell,7196.77,BTC-31MAY19-6750-P,91.76,0.054000000000000006,0.4,3,1557625714502,19781370,61
2019-05-12 01:48:58.353,0.4,sell,7194.48,BTC-31MAY19-6750-P,89.83,0.0525,0.4,2,1557625738353,19781436,62
2019-05-12 01:55:05.301,0.4,sell,7199.7,BTC-31MAY19-6750-P,87.2,0.05,0.4,2,1557626105301,19782114,63
2019-05-12 01:55:57.895,1.7,sell,7196.97,BTC-31MAY19-6750-P,86.43,0.0495,1.7,2,1557626157895,19782143,64
2019-05-12 07:28:47.248,25.0,sell,7501.8,BTC-31MAY19-6750-P,103.57,0.048,25.0,2,1557646127248,19836200,65
2019-05-12 07:35:27.916,3.0,sell,7510.52,BTC-31MAY19-6750-P,104.08,0.048,3.0,3,1557646527916,19837284,66
2019-05-12 07:36:21.236,1.0,sell,7521.04,BTC-31MAY19-6750-P,100.79,0.045,1.0,2,1557646581236,19837437,67
2019-05-12 07:36:21.236,38.0,sell,7521.04,BTC-31MAY19-6750-P,100.79,0.045,38.0,3,1557646581236,19837438,68
2019-05-12 07:48:59.622,0.4,sell,7515.67,BTC-31MAY19-6750-P,96.59,0.042,0.4,2,1557647339622,19840538,69
2019-05-12 07:49:09.388,0.4,sell,7515.41,BTC-31MAY19-6750-P,96.57,0.042,0.4,3,1557647349388,19840584,70
2019-05-12 07:49:12.808,0.2,sell,7518.77,BTC-31MAY19-6750-P,96.76,0.042,0.2,3,1557647352808,19840597,71
2019-05-12 09:22:29.875,1.0,sell,7498.68,BTC-31MAY19-6750-P,94.49,0.040999999999999995,1.0,2,1557652949875,19874685,72
2019-05-12 09:23:13.233,1.0,sell,7499.98,BTC-31MAY19-6750-P,93.91,0.0405,1.0,2,1557652993233,19874974,73
2019-05-12 17:41:15.821,3.0,buy,6879.29,BTC-31MAY19-6750-P,83.1,0.065,3.0,0,1557682875821,20043433,74
2019-05-12 18:37:27.958,5.6000000000000005,sell,7037.78,BTC-31MAY19-6750-P,76.1,0.0485,5.6000000000000005,2,1557686247958,20052847,76
2019-05-12 18:37:27.958,0.4,sell,7037.78,BTC-31MAY19-6750-P,76.69,0.049,0.4,2,1557686247958,20052846,75
2019-05-12 20:55:04.239,0.1,sell,7158.1,BTC-31MAY19-6750-P,85.1,0.049,0.1,0,1557694504239,20076974,77
2019-05-12 20:55:26.801,0.1,sell,7164.84,BTC-31MAY19-6750-P,84.94,0.0485,0.1,2,1557694526801,20077119,78
2019-05-12 20:56:23.139,0.1,sell,7170.71,BTC-31MAY19-6750-P,84.72,0.048,0.1,2,1557694583139,20077237,79
2019-05-12 20:56:29.114,0.1,sell,7170.78,BTC-31MAY19-6750-P,84.12,0.0475,0.1,2,1557694589114,20077243,80
2019-05-12 21:31:25.355,0.4,sell,7113.44,BTC-31MAY19-6750-P,80.36,0.0475,0.4,3,1557696685355,20083884,81
2019-05-12 21:37:59.143,3.6,buy,7103.22,BTC-31MAY19-6750-P,79.09,0.047,3.6,2,1557697079143,20084288,82
2019-05-12 21:56:52.014,0.4,buy,7145.92,BTC-31MAY19-6750-P,83.78,0.0485,0.4,0,1557698212014,20085451,83
2019-05-12 21:56:52.014,2.6,buy,7145.92,BTC-31MAY19-6750-P,83.78,0.0485,2.6,1,1557698212014,20085452,84
2019-05-12 22:04:38.215,2.0,buy,7127.88,BTC-31MAY19-6750-P,79.58,0.046,2.0,2,1557698678215,20085945,85
2019-05-12 22:32:18.341,0.1,buy,6878.95,BTC-31MAY19-6750-P,84.1,0.0655,0.1,0,1557700338341,20095472,86
2019-05-13 11:30:23.519,4.6000000000000005,buy,7209.7,BTC-31MAY19-6750-P,85.61,0.0455,4.6000000000000005,2,1557747023519,20158395,87
2019-05-13 13:06:09.081,0.1,sell,7388.33,BTC-31MAY19-6750-P,89.76,0.04,0.1,2,1557752769081,20179542,88
2019-05-13 13:15:08.943,1.0,sell,7408.03,BTC-31MAY19-6750-P,90.27,0.0395,1.0,2,1557753308943,20181438,89
2019-05-13 13:15:52.527,1.0,sell,7413.49,BTC-31MAY19-6750-P,89.92,0.039,1.0,2,1557753352527,20181629,90
2019-05-13 13:48:49.017,0.4,sell,7428.18,BTC-31MAY19-6750-P,90.16,0.0385,0.4,2,1557755329017,20186856,91
2019-05-13 13:52:19.158,0.6,sell,7425.77,BTC-31MAY19-6750-P,90.03,0.0385,0.6,3,1557755539158,20187317,92
2019-05-13 14:22:24.633,1.0,sell,7428.32,BTC-31MAY19-6750-P,89.55,0.038,1.0,2,1557757344633,20191611,93
2019-05-13 14:34:27.196,1.0,sell,7484.38,BTC-31MAY19-6750-P,91.41,0.037000000000000005,1.0,2,1557758067196,20194480,94
2019-05-13 14:37:15.300,0.6,buy,7481.93,BTC-31MAY19-6750-P,89.21,0.0355,0.6,2,1557758235300,20195758,95
2019-05-13 14:51:45.530,1.0,sell,7541.78,BTC-31MAY19-6750-P,91.85,0.035,1.0,2,1557759105530,20200599,96
2019-05-13 14:59:56.984,4.0,sell,7512.35,BTC-31MAY19-6750-P,85.33,0.0315,4.0,3,1557759596984,20203797,99
2019-05-13 14:59:56.984,1.0,sell,7512.35,BTC-31MAY19-6750-P,87.44,0.033,1.0,2,1557759596984,20203795,97
2019-05-13 14:59:56.984,1.0,sell,7512.35,BTC-31MAY19-6750-P,85.33,0.0315,1.0,2,1557759596984,20203796,98
2019-05-13 15:08:42.390,1.0,sell,7671.76,BTC-31MAY19-6750-P,92.97,0.031,1.0,3,1557760122390,20208490,101
2019-05-13 15:08:42.390,1.0,sell,7671.76,BTC-31MAY19-6750-P,92.97,0.031,1.0,2,1557760122390,20208489,100
2019-05-13 15:11:04.497,5.6000000000000005,buy,7665.41,BTC-31MAY19-6750-P,90.42,0.0295,5.6000000000000005,2,1557760264497,20212551,102
2019-05-13 15:11:45.870,1.0,sell,7746.82,BTC-31MAY19-6750-P,92.2,0.027999999999999997,1.0,2,1557760305870,20213736,103
2019-05-13 15:24:51.937,0.4,sell,7801.15,BTC-31MAY19-6750-P,94.08,0.0275,0.4,2,1557761091937,20232570,104
2019-05-13 15:30:51.189,0.4,sell,7820.26,BTC-31MAY19-6750-P,90.21,0.0245,0.4,2,1557761451189,20235954,105
2019-05-13 15:30:51.193,0.6,buy,7820.26,BTC-31MAY19-6750-P,90.21,0.0245,0.6,3,1557761451193,20235955,106
2019-05-13 15:55:12.159,0.1,sell,7804.63,BTC-31MAY19-6750-P,91.92,0.026000000000000002,0.1,0,1557762912159,20246612,107
2019-05-13 15:56:32.381,0.2,buy,7812.29,BTC-31MAY19-6750-P,98.57,0.03,0.2,0,1557762992381,20246846,108
2019-05-13 15:59:43.119,0.1,buy,7841.22,BTC-31MAY19-6750-P,99.21,0.0295,0.1,2,1557763183119,20247911,109
2019-05-13 16:13:40.656,0.2,buy,7804.11,BTC-31MAY19-6750-P,96.66,0.028999999999999998,0.2,2,1557764020656,20255895,110
2019-05-13 16:33:32.826,0.4,sell,7841.17,BTC-31MAY19-6750-P,95.32,0.027000000000000003,0.4,2,1557765212826,20262294,111
2019-05-13 16:33:32.922,28.4,buy,7841.17,BTC-31MAY19-6750-P,94.53,0.0265,28.4,2,1557765212922,20262295,112
2019-05-13 16:37:03.468,0.4,buy,7882.04,BTC-31MAY19-6750-P,100.46,0.028999999999999998,0.4,0,1557765423468,20263150,113
2019-05-13 16:37:03.468,2.6,buy,7882.04,BTC-31MAY19-6750-P,103.61,0.031,2.6,0,1557765423468,20263151,114
2019-05-13 16:39:03.688,10.6,buy,7909.97,BTC-31MAY19-6750-P,93.63,0.024,10.6,2,1557765543688,20263539,115
2019-05-13 16:39:05.878,1.6,buy,7904.73,BTC-31MAY19-6750-P,93.4,0.024,1.6,3,1557765545878,20263578,116
2019-05-13 16:39:19.196,25.8,buy,7889.9,BTC-31MAY19-6750-P,92.72,0.024,25.8,3,1557765559196,20263686,117
2019-05-13 19:08:49.426,1.0,buy,7854.08,BTC-31MAY19-6750-P,103.33,0.0315,1.0,0,1557774529426,20295496,118
2019-05-13 19:57:10.881,16.0,buy,7913.85,BTC-31MAY19-6750-P,99.95,0.0275,16.0,3,1557777430881,20301439,120
2019-05-13 19:57:10.881,0.4,buy,7913.85,BTC-31MAY19-6750-P,99.95,0.0275,0.4,2,1557777430881,20301438,119
2019-05-13 19:57:32.607,1.4,sell,7913.91,BTC-31MAY19-6750-P,99.14,0.027000000000000003,1.4,2,1557777452607,20301466,121
2019-05-13 21:32:33.091,0.5,sell,8092.12,BTC-31MAY19-6750-P,104.08,0.025,0.5,2,1557783153091,20320866,122
2019-05-13 21:32:40.679,4.0,sell,8101.64,BTC-31MAY19-6750-P,103.63,0.0245,4.0,2,1557783160679,20321169,123
2019-05-14 00:18:27.384,3.0,buy,7904.26,BTC-31MAY19-6750-P,111.13,0.0345,3.0,0,1557793107384,20373546,124
2019-05-14 00:18:27.384,27.0,buy,7904.26,BTC-31MAY19-6750-P,111.13,0.0345,27.0,1,1557793107384,20373547,125
2019-05-14 06:57:45.601,0.4,sell,8053.58,BTC-31MAY19-6750-P,98.23,0.022000000000000002,0.4,2,1557817065601,20438187,126
2019-05-14 07:00:20.294,0.4,sell,8070.41,BTC-31MAY19-6750-P,98.06,0.0215,0.4,2,1557817220294,20438571,127
2019-05-14 07:01:07.172,0.3,sell,8079.72,BTC-31MAY19-6750-P,96.63,0.0205,0.3,2,1557817267172,20438740,128
2019-05-14 13:33:32.574,1.2,buy,8140.53,BTC-31MAY19-6750-P,108.3,0.025,1.2,0,1557840812574,20522492,129
2019-05-14 18:03:17.580,1.2,buy,8029.59,BTC-31MAY19-6750-P,96.69,0.021,1.2,2,1557856997580,20572023,130
2019-05-15 07:13:54.826,1.5,buy,8006.56,BTC-31MAY19-6750-P,102.77,0.024,1.5,0,1557904434826,20673043,131
2019-05-15 07:27:13.613,2.5,buy,7945.39,BTC-31MAY19-6750-P,99.93,0.024,2.5,1,1557905233613,20675737,132
2019-05-15 09:19:26.662,2.0,sell,7934.33,BTC-31MAY19-6750-P,97.87,0.023,2.0,2,1557911966662,20685895,133
2019-05-15 18:24:03.673,4.0,sell,8112.53,BTC-31MAY19-6750-P,97.6,0.018000000000000002,4.0,2,1557944643673,20750443,134
2019-05-16 09:16:22.424,1.5,buy,8047.32,BTC-31MAY19-6750-P,108.39,0.024,1.5,1,1557998182424,20892359,136
2019-05-16 09:16:22.424,18.5,buy,8047.32,BTC-31MAY19-6750-P,108.39,0.024,18.5,0,1557998182424,20892358,135
2019-05-16 13:16:12.720,2.0,sell,7834.04,BTC-31MAY19-6750-P,98.49,0.024,2.0,1,1558012572720,20930141,137
2019-05-17 03:10:09.409,1.0,sell,6668.89,BTC-31MAY19-6750-P,99.02,0.0845,1.0,0,1558062609409,21049860,138
2019-05-17 03:10:14.220,1.0,sell,6653.96,BTC-31MAY19-6750-P,99.29,0.086,1.0,0,1558062614220,21050185,139
2019-05-17 03:10:17.431,1.0,sell,6651.28,BTC-31MAY19-6750-P,99.63,0.0865,1.0,0,1558062617431,21050358,140
2019-05-17 03:10:22.560,1.0,sell,6648.85,BTC-31MAY19-6750-P,101.91,0.0885,1.0,0,1558062622560,21050670,141
2019-05-17 03:10:37.488,1.0,sell,6629.79,BTC-31MAY19-6750-P,99.79,0.0885,1.0,1,1558062637488,21051294,142
2019-05-17 03:10:39.528,1.0,sell,6629.29,BTC-31MAY19-6750-P,99.73,0.0885,1.0,1,1558062639528,21051377,143
2019-05-17 04:51:04.154,5.0,buy,7229.54,BTC-31MAY19-6750-P,95.55,0.044,5.0,2,1558068664154,21104378,144
2019-05-17 04:56:52.715,6.0,buy,7228.01,BTC-31MAY19-6750-P,96.87,0.045,6.0,0,1558069012715,21106311,145
2019-05-17 04:56:55.227,1.0,buy,7217.53,BTC-31MAY19-6750-P,96.11,0.045,1.0,1,1558069015227,21106320,146
2019-05-17 05:59:09.121,3.2,buy,7130.25,BTC-31MAY19-6750-P,92.55,0.047,3.2,0,1558072749121,21116760,147
2019-05-17 05:59:09.493,0.1,buy,7128.68,BTC-31MAY19-6750-P,92.43,0.047,0.1,1,1558072749493,21116764,148
2019-05-17 05:59:10.174,0.2,buy,7123.64,BTC-31MAY19-6750-P,92.04,0.047,0.2,1,1558072750174,21116782,149
2019-05-17 05:59:10.299,0.2,buy,7123.64,BTC-31MAY19-6750-P,92.04,0.047,0.2,1,1558072750299,21116783,150
2019-05-17 05:59:11.466,0.1,buy,7123.64,BTC-31MAY19-6750-P,92.04,0.047,0.1,1,1558072751466,21116797,151
2019-05-17 05:59:11.506,0.1,buy,7123.64,BTC-31MAY19-6750-P,92.04,0.047,0.1,1,1558072751506,21116800,152
2019-05-17 05:59:11.537,1.1,buy,7123.64,BTC-31MAY19-6750-P,92.04,0.047,1.1,1,1558072751537,21116802,153
2019-05-17 06:39:55.873,1.0,buy,7146.65,BTC-31MAY19-6750-P,98.04,0.05,1.0,0,1558075195873,21123147,154
2019-05-17 06:40:47.966,0.5,buy,7128.34,BTC-31MAY19-6750-P,96.63,0.05,0.5,1,1558075247966,21123229,155
2019-05-17 07:53:32.725,0.3,buy,7315.05,BTC-31MAY19-6750-P,104.23,0.0455,0.3,2,1558079612725,21128977,156
2019-05-17 12:00:18.345,0.1,sell,7149.75,BTC-31MAY19-6750-P,101.84,0.052000000000000005,0.1,0,1558094418345,21156673,157
2019-05-17 15:07:28.891,1.0,buy,7164.01,BTC-31MAY19-6750-P,106.93,0.0545,1.0,0,1558105648891,21185799,158
2019-05-17 21:03:45.632,0.1,sell,7190.89,BTC-31MAY19-6750-P,102.21,0.049,0.1,2,1558127025632,21231703,159
2019-05-17 21:03:45.632,1.0,sell,7190.89,BTC-31MAY19-6750-P,102.21,0.049,1.0,3,1558127025632,21231704,160
2019-05-19 02:02:08.180,0.5,sell,7636.11,BTC-31MAY19-6750-P,98.75,0.025,0.5,2,1558231328180,21341294,161
2019-05-19 03:24:47.867,4.5,sell,7857.78,BTC-31MAY19-6750-P,108.77,0.0235,4.5,2,1558236287867,21358326,162
2019-05-19 09:51:15.335,0.2,sell,8017.78,BTC-31MAY19-6750-P,111.23,0.02,0.2,2,1558259475335,21389225,163
2019-05-19 10:05:32.160,4.0,sell,8056.07,BTC-31MAY19-6750-P,101.71,0.015,4.0,2,1558260332160,21393430,164
2019-05-19 14:37:54.945,0.5,buy,7915.78,BTC-31MAY19-6750-P,108.92,0.021,0.5,0,1558276674945,21430398,165
2019-05-19 16:15:30.476,0.1,buy,7940.23,BTC-31MAY19-6750-P,108.4,0.02,0.1,2,1558282530476,21434383,166
2019-05-19 20:15:11.823,3.0,buy,7958.88,BTC-31MAY19-6750-P,104.58,0.0175,3.0,2,1558296911823,21453223,167
2019-05-19 22:48:26.869,2.8000000000000003,buy,8206.48,BTC-31MAY19-6750-P,106.08,0.013000000000000001,2.8000000000000003,2,1558306106869,21469198,168
2019-05-20 13:26:33.842,0.3,buy,7707.93,BTC-31MAY19-6750-P,103.68,0.022000000000000002,0.3,0,1558358793842,21586646,169
2019-05-20 15:32:20.703,0.6,buy,7778.46,BTC-31MAY19-6750-P,107.25,0.0215,0.6,2,1558366340703,21597675,170
2019-05-20 18:53:53.812,1.0,buy,7715.04,BTC-31MAY19-6750-P,106.26,0.0225,1.0,0,1558378433812,21611228,171
2019-05-20 19:25:17.474,1.0,sell,7831.79,BTC-31MAY19-6750-P,96.39,0.015,1.0,2,1558380317474,21613910,172
2019-05-20 19:30:33.800,2.0,buy,7806.97,BTC-31MAY19-6750-P,105.4,0.0195,2.0,0,1558380633800,21614350,173
2019-05-20 20:58:23.649,2.0,sell,8017.21,BTC-31MAY19-6750-P,95.79,0.011000000000000001,2.0,2,1558385903649,21624438,174
2019-05-21 00:09:32.940,0.6,sell,8042.0,BTC-31MAY19-6750-P,96.17,0.0105,0.6,2,1558397372940,21653316,175
2019-05-21 12:36:24.440,2.0,buy,7865.73,BTC-31MAY19-6750-P,93.9,0.012,2.0,0,1558442184440,21691127,176
2019-05-21 17:02:04.979,1.0,sell,7917.34,BTC-31MAY19-6750-P,91.81,0.01,1.0,2,1558458124979,21708981,177
2019-05-21 17:06:29.781,0.2,sell,7927.21,BTC-31MAY19-6750-P,92.32,0.01,0.2,3,1558458389781,21709219,178
2019-05-21 21:08:57.486,2.0,buy,8063.17,BTC-31MAY19-6750-P,100.03,0.01,2.0,3,1558472937486,21726576,179
2019-05-21 22:06:28.083,0.1,buy,7919.4,BTC-31MAY19-6750-P,92.94,0.01,0.1,3,1558476388083,21730775,180
2019-05-22 17:31:38.661,0.1,buy,7895.52,BTC-31MAY19-6750-P,95.92,0.01,0.1,3,1558546298661,21791099,181
2019-05-22 17:59:59.331,0.4,buy,7904.86,BTC-31MAY19-6750-P,90.01,0.008,0.4,2,1558547999331,21793561,182
2019-05-22 20:22:30.968,22.6,buy,7757.24,BTC-31MAY19-6750-P,88.88,0.01,22.6,0,1558556550968,21806371,183
2019-05-22 21:06:36.248,1.0,sell,7804.23,BTC-31MAY19-6750-P,94.7,0.011000000000000001,1.0,0,1558559196248,21819675,184
2019-05-22 22:02:46.168,0.1,buy,7625.68,BTC-31MAY19-6750-P,88.5,0.0125,0.1,0,1558562566168,21829537,185
2019-05-23 03:06:26.234,1.0,sell,7640.92,BTC-31MAY19-6750-P,86.44,0.011000000000000001,1.0,2,1558580786234,21863991,186
2019-05-23 08:27:53.437,0.3,buy,7584.51,BTC-31MAY19-6750-P,94.78,0.015,0.3,0,1558600073437,21879685,187
2019-05-23 21:18:11.188,1.0,sell,7845.4,BTC-31MAY19-6750-P,85.71,0.006,1.0,2,1558646291188,21935445,188
2019-05-23 22:56:30.074,0.3,sell,7921.9,BTC-31MAY19-6750-P,88.07,0.0055,0.3,2,1558652190074,21947099,189
2019-05-24 08:21:44.849,0.5,sell,7983.65,BTC-31MAY19-6750-P,93.81,0.0055,0.5,3,1558686104849,21972025,190
2019-05-24 08:23:10.202,0.1,sell,7978.74,BTC-31MAY19-6750-P,86.23,0.004,0.1,2,1558686190202,21972270,191
2019-05-24 11:54:22.467,3.1,sell,8031.4,BTC-31MAY19-6750-P,89.81,0.004,3.1,3,1558698862467,21985678,192
2019-05-24 12:24:54.102,0.1,sell,8013.22,BTC-31MAY19-6750-P,86.24,0.0035,0.1,2,1558700694102,21986817,193
2019-05-24 15:11:45.072,0.5,buy,8102.9,BTC-31MAY19-6750-P,91.4,0.0035,0.5,3,1558710705072,21995118,194
2019-05-24 15:11:45.072,0.5,buy,8102.9,BTC-31MAY19-6750-P,91.4,0.0035,0.5,3,1558710705072,21995119,195
2019-05-24 18:58:20.526,0.5,sell,8079.19,BTC-31MAY19-6750-P,91.32,0.0035,0.5,3,1558724300526,22011883,196
2019-05-24 21:49:17.701,0.1,buy,8067.79,BTC-31MAY19-6750-P,91.59,0.0035,0.1,3,1558734557701,22020957,197
2019-05-25 09:04:20.045,0.1,sell,8039.52,BTC-31MAY19-6750-P,93.64,0.0035,0.1,3,1558775060045,22044432,198
2019-05-25 09:04:20.045,0.1,sell,8039.52,BTC-31MAY19-6750-P,93.64,0.0035,0.1,3,1558775060045,22044433,199
2019-05-25 19:28:42.924,2.0,buy,7990.47,BTC-31MAY19-6750-P,94.57,0.0035,2.0,3,1558812522924,22070562,200
2019-05-25 20:09:23.950,1.0,buy,8045.53,BTC-31MAY19-6750-P,97.83,0.0035,1.0,3,1558814963950,22072411,201
2019-05-25 23:04:56.975,1.0,buy,8082.09,BTC-31MAY19-6750-P,97.48,0.003,1.0,2,1558825496975,22076449,202
2019-05-26 03:37:15.561,1.0,buy,8019.65,BTC-31MAY19-6750-P,102.48,0.004,1.0,0,1558841835561,22082762,203
2019-05-26 12:09:28.183,0.6,sell,7929.17,BTC-31MAY19-6750-P,86.15,0.002,0.6,2,1558872568183,22101394,204
2019-05-26 19:40:35.782,1.0,buy,8479.09,BTC-31MAY19-6750-P,105.0,0.001,1.0,2,1558899635782,22145019,205
2019-05-26 19:52:39.959,4.0,sell,8475.7,BTC-31MAY19-6750-P,94.5,0.0005,4.0,2,1558900359959,22155367,206
2019-05-26 19:52:39.959,10.0,sell,8475.7,BTC-31MAY19-6750-P,94.5,0.0005,10.0,3,1558900359959,22155368,207
2019-05-26 23:01:27.837,0.1,buy,8676.97,BTC-31MAY19-6750-P,123.96,0.0015,0.1,0,1558911687837,22225618,208
2019-05-27 03:30:45.024,0.2,buy,8777.36,BTC-31MAY19-6750-P,131.61,0.0015,0.2,1,1558927845024,22271279,209
2019-05-27 08:46:54.476,1.0,sell,8753.06,BTC-31MAY19-6750-P,113.1,0.0005,1.0,2,1558946814476,22282051,210
2019-05-27 08:47:59.282,1.0,sell,8751.67,BTC-31MAY19-6750-P,113.05,0.0005,1.0,3,1558946879282,22282054,211
2019-05-27 09:36:51.787,0.2,buy,8767.6,BTC-31MAY19-6750-P,135.31,0.0015,0.2,0,1558949811787,22283683,212
2019-05-27 09:36:51.787,5.8,buy,8767.6,BTC-31MAY19-6750-P,135.31,0.0015,5.8,1,1558949811787,22283684,213
