date_utc,amount,direction,indexPrice,instrument,iv,price,quantity,tickDirection,timeStamp,tradeId,tradeSeq
2019-04-11 15:57:51.900,1.0,sell,163.82,ETH-28JUN19-360-C,96.46,0.011,1.0,1,1554998271900,833217,1
2019-04-11 19:03:40.478,60.0,buy,166.3,ETH-28JUN19-360-C,89.77,0.008,60.0,2,1555009420478,841699,2
2019-04-13 09:22:57.833,3.0,buy,164.35,ETH-28JUN19-360-C,97.92,0.011,3.0,0,1555147377833,906657,3
2019-04-14 18:37:10.644,5.0,buy,164.45,ETH-28JUN19-360-C,94.96,0.009000000000000001,5.0,2,1555267030644,929493,4
2019-04-17 17:05:05.525,4.0,sell,165.76,ETH-28JUN19-360-C,93.83,0.008,4.0,2,1555520705525,1042491,5
2019-04-18 19:26:10.104,75.0,buy,175.42,ETH-28JUN19-360-C,92.65,0.01,75.0,0,1555615570104,1071520,6
2019-04-20 05:45:34.648,50.0,sell,174.86,ETH-28JUN19-360-C,92.18,0.009000000000000001,50.0,2,1555739134648,1110212,7
2019-04-21 14:32:27.931,3.0,sell,168.4,ETH-28JUN19-360-C,96.93,0.009000000000000001,3.0,3,1555857147931,1143602,8
2019-04-22 14:10:16.902,3.0,buy,171.08,ETH-28JUN19-360-C,97.97,0.01,3.0,0,1555942216902,1156646,9
2019-04-22 16:19:46.369,17.0,sell,169.35,ETH-28JUN19-360-C,97.21,0.009000000000000001,17.0,2,1555949986369,1160129,10
2019-04-24 10:01:49.616,2.0,buy,163.95,ETH-28JUN19-360-C,99.85,0.008,2.0,2,1556100109616,1209794,11
2019-04-26 03:58:14.372,15.0,sell,152.67,ETH-28JUN19-360-C,100.4,0.005,15.0,3,1556251094372,1267270,13
2019-04-26 03:58:14.372,5.0,sell,152.67,ETH-28JUN19-360-C,100.4,0.005,5.0,2,1556251094372,1267269,12
2019-04-26 10:49:37.219,20.0,buy,152.38,ETH-28JUN19-360-C,108.46,0.008,20.0,0,1556275777219,1273309,14
2019-04-26 21:48:22.571,60.0,buy,152.36,ETH-28JUN19-360-C,100.51,0.005,60.0,2,1556315302571,1280877,15
2019-04-26 21:48:29.142,60.0,buy,152.36,ETH-28JUN19-360-C,100.51,0.005,60.0,3,1556315309142,1280878,16
2019-04-26 21:48:33.575,60.0,buy,152.36,ETH-28JUN19-360-C,100.51,0.005,60.0,3,1556315313575,1280879,17
2019-04-30 00:48:43.208,19.0,sell,152.58,ETH-28JUN19-360-C,100.54,0.004,19.0,2,1556585323208,1341483,18
2019-05-04 00:38:16.919,40.0,buy,167.09,ETH-28JUN19-360-C,98.1,0.005,40.0,0,1556930296919,1453003,19
2019-05-04 00:42:02.753,2.0,buy,167.1,ETH-28JUN19-360-C,98.09,0.005,2.0,1,1556930522753,1453040,20
2019-05-06 16:03:03.885,50.0,buy,172.13,ETH-28JUN19-360-C,97.37,0.005,50.0,1,1557158583885,1520489,21
2019-05-06 16:03:03.983,1.0,buy,172.13,ETH-28JUN19-360-C,97.37,0.005,1.0,1,1557158583983,1520493,22
2019-05-06 16:03:04.006,1.0,buy,172.13,ETH-28JUN19-360-C,97.37,0.005,1.0,1,1557158584006,1520497,23
2019-05-06 16:03:13.582,6.0,buy,172.64,ETH-28JUN19-360-C,97.03,0.005,6.0,1,1557158593582,1520634,24
2019-05-06 16:08:39.481,55.0,buy,172.14,ETH-28JUN19-360-C,100.31,0.006,55.0,0,1557158919481,1522988,25
2019-05-07 04:19:38.712,1.0,buy,176.65,ETH-28JUN19-360-C,102.68,0.008,1.0,0,1557202778712,1555317,26
2019-05-08 09:48:13.590,50.0,buy,168.14,ETH-28JUN19-360-C,108.22,0.006999999999999999,50.0,2,1557308893590,1618670,27
2019-05-08 09:48:13.590,10.0,buy,168.14,ETH-28JUN19-360-C,108.22,0.006999999999999999,10.0,3,1557308893590,1618671,28
2019-05-08 09:48:18.716,60.0,buy,168.13,ETH-28JUN19-360-C,108.23,0.006999999999999999,60.0,3,1557308898716,1618673,29
2019-05-08 14:10:56.006,60.0,sell,166.73,ETH-28JUN19-360-C,109.47,0.006999999999999999,60.0,3,1557324656006,1623215,30
2019-05-09 12:21:59.204,60.0,sell,167.61,ETH-28JUN19-360-C,110.1,0.006999999999999999,60.0,3,1557404519204,1657896,31
2019-05-09 13:15:47.503,60.0,sell,166.57,ETH-28JUN19-360-C,110.75,0.006999999999999999,60.0,3,1557407747503,1659198,32
2019-05-10 11:35:48.901,90.0,buy,172.42,ETH-28JUN19-360-C,110.59,0.008,90.0,0,1557488148901,1691554,33
2019-05-11 08:19:49.865,9.0,buy,178.19,ETH-28JUN19-360-C,108.45,0.008,9.0,1,1557562789865,1743697,34
2019-05-11 08:26:08.617,50.0,buy,181.92,ETH-28JUN19-360-C,107.77,0.009000000000000001,50.0,0,1557563168617,1746481,35
2019-05-11 14:51:42.883,120.0,sell,189.06,ETH-28JUN19-360-C,108.95,0.012,120.0,0,1557586302883,1784641,36
2019-05-11 18:50:13.648,10.0,buy,198.23,ETH-28JUN19-360-C,108.45,0.015,10.0,0,1557600613648,1807966,37
2019-05-11 18:50:13.648,60.0,buy,198.23,ETH-28JUN19-360-C,108.45,0.015,60.0,1,1557600613648,1807967,38
2019-05-11 18:56:57.660,60.0,buy,196.87,ETH-28JUN19-360-C,109.24,0.015,60.0,1,1557601017660,1808349,39
2019-05-11 18:57:23.532,60.0,buy,196.83,ETH-28JUN19-360-C,109.31,0.015,60.0,1,1557601043532,1808358,40
2019-05-11 19:39:21.935,60.0,buy,195.27,ETH-28JUN19-360-C,110.34,0.015,60.0,1,1557603561935,1810884,41
2019-05-11 20:02:48.893,60.0,buy,196.54,ETH-28JUN19-360-C,109.63,0.015,60.0,1,1557604968893,1812188,42
2019-05-13 15:01:08.714,64.0,sell,195.79,ETH-28JUN19-360-C,111.25,0.013999999999999999,64.0,2,1557759668714,2029750,43
2019-05-13 16:35:59.202,120.0,sell,203.98,ETH-28JUN19-360-C,124.8,0.027999999999999997,120.0,0,1557765359202,2047625,44
2019-05-13 20:43:54.589,5.0,buy,200.47,ETH-28JUN19-360-C,121.96,0.024,5.0,2,1557780234589,2060133,45
2019-05-13 20:51:22.656,20.0,buy,200.71,ETH-28JUN19-360-C,126.84,0.027999999999999997,20.0,0,1557780682656,2060351,46
2019-05-13 21:19:12.028,50.0,sell,201.98,ETH-28JUN19-360-C,123.14,0.026000000000000002,50.0,2,1557782352028,2061587,47
2019-05-13 21:51:10.968,52.0,sell,203.12,ETH-28JUN19-360-C,125.05,0.027999999999999997,52.0,0,1557784270968,2063815,48
2019-05-13 21:51:15.111,5.0,sell,203.04,ETH-28JUN19-360-C,125.05,0.027999999999999997,5.0,1,1557784275111,2063853,49
2019-05-13 22:05:23.579,2.0,buy,204.3,ETH-28JUN19-360-C,126.52,0.03,2.0,0,1557785123579,2064833,50
2019-05-13 22:32:21.498,25.0,sell,203.91,ETH-28JUN19-360-C,124.49,0.027999999999999997,25.0,2,1557786741498,2066702,51
2019-05-14 01:29:31.373,30.0,buy,200.13,ETH-28JUN19-360-C,136.57,0.035,30.0,0,1557797371373,2079520,52
2019-05-14 01:29:32.091,63.0,sell,200.13,ETH-28JUN19-360-C,125.76,0.026000000000000002,63.0,2,1557797372091,2079521,53
2019-05-14 02:57:48.598,5.0,buy,204.24,ETH-28JUN19-360-C,136.53,0.038,5.0,0,1557802668598,2083860,54
2019-05-14 05:37:51.055,15.0,buy,210.74,ETH-28JUN19-360-C,123.14,0.031,15.0,2,1557812271055,2098565,55
2019-05-14 08:57:51.801,50.0,sell,207.28,ETH-28JUN19-360-C,113.93,0.022000000000000002,50.0,2,1557824271801,2115667,56
2019-05-14 09:06:29.969,50.0,buy,208.55,ETH-28JUN19-360-C,123.28,0.03,50.0,0,1557824789969,2117065,57
2019-05-14 09:36:09.482,57.0,sell,208.14,ETH-28JUN19-360-C,124.61,0.031,57.0,0,1557826569482,2118611,58
2019-05-14 23:03:32.646,61.0,sell,218.08,ETH-28JUN19-360-C,121.42,0.033,61.0,0,1557875012646,2173819,59
2019-05-15 01:24:13.433,1.0,buy,222.47,ETH-28JUN19-360-C,120.63,0.035,1.0,0,1557883453433,2187965,60
2019-05-15 01:24:15.251,12.0,sell,222.47,ETH-28JUN19-360-C,122.8,0.037000000000000005,12.0,0,1557883455251,2187970,61
2019-05-15 01:25:37.740,12.0,sell,222.7,ETH-28JUN19-360-C,122.51,0.037000000000000005,12.0,1,1557883537740,2188067,62
2019-05-15 05:37:36.068,1.0,buy,228.82,ETH-28JUN19-360-C,126.6,0.046,1.0,0,1557898656068,2203380,63
2019-05-15 06:13:14.212,3.0,sell,233.0,ETH-28JUN19-360-C,119.7,0.042,3.0,2,1557900794212,2205992,64
2019-05-15 06:21:23.028,5.0,buy,232.83,ETH-28JUN19-360-C,132.34,0.055,5.0,0,1557901283028,2206524,65
2019-05-15 07:22:01.415,8.0,sell,229.43,ETH-28JUN19-360-C,123.18,0.042,8.0,2,1557904921415,2212070,66
2019-05-15 07:22:20.793,15.0,sell,229.69,ETH-28JUN19-360-C,120.95,0.04,15.0,2,1557904940793,2212090,67
2019-05-15 07:22:32.575,27.0,sell,230.07,ETH-28JUN19-360-C,118.69,0.038,27.0,2,1557904952575,2212133,68
2019-05-15 10:58:39.813,10.0,buy,233.94,ETH-28JUN19-360-C,125.91,0.048,10.0,0,1557917919813,2229767,69
2019-05-15 10:58:56.964,10.0,buy,233.99,ETH-28JUN19-360-C,125.85,0.048,10.0,1,1557917936964,2229776,70
2019-05-15 22:58:18.990,1.0,buy,246.88,ETH-28JUN19-360-C,111.57,0.042,1.0,2,1557961098990,2289473,71
2019-05-15 23:30:47.491,30.0,sell,247.75,ETH-28JUN19-360-C,108.79,0.04,30.0,2,1557963047491,2293945,72
2019-05-15 23:31:31.527,10.0,sell,248.1,ETH-28JUN19-360-C,108.5,0.04,10.0,3,1557963091527,2293996,73
2019-05-15 23:32:06.439,1.0,buy,248.25,ETH-28JUN19-360-C,114.16,0.046,1.0,0,1557963126439,2294019,74
2019-05-16 00:15:24.700,2.0,buy,251.99,ETH-28JUN19-360-C,110.59,0.045,2.0,2,1557965724700,2298233,75
2019-05-16 00:59:58.801,1.0,buy,264.31,ETH-28JUN19-360-C,114.33,0.059000000000000004,1.0,0,1557968398801,2309898,76
2019-05-16 03:12:43.105,1.0,buy,272.05,ETH-28JUN19-360-C,122.98,0.077,1.0,0,1557976363105,2323205,77
2019-05-16 03:15:01.649,1.0,buy,271.53,ETH-28JUN19-360-C,117.98,0.07,1.0,2,1557976501649,2323423,78
2019-05-16 03:54:11.229,2.0,buy,269.91,ETH-28JUN19-360-C,111.25,0.061,2.0,2,1557978851229,2326195,79
2019-05-16 03:54:22.451,1.0,sell,269.8,ETH-28JUN19-360-C,108.77,0.057999999999999996,1.0,2,1557978862451,2326208,80
2019-05-16 04:25:55.054,1.0,sell,259.05,ETH-28JUN19-360-C,107.12,0.049,1.0,2,1557980755054,2334997,81
2019-05-16 13:40:39.583,51.0,buy,250.74,ETH-28JUN19-360-C,110.71,0.045,51.0,2,1558014039583,2427372,82
2019-05-16 13:40:40.578,2.0,buy,250.87,ETH-28JUN19-360-C,110.58,0.045,2.0,3,1558014040578,2427379,83
2019-05-16 13:57:36.854,12.0,buy,250.85,ETH-28JUN19-360-C,110.66,0.045,12.0,3,1558015056854,2428075,84
2019-05-16 14:25:21.123,60.0,buy,259.44,ETH-28JUN19-360-C,112.04,0.053,60.0,0,1558016721123,2431576,85
2019-05-16 14:32:29.249,60.0,buy,260.05,ETH-28JUN19-360-C,113.43,0.055,60.0,0,1558017149249,2433715,86
2019-05-16 14:37:30.452,5.0,buy,261.48,ETH-28JUN19-360-C,107.03,0.049,5.0,2,1558017450452,2434244,87
2019-05-16 15:49:56.124,2.0,buy,271.02,ETH-28JUN19-360-C,120.16,0.07400000000000001,2.0,0,1558021796124,2450558,88
2019-05-16 16:03:54.808,5.0,buy,273.06,ETH-28JUN19-360-C,116.32,0.071,5.0,2,1558022634808,2458202,89
2019-05-16 16:06:34.177,1.0,sell,274.7,ETH-28JUN19-360-C,117.36,0.07400000000000001,1.0,0,1558022794177,2459201,90
2019-05-16 16:08:01.979,8.0,buy,275.75,ETH-28JUN19-360-C,114.98,0.07200000000000001,8.0,2,1558022881979,2459670,91
2019-05-16 16:10:35.500,50.0,buy,275.16,ETH-28JUN19-360-C,112.23,0.068,50.0,2,1558023035500,2461396,92
2019-05-16 16:10:35.584,1.0,buy,275.16,ETH-28JUN19-360-C,112.23,0.068,1.0,3,1558023035584,2461398,93
2019-05-16 16:10:35.647,1.0,buy,275.16,ETH-28JUN19-360-C,112.23,0.068,1.0,3,1558023035647,2461400,94
2019-05-16 16:10:35.652,1.0,buy,275.16,ETH-28JUN19-360-C,112.23,0.068,1.0,3,1558023035652,2461401,95
2019-05-16 16:10:35.686,1.0,buy,275.16,ETH-28JUN19-360-C,112.23,0.068,1.0,3,1558023035686,2461403,96
2019-05-16 16:10:46.621,50.0,buy,275.8,ETH-28JUN19-360-C,112.29,0.069,50.0,0,1558023046621,2461585,97
2019-05-16 16:10:48.792,1.0,buy,276.02,ETH-28JUN19-360-C,112.23,0.069,1.0,1,1558023048792,2461608,98
2019-05-16 16:10:48.809,1.0,buy,276.02,ETH-28JUN19-360-C,112.23,0.069,1.0,1,1558023048809,2461609,99
2019-05-16 16:17:33.281,2.0,buy,273.24,ETH-28JUN19-360-C,117.51,0.073,2.0,0,1558023453281,2465170,100
2019-05-16 18:33:56.576,50.0,buy,267.67,ETH-28JUN19-360-C,111.56,0.059000000000000004,50.0,2,1558031636576,2499121,101
2019-05-16 18:33:56.850,1.0,buy,267.67,ETH-28JUN19-360-C,111.56,0.059000000000000004,1.0,3,1558031636850,2499124,102
2019-05-16 18:33:57.304,1.0,buy,267.75,ETH-28JUN19-360-C,111.38,0.059000000000000004,1.0,3,1558031637304,2499128,103
2019-05-17 03:07:42.141,19.0,sell,235.2,ETH-28JUN19-360-C,104.15,0.028999999999999998,19.0,2,1558062462141,2613284,105
2019-05-17 03:07:42.141,1.0,sell,235.2,ETH-28JUN19-360-C,116.89,0.040999999999999995,1.0,2,1558062462141,2613283,104
2019-05-17 03:26:29.271,10.0,buy,237.2,ETH-28JUN19-360-C,120.79,0.044000000000000004,10.0,0,1558063589271,2637391,106
2019-05-17 03:27:54.882,10.0,buy,239.01,ETH-28JUN19-360-C,120.49,0.045,10.0,0,1558063674882,2638036,107
2019-05-17 05:40:45.619,5.0,buy,242.19,ETH-28JUN19-360-C,120.78,0.048,5.0,0,1558071645619,2670169,108
2019-05-17 06:04:28.469,1.0,buy,237.49,ETH-28JUN19-360-C,122.14,0.047,1.0,2,1558073068469,2676000,109
2019-05-17 11:43:47.866,25.0,sell,224.69,ETH-28JUN19-360-C,108.72,0.024,25.0,2,1558093427866,2725929,110
2019-05-17 11:49:44.272,1.0,buy,226.48,ETH-28JUN19-360-C,116.86,0.032,1.0,0,1558093784272,2728141,111
2019-05-17 12:01:25.224,8.0,buy,229.69,ETH-28JUN19-360-C,117.14,0.034,8.0,0,1558094485224,2730742,112
2019-05-17 12:22:15.808,9.0,sell,226.37,ETH-28JUN19-360-C,105.95,0.023,9.0,2,1558095735808,2736159,113
2019-05-17 15:29:25.533,320.0,sell,232.2,ETH-28JUN19-360-C,116.41,0.035,320.0,0,1558106965533,2766327,114
2019-05-17 15:29:49.355,60.0,sell,231.57,ETH-28JUN19-360-C,116.83,0.035,60.0,1,1558106989355,2766427,115
2019-05-17 15:29:52.373,60.0,sell,231.56,ETH-28JUN19-360-C,116.83,0.035,60.0,1,1558106992373,2766431,116
2019-05-17 15:32:16.875,80.0,sell,231.59,ETH-28JUN19-360-C,116.92,0.035,80.0,1,1558107136875,2766927,117
2019-05-17 15:35:24.817,50.0,sell,230.05,ETH-28JUN19-360-C,117.81,0.035,50.0,1,1558107324817,2767680,118
2019-05-17 15:35:24.845,52.0,sell,230.05,ETH-28JUN19-360-C,117.81,0.035,52.0,1,1558107324845,2767681,119
2019-05-17 15:35:24.854,51.0,sell,230.05,ETH-28JUN19-360-C,117.81,0.035,51.0,1,1558107324854,2767682,120
2019-05-17 15:35:24.866,51.0,sell,230.05,ETH-28JUN19-360-C,117.81,0.035,51.0,1,1558107324866,2767683,121
2019-05-17 15:35:24.882,51.0,sell,230.05,ETH-28JUN19-360-C,117.81,0.035,51.0,1,1558107324882,2767684,122
2019-05-17 15:52:49.928,225.0,sell,229.56,ETH-28JUN19-360-C,118.51,0.035,225.0,1,1558108369928,2770643,123
2019-05-17 15:54:52.873,70.0,sell,229.82,ETH-28JUN19-360-C,111.53,0.028999999999999998,70.0,2,1558108492873,2771024,124
2019-05-18 20:54:20.669,1.0,sell,236.21,ETH-28JUN19-360-C,108.99,0.027999999999999997,1.0,2,1558212860669,2951145,125
2019-05-19 04:57:35.806,2.0,buy,254.4,ETH-28JUN19-360-C,117.2,0.048,2.0,0,1558241855806,2997799,126
2019-05-19 04:57:51.846,1.0,buy,254.37,ETH-28JUN19-360-C,117.21,0.048,1.0,1,1558241871846,2997822,127
2019-05-19 09:19:26.452,1.0,buy,255.49,ETH-28JUN19-360-C,117.28,0.049,1.0,0,1558257566452,3015066,128
2019-05-19 09:51:10.876,1.0,buy,257.35,ETH-28JUN19-360-C,115.9,0.049,1.0,1,1558259470876,3016105,129
2019-05-19 10:43:10.015,50.0,buy,260.32,ETH-28JUN19-360-C,115.84,0.051,50.0,0,1558262590015,3020253,130
2019-05-19 16:23:51.812,25.0,sell,253.69,ETH-28JUN19-360-C,115.05,0.046,25.0,2,1558283031812,3039990,131
2019-05-19 17:20:31.935,50.0,buy,255.56,ETH-28JUN19-360-C,114.6,0.047,50.0,0,1558286431935,3042302,132
2019-05-19 17:22:06.739,30.0,buy,255.74,ETH-28JUN19-360-C,115.38,0.048,30.0,0,1558286526739,3042391,133
2019-05-19 20:41:03.169,1.0,buy,255.83,ETH-28JUN19-360-C,110.43,0.042,1.0,2,1558298463169,3055331,134
2019-05-19 21:18:13.974,10.0,buy,260.12,ETH-28JUN19-360-C,114.71,0.05,10.0,0,1558300693974,3057745,135
2019-05-19 22:17:28.883,30.0,sell,257.28,ETH-28JUN19-360-C,112.18,0.045,30.0,2,1558304248883,3061905,136
2019-05-20 10:19:26.617,1.0,buy,251.8,ETH-28JUN19-360-C,115.72,0.044000000000000004,1.0,2,1558347566617,3127236,137
2019-05-20 10:19:59.459,1.0,buy,251.78,ETH-28JUN19-360-C,115.75,0.044000000000000004,1.0,3,1558347599459,3127254,138
2019-05-20 10:28:33.697,10.0,buy,252.43,ETH-28JUN19-360-C,116.38,0.045,10.0,0,1558348113697,3127505,139
2019-05-20 10:35:15.611,10.0,buy,251.07,ETH-28JUN19-360-C,115.44,0.043,10.0,2,1558348515611,3127753,140
2019-05-20 12:21:02.002,10.0,buy,248.11,ETH-28JUN19-360-C,115.6,0.041,10.0,2,1558354862002,3132102,141
2019-05-20 12:33:36.899,1.0,sell,247.14,ETH-28JUN19-360-C,115.25,0.04,1.0,3,1558355616899,3132771,143
2019-05-20 12:33:36.899,10.0,sell,247.14,ETH-28JUN19-360-C,115.25,0.04,10.0,2,1558355616899,3132770,142
2019-05-20 12:46:58.996,10.0,sell,245.58,ETH-28JUN19-360-C,115.48,0.039,10.0,3,1558356418996,3133617,145
2019-05-20 12:46:58.996,10.0,sell,245.58,ETH-28JUN19-360-C,115.48,0.039,10.0,2,1558356418996,3133616,144
2019-05-20 12:51:03.420,10.0,sell,244.25,ETH-28JUN19-360-C,115.27,0.038,10.0,2,1558356663420,3134432,146
2019-05-20 12:53:19.676,10.0,sell,243.19,ETH-28JUN19-360-C,114.94,0.037000000000000005,10.0,2,1558356799676,3134969,147
2019-05-20 13:09:07.065,10.0,buy,241.09,ETH-28JUN19-360-C,115.32,0.036000000000000004,10.0,2,1558357747065,3137606,148
2019-05-20 17:14:59.736,10.0,sell,248.16,ETH-28JUN19-360-C,115.82,0.041,10.0,0,1558372499736,3153201,149
2019-05-20 17:32:17.937,30.0,sell,245.58,ETH-28JUN19-360-C,115.47,0.039,30.0,3,1558373537937,3154181,151
2019-05-20 17:32:17.937,1.0,sell,245.58,ETH-28JUN19-360-C,115.47,0.039,1.0,2,1558373537937,3154180,150
2019-05-20 18:49:54.576,65.0,sell,244.77,ETH-28JUN19-360-C,111.99,0.035,65.0,2,1558378194576,3158948,152
2019-05-20 18:57:52.842,1.0,buy,245.72,ETH-28JUN19-360-C,116.66,0.04,1.0,0,1558378672842,3159342,153
2019-05-20 19:25:09.447,20.0,buy,247.57,ETH-28JUN19-360-C,116.09,0.041,20.0,0,1558380309447,3160974,154
2019-05-20 21:01:26.168,1.0,buy,256.25,ETH-28JUN19-360-C,109.83,0.041,1.0,1,1558386086168,3168702,155
2019-05-20 22:53:57.834,1.0,buy,250.99,ETH-28JUN19-360-C,117.02,0.044,1.0,0,1558392837834,3179499,156
2019-05-20 22:54:08.281,1.0,sell,250.92,ETH-28JUN19-360-C,115.03,0.042,1.0,2,1558392848281,3179519,157
2019-05-21 00:35:13.320,1.0,sell,253.32,ETH-28JUN19-360-C,112.79,0.042,1.0,3,1558398913320,3185591,158
2019-05-21 01:16:32.701,10.0,sell,252.88,ETH-28JUN19-360-C,111.5,0.04,10.0,2,1558401392701,3188242,159
2019-05-21 09:14:28.613,10.0,buy,254.24,ETH-28JUN19-360-C,112.06,0.041,10.0,0,1558430068613,3206884,160
2019-05-21 09:19:38.811,2.0,buy,255.57,ETH-28JUN19-360-C,112.88,0.043,2.0,0,1558430378811,3207430,161
2019-05-21 12:56:47.856,10.0,buy,251.3,ETH-28JUN19-360-C,113.23,0.04,10.0,2,1558443407856,3218272,162
2019-05-21 23:33:44.939,1.0,buy,258.06,ETH-28JUN19-360-C,114.36,0.045,1.0,0,1558481624939,3263319,163
2019-05-22 14:59:08.212,2.0,sell,253.35,ETH-28JUN19-360-C,108.38,0.035,2.0,2,1558537148212,3300529,164
2019-05-22 14:59:42.757,20.0,sell,253.31,ETH-28JUN19-360-C,106.23,0.033,20.0,2,1558537182757,3300558,165
2019-05-22 14:59:42.757,11.0,sell,253.31,ETH-28JUN19-360-C,106.23,0.033,11.0,3,1558537182757,3300559,166
2019-05-22 14:59:53.618,1.0,sell,253.32,ETH-28JUN19-360-C,106.24,0.033,1.0,3,1558537193618,3300560,167
2019-05-22 16:54:01.173,10.0,sell,253.54,ETH-28JUN19-360-C,108.17,0.035,10.0,0,1558544041173,3307384,168
2019-05-22 17:09:54.150,60.0,sell,252.63,ETH-28JUN19-360-C,107.0,0.033,60.0,2,1558544994150,3309250,169
2019-05-22 17:24:55.157,55.0,sell,251.24,ETH-28JUN19-360-C,107.04,0.032,55.0,2,1558545895157,3311078,170
2019-05-22 20:22:25.948,20.0,sell,243.77,ETH-28JUN19-360-C,110.7,0.03,20.0,2,1558556545948,3322363,171
2019-05-22 23:24:18.914,2.0,buy,246.15,ETH-28JUN19-360-C,113.49,0.034,2.0,0,1558567458914,3344514,172
2019-05-23 00:50:56.482,66.0,sell,243.49,ETH-28JUN19-360-C,112.19,0.031,66.0,2,1558572656482,3351289,173
2019-05-23 00:50:56.583,54.0,sell,243.49,ETH-28JUN19-360-C,112.19,0.031,54.0,3,1558572656583,3351293,174
2019-05-23 00:59:19.731,10.0,buy,243.05,ETH-28JUN19-360-C,107.63,0.027000000000000003,10.0,2,1558573159731,3351584,175
2019-05-23 01:00:18.088,60.0,sell,243.14,ETH-28JUN19-360-C,106.26,0.026,60.0,2,1558573218088,3351615,176
2019-05-23 01:00:18.088,60.0,sell,243.14,ETH-28JUN19-360-C,106.26,0.026,60.0,3,1558573218088,3351616,177
2019-05-23 01:00:45.681,60.0,sell,243.09,ETH-28JUN19-360-C,106.32,0.026,60.0,3,1558573245681,3351649,179
2019-05-23 01:00:45.681,60.0,sell,243.09,ETH-28JUN19-360-C,106.32,0.026,60.0,3,1558573245681,3351648,178
2019-05-23 10:01:23.115,10.0,sell,235.89,ETH-28JUN19-360-C,108.28,0.022000000000000002,10.0,2,1558605683115,3384384,180
2019-05-23 11:20:38.408,50.0,buy,238.04,ETH-28JUN19-360-C,110.97,0.025,50.0,0,1558610438408,3388174,181
2019-05-23 12:33:43.696,16.0,buy,236.69,ETH-28JUN19-360-C,111.96,0.025,16.0,1,1558614823696,3391645,182
2019-05-23 12:33:43.699,53.0,sell,236.69,ETH-28JUN19-360-C,111.96,0.025,53.0,1,1558614823699,3391646,183
2019-05-23 12:33:43.724,36.0,sell,236.69,ETH-28JUN19-360-C,111.96,0.025,36.0,1,1558614823724,3391647,184
2019-05-23 12:40:12.951,1.0,buy,237.31,ETH-28JUN19-360-C,112.79,0.026,1.0,0,1558615212951,3392075,185
2019-05-23 14:08:29.823,60.0,buy,242.65,ETH-28JUN19-360-C,114.18,0.03,60.0,0,1558620509823,3396849,186
2019-05-23 14:08:29.823,84.0,buy,242.65,ETH-28JUN19-360-C,114.18,0.03,84.0,1,1558620509823,3396850,187
2019-05-23 21:45:48.890,15.0,buy,245.8,ETH-28JUN19-360-C,113.11,0.03,15.0,1,1558647948890,3422423,188
2019-05-24 10:18:07.281,20.0,buy,252.71,ETH-28JUN19-360-C,110.76,0.033,20.0,0,1558693087281,3456652,189
2019-05-24 21:31:27.669,1.0,buy,252.71,ETH-28JUN19-360-C,110.74,0.033,1.0,1,1558733487669,3492178,190
2019-05-24 23:29:33.112,10.0,buy,247.43,ETH-28JUN19-360-C,111.29,0.03,10.0,2,1558740573112,3498282,191
2019-05-25 07:20:12.392,62.0,buy,250.32,ETH-28JUN19-360-C,112.13,0.032,62.0,0,1558768812392,3512626,192
2019-05-26 09:47:55.817,3.0,buy,249.98,ETH-28JUN19-360-C,114.62,0.032,3.0,1,1558864075817,3562433,193
2019-05-26 11:30:49.013,76.0,sell,246.63,ETH-28JUN19-360-C,112.49,0.028,76.0,2,1558870249013,3565989,194
2019-05-26 12:02:42.411,49.0,sell,246.7,ETH-28JUN19-360-C,112.0,0.028,49.0,3,1558872162411,3567195,195
2019-05-26 16:09:41.809,15.0,buy,249.29,ETH-28JUN19-360-C,113.69,0.031,15.0,0,1558886981809,3573152,196
2019-05-26 16:09:57.756,1.0,buy,249.28,ETH-28JUN19-360-C,113.73,0.031,1.0,1,1558886997756,3573154,197
2019-05-26 20:13:26.506,10.0,buy,265.92,ETH-28JUN19-360-C,104.47,0.037000000000000005,10.0,0,1558901606506,3598027,198
2019-05-27 08:28:36.872,10.0,sell,267.92,ETH-28JUN19-360-C,108.72,0.042,10.0,0,1558945716872,3662108,199
2019-05-27 09:40:27.477,160.0,buy,268.68,ETH-28JUN19-360-C,118.19,0.052000000000000005,160.0,0,1558950027477,3664393,201
2019-05-27 09:40:27.477,100.0,buy,268.68,ETH-28JUN19-360-C,116.19,0.05,100.0,0,1558950027477,3664392,200
2019-05-27 11:37:48.874,15.0,sell,265.92,ETH-28JUN19-360-C,111.49,0.043,15.0,2,1558957068874,3669407,202
2019-05-27 11:39:14.490,3.0,sell,266.21,ETH-28JUN19-360-C,111.5,0.043,3.0,3,1558957154490,3669427,203
2019-05-27 11:40:40.033,2.0,sell,266.22,ETH-28JUN19-360-C,111.43,0.043,2.0,3,1558957240033,3669493,204
2019-05-27 16:37:23.018,6.0,buy,279.01,ETH-28JUN19-360-C,112.39,0.056,6.0,0,1558975043018,3691159,205
2019-05-28 06:26:28.487,1.0,buy,267.51,ETH-28JUN19-360-C,119.72,0.051,1.0,2,1559024788487,3742408,206
2019-05-28 13:52:29.624,1.0,sell,267.89,ETH-28JUN19-360-C,111.03,0.042,1.0,2,1559051549624,3759246,207
2019-05-28 16:31:24.298,13.0,sell,269.79,ETH-28JUN19-360-C,110.3,0.042,13.0,3,1559061084298,3769944,208
2019-05-30 03:53:17.806,2.0,sell,284.98,ETH-28JUN19-360-C,109.01,0.051,2.0,0,1559188397806,3889092,209
2019-05-30 04:01:49.364,5.0,buy,285.88,ETH-28JUN19-360-C,109.5,0.052000000000000005,5.0,0,1559188909364,3891897,210
2019-05-30 05:52:58.794,4.0,sell,282.28,ETH-28JUN19-360-C,111.74,0.051,4.0,2,1559195578794,3903376,211
2019-05-30 10:35:37.046,160.0,buy,285.8,ETH-28JUN19-360-C,112.56,0.054000000000000006,160.0,0,1559212537046,3915348,212
2019-05-30 10:35:37.048,87.0,sell,285.8,ETH-28JUN19-360-C,112.56,0.054000000000000006,87.0,1,1559212537048,3915349,213
2019-05-30 10:35:37.056,87.0,sell,285.8,ETH-28JUN19-360-C,112.56,0.054000000000000006,87.0,1,1559212537056,3915350,214
2019-05-30 13:21:12.697,1.0,buy,285.85,ETH-28JUN19-360-C,109.57,0.051,1.0,2,1559222472697,3919681,215
2019-05-30 13:59:09.794,50.0,sell,283.41,ETH-28JUN19-360-C,112.11,0.051,50.0,3,1559224749794,3921882,216
2019-05-30 13:59:48.589,11.0,sell,283.16,ETH-28JUN19-360-C,112.29,0.051,11.0,3,1559224788589,3921928,217
2019-05-30 14:00:33.095,63.0,sell,282.85,ETH-28JUN19-360-C,112.6,0.051,63.0,3,1559224833095,3921996,218
2019-05-30 14:00:33.125,63.0,sell,282.85,ETH-28JUN19-360-C,112.6,0.051,63.0,3,1559224833125,3921997,219
2019-05-30 16:16:03.817,1.0,sell,280.17,ETH-28JUN19-360-C,112.04,0.047,1.0,2,1559232963817,3932371,220
2019-05-30 16:36:17.706,20.0,sell,275.78,ETH-28JUN19-360-C,107.33,0.039,20.0,2,1559234177706,3942301,221
2019-05-30 16:47:09.302,16.0,sell,275.4,ETH-28JUN19-360-C,108.6,0.04,16.0,0,1559234829302,3944119,222
2019-05-30 17:03:09.075,3.0,sell,269.62,ETH-28JUN19-360-C,106.74,0.034,3.0,2,1559235789075,3948895,223
2019-05-30 21:24:09.146,1.0,sell,249.47,ETH-28JUN19-360-C,112.1,0.022,1.0,2,1559251449146,3984590,224
2019-05-30 21:26:01.658,53.0,sell,244.89,ETH-28JUN19-360-C,116.25,0.022,53.0,3,1559251561658,3988147,225
2019-05-30 21:26:03.032,3.0,sell,244.89,ETH-28JUN19-360-C,115.75,0.022,3.0,3,1559251563032,3988283,226
2019-05-30 21:26:03.691,2.0,sell,244.67,ETH-28JUN19-360-C,116.02,0.022,2.0,3,1559251563691,3988314,227
2019-05-30 21:26:05.669,1.0,sell,244.3,ETH-28JUN19-360-C,116.26,0.022,1.0,3,1559251565669,3988443,228
2019-05-30 21:26:07.221,10.0,sell,243.56,ETH-28JUN19-360-C,117.19,0.022,10.0,3,1559251567221,3988562,229
2019-05-30 21:30:30.566,3.0,buy,243.77,ETH-28JUN19-360-C,119.52,0.024,3.0,0,1559251830566,3996447,230
2019-05-30 21:37:41.524,4.0,buy,246.24,ETH-28JUN19-360-C,120.2,0.026,4.0,0,1559252261524,4004429,231
2019-05-30 23:09:08.752,5.0,buy,253.28,ETH-28JUN19-360-C,120.3,0.031,5.0,0,1559257748752,4021392,232
2019-05-31 13:20:29.643,25.0,buy,260.42,ETH-28JUN19-360-C,115.24,0.031,25.0,1,1559308829643,4059553,233
2019-05-31 19:00:26.915,62.0,sell,261.35,ETH-28JUN19-360-C,106.09,0.025,62.0,2,1559329226915,4076458,234
2019-06-01 00:51:03.511,10.0,buy,272.48,ETH-28JUN19-360-C,112.65,0.04,10.0,0,1559350263511,4098044,235
2019-06-01 17:36:24.445,25.0,buy,265.62,ETH-28JUN19-360-C,108.97,0.029,25.0,2,1559410584445,4138915,236
2019-06-02 02:35:00.788,192.0,sell,267.26,ETH-28JUN19-360-C,103.05,0.025,192.0,2,1559442900788,4159355,237
2019-06-02 02:39:38.303,192.0,sell,266.98,ETH-28JUN19-360-C,100.45,0.023,192.0,3,1559443178303,4159519,239
2019-06-02 02:39:38.303,100.0,sell,266.98,ETH-28JUN19-360-C,100.45,0.023,100.0,2,1559443178303,4159518,238
2019-06-02 02:39:41.848,100.0,buy,266.94,ETH-28JUN19-360-C,100.49,0.023,100.0,3,1559443181848,4159521,240
2019-06-02 02:39:50.458,100.0,buy,266.93,ETH-28JUN19-360-C,100.54,0.023,100.0,3,1559443190458,4159524,241
2019-06-02 02:44:31.041,100.0,sell,265.69,ETH-28JUN19-360-C,100.32,0.022,100.0,2,1559443471041,4159917,242
2019-06-02 02:44:31.041,192.0,sell,265.69,ETH-28JUN19-360-C,98.84,0.021,192.0,2,1559443471041,4159918,243
2019-06-02 02:44:32.895,100.0,buy,265.7,ETH-28JUN19-360-C,98.85,0.021,100.0,3,1559443472895,4159928,244
2019-06-02 03:03:11.285,68.0,sell,265.12,ETH-28JUN19-360-C,96.72,0.019,68.0,3,1559444591285,4160742,246
2019-06-02 03:03:11.285,192.0,sell,265.12,ETH-28JUN19-360-C,96.72,0.019,192.0,2,1559444591285,4160741,245
2019-06-02 10:24:58.118,192.0,sell,270.4,ETH-28JUN19-360-C,96.56,0.022,192.0,0,1559471098118,4173984,247
2019-06-02 10:24:58.118,100.0,sell,270.4,ETH-28JUN19-360-C,96.56,0.022,100.0,1,1559471098118,4173985,248
2019-06-03 16:41:40.181,148.0,sell,260.65,ETH-28JUN19-360-C,96.32,0.015,148.0,2,1559580100181,4253844,249
2019-06-03 16:42:15.532,148.0,sell,260.67,ETH-28JUN19-360-C,96.36,0.015,148.0,3,1559580135532,4253871,250
2019-06-03 16:43:23.556,148.0,sell,260.83,ETH-28JUN19-360-C,95.93,0.015,148.0,3,1559580203556,4253927,251
2019-06-03 16:43:41.916,148.0,sell,260.57,ETH-28JUN19-360-C,96.16,0.015,148.0,3,1559580221916,4253958,252
2019-06-04 00:01:09.546,1.0,sell,246.56,ETH-28JUN19-360-C,102.38,0.012,1.0,2,1559606469546,4276882,253
2019-06-04 10:14:36.729,150.0,sell,247.58,ETH-28JUN19-360-C,98.33,0.01,150.0,2,1559643276729,4321456,254
2019-06-04 12:31:53.892,1.0,sell,245.39,ETH-28JUN19-360-C,97.91,0.009000000000000001,1.0,2,1559651513892,4324171,255
2019-06-04 12:54:17.715,150.0,sell,246.88,ETH-28JUN19-360-C,97.05,0.009000000000000001,150.0,3,1559652857715,4324783,257
2019-06-04 12:54:17.715,9.0,sell,246.88,ETH-28JUN19-360-C,97.05,0.009000000000000001,9.0,3,1559652857715,4324782,256
2019-06-04 13:54:36.584,150.0,sell,249.4,ETH-28JUN19-360-C,95.15,0.009000000000000001,150.0,3,1559656476584,4327825,258
2019-06-04 17:26:27.928,150.0,sell,245.21,ETH-28JUN19-360-C,93.63,0.006999999999999999,150.0,2,1559669187928,4337504,259
2019-06-04 19:00:51.859,3.0,sell,239.52,ETH-28JUN19-360-C,100.71,0.008,3.0,0,1559674851859,4350050,260
2019-06-04 22:29:47.144,50.0,buy,237.97,ETH-28JUN19-360-C,104.94,0.009000000000000001,50.0,0,1559687387144,4370509,261
2019-06-04 22:29:47.144,100.0,buy,237.97,ETH-28JUN19-360-C,104.94,0.009000000000000001,100.0,1,1559687387144,4370510,262
2019-06-04 22:29:47.144,240.0,buy,237.97,ETH-28JUN19-360-C,104.94,0.009000000000000001,240.0,1,1559687387144,4370511,263
2019-06-04 22:29:47.144,10.0,buy,237.97,ETH-28JUN19-360-C,107.47,0.01,10.0,0,1559687387144,4370512,264
2019-06-05 20:42:21.306,150.0,sell,244.38,ETH-28JUN19-360-C,90.19,0.005,150.0,2,1559767341306,4413071,265
2019-06-06 02:39:01.723,1.0,buy,246.33,ETH-28JUN19-360-C,95.9,0.006999999999999999,1.0,0,1559788741723,4424673,266
2019-06-06 02:42:32.018,30.0,buy,246.64,ETH-28JUN19-360-C,101.18,0.009000000000000001,30.0,0,1559788952018,4424739,267
2019-06-06 02:43:01.709,19.0,buy,246.77,ETH-28JUN19-360-C,101.09,0.009000000000000001,19.0,1,1559788981709,4424740,268
2019-06-06 16:08:41.088,30.0,buy,242.9,ETH-28JUN19-360-C,100.11,0.006999999999999999,30.0,2,1559837321088,4447455,269
2019-06-06 20:41:52.246,25.0,buy,241.76,ETH-28JUN19-360-C,101.44,0.006999999999999999,25.0,3,1559853712246,4462120,270
2019-06-07 07:12:09.511,240.0,sell,249.54,ETH-28JUN19-360-C,89.68,0.005,240.0,2,1559891529511,4486840,271
2019-06-07 07:18:56.682,30.0,sell,249.09,ETH-28JUN19-360-C,90.02,0.005,30.0,3,1559891936682,4487676,272
2019-06-07 07:55:34.441,50.0,sell,248.1,ETH-28JUN19-360-C,86.71,0.004,50.0,2,1559894134441,4488464,273
2019-06-07 08:39:25.473,10.0,buy,248.85,ETH-28JUN19-360-C,96.82,0.006999999999999999,10.0,0,1559896765473,4489905,274
2019-06-07 11:03:47.841,150.0,sell,248.77,ETH-28JUN19-360-C,90.79,0.005,150.0,3,1559905427841,4492651,277
2019-06-07 11:03:47.841,300.0,sell,248.77,ETH-28JUN19-360-C,90.79,0.005,300.0,2,1559905427841,4492649,275
2019-06-07 11:03:47.841,100.0,sell,248.77,ETH-28JUN19-360-C,90.79,0.005,100.0,3,1559905427841,4492650,276
2019-06-07 11:04:12.379,100.0,sell,248.76,ETH-28JUN19-360-C,90.81,0.005,100.0,3,1559905452379,4492655,278
2019-06-07 11:04:27.085,100.0,sell,248.68,ETH-28JUN19-360-C,90.87,0.005,100.0,3,1559905467085,4492682,279
2019-06-07 11:04:59.341,100.0,sell,248.63,ETH-28JUN19-360-C,90.84,0.005,100.0,3,1559905499341,4492689,280
2019-06-07 13:40:21.431,500.0,sell,248.26,ETH-28JUN19-360-C,87.63,0.004,500.0,2,1559914821431,4494920,281
2019-06-07 16:27:37.593,1.0,buy,253.7,ETH-28JUN19-360-C,93.96,0.006999999999999999,1.0,0,1559924857593,4497850,282
2019-06-07 19:44:52.708,5.0,sell,249.64,ETH-28JUN19-360-C,91.09,0.005,5.0,2,1559936692708,4502938,283
2019-06-07 22:53:03.498,3.0,buy,250.63,ETH-28JUN19-360-C,93.93,0.006,3.0,0,1559947983498,4506903,284
2019-06-08 01:34:08.996,100.0,buy,250.32,ETH-28JUN19-360-C,94.85,0.006,100.0,1,1559957648996,4509410,285
2019-06-08 01:34:08.996,300.0,buy,250.32,ETH-28JUN19-360-C,94.85,0.006,300.0,1,1559957648996,4509411,286
2019-06-08 06:41:42.811,60.0,buy,247.24,ETH-28JUN19-360-C,85.82,0.003,60.0,2,1559976102811,4513794,287
2019-06-08 06:42:14.998,20.0,buy,247.27,ETH-28JUN19-360-C,85.81,0.003,20.0,3,1559976134998,4513795,288
2019-06-08 16:35:51.269,10.0,sell,244.5,ETH-28JUN19-360-C,83.41,0.002,10.0,2,1560011751269,4523241,289
2019-06-08 16:35:51.269,20.0,sell,244.5,ETH-28JUN19-360-C,83.41,0.002,20.0,3,1560011751269,4523242,290
2019-06-08 17:06:18.377,200.0,buy,243.06,ETH-28JUN19-360-C,90.27,0.003,200.0,0,1560013578377,4525355,291
2019-06-08 17:08:56.710,200.0,buy,242.72,ETH-28JUN19-360-C,95.17,0.004,200.0,0,1560013736710,4525451,292
2019-06-08 20:45:41.559,2.0,buy,243.51,ETH-28JUN19-360-C,95.5,0.004,2.0,1,1560026741559,4529285,293
2019-06-08 22:34:17.382,2.0,buy,244.81,ETH-28JUN19-360-C,94.72,0.004,2.0,1,1560033257382,4530716,294
2019-06-09 01:48:41.409,20.0,buy,242.01,ETH-28JUN19-360-C,96.95,0.004,20.0,1,1560044921409,4534038,295
2019-06-09 02:11:47.952,10.0,buy,241.75,ETH-28JUN19-360-C,97.17,0.004,10.0,1,1560046307952,4534358,296
2019-06-09 02:11:56.380,10.0,buy,241.83,ETH-28JUN19-360-C,97.12,0.004,10.0,1,1560046316380,4534359,297
2019-06-09 08:37:54.695,25.0,sell,243.78,ETH-28JUN19-360-C,85.37,0.002,25.0,2,1560069474695,4540546,298
2019-06-09 08:38:09.760,10.0,sell,243.77,ETH-28JUN19-360-C,85.39,0.002,10.0,3,1560069489760,4540547,299
2019-06-09 11:55:16.721,1.0,buy,243.38,ETH-28JUN19-360-C,91.49,0.003,1.0,0,1560081316721,4541888,300
2019-06-09 12:11:55.277,10.0,buy,241.45,ETH-28JUN19-360-C,93.0,0.003,10.0,1,1560082315277,4542866,301
2019-06-09 14:09:03.573,34.0,buy,237.12,ETH-28JUN19-360-C,91.24,0.002,34.0,2,1560089343573,4549688,302
2019-06-09 15:25:24.305,200.0,buy,237.75,ETH-28JUN19-360-C,96.8,0.003,200.0,0,1560093924305,4551606,303
2019-06-09 22:13:25.605,50.0,sell,229.43,ETH-28JUN19-360-C,88.83,0.001,50.0,3,1560118405605,4567315,306
2019-06-09 22:13:25.605,10.0,sell,229.43,ETH-28JUN19-360-C,88.83,0.001,10.0,2,1560118405605,4567313,304
2019-06-09 22:13:25.605,61.0,sell,229.43,ETH-28JUN19-360-C,88.83,0.001,61.0,3,1560118405605,4567316,307
2019-06-09 22:13:25.605,10.0,sell,229.43,ETH-28JUN19-360-C,88.83,0.001,10.0,3,1560118405605,4567314,305
2019-06-09 22:16:14.715,100.0,sell,229.81,ETH-28JUN19-360-C,88.54,0.001,100.0,3,1560118574715,4567415,309
2019-06-09 22:16:14.715,50.0,sell,229.81,ETH-28JUN19-360-C,88.54,0.001,50.0,3,1560118574715,4567414,308
2019-06-09 22:57:18.220,200.0,sell,229.36,ETH-28JUN19-360-C,88.92,0.001,200.0,3,1560121038220,4569974,310
2019-06-09 23:13:45.277,30.0,buy,228.81,ETH-28JUN19-360-C,98.45,0.002,30.0,0,1560122025277,4570447,311
2019-06-09 23:13:55.205,20.0,buy,228.81,ETH-28JUN19-360-C,98.44,0.002,20.0,1,1560122035205,4570451,312
2019-06-10 00:50:09.953,30.0,buy,233.64,ETH-28JUN19-360-C,94.62,0.002,30.0,1,1560127809953,4575286,313
2019-06-10 00:51:36.106,3.0,buy,233.37,ETH-28JUN19-360-C,94.93,0.002,3.0,1,1560127896106,4575415,314
2019-06-10 00:54:53.309,10.0,buy,233.93,ETH-28JUN19-360-C,94.46,0.002,10.0,1,1560128093309,4575547,315
2019-06-10 00:56:24.465,4.0,buy,233.39,ETH-28JUN19-360-C,94.79,0.002,4.0,1,1560128184465,4575656,316
2019-06-10 01:12:47.052,33.0,buy,234.58,ETH-28JUN19-360-C,94.17,0.002,33.0,1,1560129167052,4576260,317
2019-06-10 11:20:36.265,35.0,buy,238.28,ETH-28JUN19-360-C,91.9,0.002,35.0,1,1560165636265,4587192,318
2019-06-10 11:45:43.040,37.0,buy,242.26,ETH-28JUN19-360-C,88.72,0.002,37.0,1,1560167143040,4591024,319
2019-06-10 12:04:59.946,100.0,buy,246.76,ETH-28JUN19-360-C,91.48,0.003,100.0,0,1560168299946,4592521,320
2019-06-10 12:05:08.361,10.0,buy,246.53,ETH-28JUN19-360-C,91.61,0.003,10.0,1,1560168308361,4592548,321
2019-06-10 12:15:56.008,90.0,sell,244.25,ETH-28JUN19-360-C,93.81,0.003,90.0,1,1560168956008,4593960,322
2019-06-10 12:16:07.978,200.0,sell,244.22,ETH-28JUN19-360-C,87.76,0.002,200.0,2,1560168967978,4593985,323
2019-06-10 12:37:12.775,2.0,buy,245.11,ETH-28JUN19-360-C,97.86,0.004,2.0,0,1560170232775,4594778,324
2019-06-11 13:07:26.710,8.0,sell,240.95,ETH-28JUN19-360-C,84.02,0.001,8.0,2,1560258446710,4636210,325
2019-06-11 15:35:01.316,32.0,sell,239.42,ETH-28JUN19-360-C,85.49,0.001,32.0,3,1560267301316,4641087,326
2019-06-11 15:35:01.316,40.0,sell,239.42,ETH-28JUN19-360-C,85.49,0.001,40.0,3,1560267301316,4641089,328
2019-06-11 15:35:01.316,40.0,sell,239.42,ETH-28JUN19-360-C,85.49,0.001,40.0,3,1560267301316,4641088,327
2019-06-11 15:35:01.316,50.0,sell,239.42,ETH-28JUN19-360-C,85.49,0.001,50.0,3,1560267301316,4641092,331
2019-06-11 15:35:01.316,40.0,sell,239.42,ETH-28JUN19-360-C,85.49,0.001,40.0,3,1560267301316,4641090,329
2019-06-11 15:35:01.316,40.0,sell,239.42,ETH-28JUN19-360-C,85.49,0.001,40.0,3,1560267301316,4641091,330
2019-06-12 03:11:38.643,10.0,buy,249.85,ETH-28JUN19-360-C,93.52,0.003,10.0,0,1560309098643,4661348,332
2019-06-12 07:44:19.097,50.0,buy,248.21,ETH-28JUN19-360-C,89.15,0.002,50.0,2,1560325459097,4665138,333
2019-06-12 08:01:48.544,5.0,buy,248.04,ETH-28JUN19-360-C,89.24,0.002,5.0,3,1560326508544,4665421,334
2019-06-12 10:25:51.581,30.0,sell,248.43,ETH-28JUN19-360-C,80.65,0.001,30.0,2,1560335151581,4668310,335
2019-06-12 13:43:42.258,20.0,buy,249.31,ETH-28JUN19-360-C,89.09,0.002,20.0,0,1560347022258,4672153,336
2019-06-12 15:13:06.603,75.0,buy,253.59,ETH-28JUN19-360-C,85.66,0.002,75.0,1,1560352386603,4675944,337
2019-06-12 16:00:36.471,5.0,buy,255.61,ETH-28JUN19-360-C,90.34,0.003,5.0,0,1560355236471,4680096,338
2019-06-12 16:28:15.173,85.0,buy,259.75,ETH-28JUN19-360-C,86.96,0.003,85.0,1,1560356895173,4681742,339
2019-06-12 18:34:34.468,7.0,sell,258.38,ETH-28JUN19-360-C,88.44,0.003,7.0,1,1560364474468,4686833,340
2019-06-12 21:08:26.943,10.0,buy,256.75,ETH-28JUN19-360-C,90.01,0.003,10.0,1,1560373706943,4690461,341
2019-06-13 00:52:14.378,20.0,buy,262.36,ETH-28JUN19-360-C,90.57,0.004,20.0,0,1560387134378,4698739,342
2019-06-13 10:19:13.870,20.0,sell,256.98,ETH-28JUN19-360-C,85.32,0.002,20.0,2,1560421153870,4707498,343
2019-06-13 21:43:40.166,100.0,buy,260.76,ETH-28JUN19-360-C,89.66,0.003,100.0,0,1560462220166,4723987,344
2019-06-13 21:43:40.166,300.0,buy,260.76,ETH-28JUN19-360-C,89.66,0.003,300.0,1,1560462220166,4723988,345
2019-06-13 22:38:35.487,5.0,buy,259.28,ETH-28JUN19-360-C,91.17,0.003,5.0,1,1560465515487,4725710,346
2019-06-14 00:15:22.602,10.0,sell,255.36,ETH-28JUN19-360-C,88.41,0.002,10.0,2,1560471322602,4732253,347
2019-06-14 04:12:36.613,10.0,buy,253.75,ETH-28JUN19-360-C,90.29,0.002,10.0,3,1560485556613,4736544,348
2019-06-14 13:02:32.184,3.0,sell,256.94,ETH-28JUN19-360-C,79.63,0.001,3.0,2,1560517352184,4749655,349
2019-06-14 14:40:02.858,10.0,buy,256.65,ETH-28JUN19-360-C,89.03,0.002,10.0,0,1560523202858,4754371,350
2019-06-14 20:13:18.212,300.0,buy,257.01,ETH-28JUN19-360-C,89.65,0.002,300.0,1,1560543198212,4761993,351
2019-06-15 16:37:20.587,3.0,buy,269.47,ETH-28JUN19-360-C,86.69,0.003,3.0,0,1560616640587,4794252,352
2019-06-16 06:51:24.739,1.0,buy,275.8,ETH-28JUN19-360-C,91.28,0.005,1.0,0,1560667884739,4821203,353
2019-06-16 06:51:30.135,1.0,buy,275.79,ETH-28JUN19-360-C,91.28,0.005,1.0,1,1560667890135,4821204,354
2019-06-16 13:44:30.719,40.0,buy,273.6,ETH-28JUN19-360-C,89.51,0.004,40.0,2,1560692670719,4845517,355
2019-06-16 17:03:44.373,5.0,sell,273.13,ETH-28JUN19-360-C,79.78,0.002,5.0,2,1560704624373,4853747,356
2019-06-16 17:34:52.813,3.0,sell,270.13,ETH-28JUN19-360-C,73.9,0.001,3.0,2,1560706492813,4856088,357
2019-06-16 17:40:57.308,2.0,sell,269.15,ETH-28JUN19-360-C,74.71,0.001,2.0,3,1560706857308,4856913,358
2019-06-16 20:03:05.902,8.0,sell,266.9,ETH-28JUN19-360-C,86.13,0.002,8.0,0,1560715385902,4865823,359
2019-06-17 13:50:05.051,60.0,buy,273.04,ETH-28JUN19-360-C,100.23,0.005,60.0,0,1560779405051,4900172,360
2019-06-17 13:54:50.802,5.0,sell,272.81,ETH-28JUN19-360-C,100.52,0.005,5.0,1,1560779690802,4900227,361
2019-06-17 14:29:53.274,5.0,sell,273.05,ETH-28JUN19-360-C,99.86,0.005,5.0,1,1560781793274,4900829,362
2019-06-17 18:11:39.967,60.0,sell,272.81,ETH-28JUN19-360-C,101.22,0.005,60.0,1,1560795099967,4913520,363
2019-06-17 19:12:07.344,29.0,buy,272.99,ETH-28JUN19-360-C,105.55,0.006,29.0,0,1560798727344,4914554,364
2019-06-17 19:35:02.566,1.0,buy,273.42,ETH-28JUN19-360-C,105.17,0.006,1.0,1,1560800102566,4915177,365
2019-06-17 23:04:35.997,1.0,buy,274.88,ETH-28JUN19-360-C,107.77,0.006999999999999999,1.0,0,1560812675997,4924719,366
2019-06-18 00:42:51.358,1.0,buy,272.06,ETH-28JUN19-360-C,102.7,0.005,1.0,2,1560818571358,4932899,367
2019-06-18 13:03:39.636,2.0,buy,267.71,ETH-28JUN19-360-C,114.49,0.006,2.0,0,1560863019636,4952192,368
2019-06-18 19:14:22.055,5.0,buy,265.99,ETH-28JUN19-360-C,113.16,0.005,5.0,2,1560885262055,4964289,369
2019-06-19 00:55:42.884,1.0,buy,265.25,ETH-28JUN19-360-C,104.72,0.003,1.0,2,1560905742884,4972662,370
2019-06-19 01:31:16.232,29.0,sell,265.88,ETH-28JUN19-360-C,104.36,0.003,29.0,3,1560907876232,4974355,371
2019-06-19 03:13:04.583,1.0,buy,266.31,ETH-28JUN19-360-C,110.19,0.004,1.0,0,1560913984583,4975763,372
2019-06-19 12:28:36.239,3.0,sell,267.02,ETH-28JUN19-360-C,98.45,0.002,3.0,2,1560947316239,4982413,373
2019-06-20 02:56:34.693,6.0,buy,270.96,ETH-28JUN19-360-C,105.41,0.003,6.0,0,1560999394693,4998263,374
2019-06-20 11:08:44.430,3.0,buy,267.13,ETH-28JUN19-360-C,104.12,0.002,3.0,2,1561028924430,5003559,375
2019-06-20 11:10:45.132,20.0,buy,267.11,ETH-28JUN19-360-C,104.11,0.002,20.0,3,1561029045132,5003565,376
2019-06-20 11:12:02.874,30.0,buy,267.12,ETH-28JUN19-360-C,104.1,0.002,30.0,3,1561029122874,5003567,377
