date_utc,amount,direction,indexPrice,instrument,iv,price,quantity,tickDirection,timeStamp,tradeId,tradeSeq
2019-02-14 00:21:12,0.1,buy,3580.98,BTC-29MAR19-5000-C,58.28,0.0045,0.1,0,1550103672294,15350019,1137
2019-02-14 00:21:15,0.1,buy,3581.11,BTC-29MAR19-5000-C,58.28,0.0045,0.1,1,1550103675830,15350020,1138
2019-02-14 00:21:17,0.1,buy,3581.11,BTC-29MAR19-5000-C,58.28,0.0045,0.1,1,1550103677536,15350022,1139
2019-02-14 00:21:19,0.1,buy,3581.44,BTC-29MAR19-5000-C,58.28,0.0045,0.1,1,1550103679165,15350023,1140
2019-02-14 00:21:20,0.1,buy,3581.59,BTC-29MAR19-5000-C,58.27,0.0045,0.1,1,1550103680391,15350028,1141
2019-02-14 11:28:18,10.0,buy,3560.7,BTC-29MAR19-5000-C,59.46,0.0045,10.0,1,1550143698262,15365590,1142
2019-02-14 12:45:11,10.0,buy,3561.2,BTC-29MAR19-5000-C,59.5,0.0045,10.0,1,1550148311350,15367730,1143
2019-02-15 04:34:15,1.0,sell,3580.67,BTC-29MAR19-5000-C,56.33,0.0035,1.0,2,1550205255416,15379718,1144
2019-02-15 04:34:15,0.6,sell,3580.67,BTC-29MAR19-5000-C,56.33,0.0035,0.6,3,1550205255416,15379719,1145
2019-02-15 05:00:12,10.0,buy,3580.54,BTC-29MAR19-5000-C,57.82,0.004,10.0,0,1550206812598,15380084,1146
2019-02-15 05:51:17,10.0,buy,3576.89,BTC-29MAR19-5000-C,58.0,0.004,10.0,1,1550209877406,15380567,1147
2019-02-15 11:23:30,0.1,buy,3578.49,BTC-29MAR19-5000-C,57.92,0.004,0.1,1,1550229810544,15386112,1148
2019-02-15 13:34:26,0.1,buy,3581.12,BTC-29MAR19-5000-C,57.92,0.004,0.1,1,1550237666745,15387625,1149
2019-02-15 13:34:26,3.0,buy,3581.12,BTC-29MAR19-5000-C,57.92,0.004,3.0,1,1550237666745,15387626,1150
2019-02-15 14:51:43,2.1,sell,3564.48,BTC-29MAR19-5000-C,57.17,0.0035,2.1,2,1550242303444,15395856,1151
2019-02-15 14:51:43,10.0,sell,3564.48,BTC-29MAR19-5000-C,57.17,0.0035,10.0,3,1550242303444,15395857,1152
2019-02-15 19:29:43,10.0,buy,3568.05,BTC-29MAR19-5000-C,57.22,0.0035,10.0,3,1550258983931,15401406,1153
2019-02-15 19:29:43,0.2,buy,3568.05,BTC-29MAR19-5000-C,57.22,0.0035,0.2,3,1550258983931,15401407,1154
2019-02-15 19:39:06,0.2,buy,3568.43,BTC-29MAR19-5000-C,57.26,0.0035,0.2,3,1550259546655,15401593,1155
2019-02-15 19:39:06,10.0,buy,3568.43,BTC-29MAR19-5000-C,57.26,0.0035,10.0,3,1550259546655,15401594,1156
2019-02-15 19:39:11,0.2,buy,3568.41,BTC-29MAR19-5000-C,57.26,0.0035,0.2,3,1550259551467,15401595,1157
2019-02-15 19:39:13,0.2,buy,3568.36,BTC-29MAR19-5000-C,57.26,0.0035,0.2,3,1550259553832,15401596,1158
2019-02-15 19:39:14,0.2,buy,3568.36,BTC-29MAR19-5000-C,57.26,0.0035,0.2,3,1550259554781,15401597,1159
2019-02-15 19:39:15,0.2,buy,3568.36,BTC-29MAR19-5000-C,57.26,0.0035,0.2,3,1550259555568,15401598,1160
2019-02-15 19:39:16,0.2,buy,3568.36,BTC-29MAR19-5000-C,57.27,0.0035,0.2,3,1550259556823,15401599,1161
2019-02-15 19:39:18,0.2,buy,3568.36,BTC-29MAR19-5000-C,57.27,0.0035,0.2,3,1550259558990,15401601,1162
2019-02-15 19:39:20,0.2,buy,3568.36,BTC-29MAR19-5000-C,57.27,0.0035,0.2,3,1550259560263,15401602,1163
2019-02-15 19:39:25,0.2,buy,3568.39,BTC-29MAR19-5000-C,57.26,0.0035,0.2,3,1550259565246,15401603,1164
2019-02-15 19:39:38,0.2,buy,3568.39,BTC-29MAR19-5000-C,57.26,0.0035,0.2,3,1550259578492,15401605,1165
2019-02-15 19:39:40,0.2,buy,3568.39,BTC-29MAR19-5000-C,57.26,0.0035,0.2,3,1550259580050,15401606,1166
2019-02-15 19:39:41,0.2,buy,3568.39,BTC-29MAR19-5000-C,57.26,0.0035,0.2,3,1550259581057,15401607,1167
2019-02-15 19:39:44,0.2,buy,3568.47,BTC-29MAR19-5000-C,57.26,0.0035,0.2,3,1550259584755,15401608,1168
2019-02-15 19:39:46,0.2,buy,3568.47,BTC-29MAR19-5000-C,57.26,0.0035,0.2,3,1550259586451,15401609,1169
2019-02-15 19:39:47,0.2,buy,3568.47,BTC-29MAR19-5000-C,57.26,0.0035,0.2,3,1550259587753,15401610,1170
2019-02-15 19:39:48,0.2,buy,3568.47,BTC-29MAR19-5000-C,57.26,0.0035,0.2,3,1550259588774,15401611,1171
2019-02-15 19:40:14,0.2,buy,3568.48,BTC-29MAR19-5000-C,57.27,0.0035,0.2,3,1550259614997,15401613,1172
2019-02-15 19:40:14,10.0,buy,3568.48,BTC-29MAR19-5000-C,57.27,0.0035,10.0,3,1550259614997,15401614,1173
2019-02-15 19:40:19,0.2,buy,3568.48,BTC-29MAR19-5000-C,57.28,0.0035,0.2,3,1550259619604,15401615,1174
2019-02-15 19:40:20,0.2,buy,3568.48,BTC-29MAR19-5000-C,57.28,0.0035,0.2,3,1550259620671,15401616,1175
2019-02-15 19:40:21,0.2,buy,3568.48,BTC-29MAR19-5000-C,57.28,0.0035,0.2,3,1550259621407,15401617,1176
2019-02-15 19:40:38,0.2,buy,3567.89,BTC-29MAR19-5000-C,57.3,0.0035,0.2,3,1550259638353,15401618,1177
2019-02-17 01:14:09,0.2,buy,3582.98,BTC-29MAR19-5000-C,57.28,0.0035,0.2,3,1550366049103,15426426,1178
2019-02-17 01:14:09,0.8,buy,3582.98,BTC-29MAR19-5000-C,57.28,0.0035,0.8,3,1550366049103,15426427,1179
2019-02-17 05:47:24,10.0,buy,3594.13,BTC-29MAR19-5000-C,56.88,0.0035,10.0,3,1550382444849,15428174,1180
2019-02-17 21:38:53,0.2,buy,3596.76,BTC-29MAR19-5000-C,57.46,0.0035,0.2,3,1550439533147,15453761,1181
2019-02-17 21:39:11,0.2,buy,3597.33,BTC-29MAR19-5000-C,57.44,0.0035,0.2,3,1550439551250,15453771,1182
2019-02-17 21:39:13,0.2,buy,3597.07,BTC-29MAR19-5000-C,57.46,0.0035,0.2,3,1550439553078,15453774,1183
2019-02-17 21:39:14,0.2,buy,3596.88,BTC-29MAR19-5000-C,57.46,0.0035,0.2,3,1550439554509,15453775,1184
2019-02-17 21:39:16,0.2,buy,3596.88,BTC-29MAR19-5000-C,57.46,0.0035,0.2,3,1550439556274,15453778,1185
2019-02-17 21:39:18,0.2,buy,3596.73,BTC-29MAR19-5000-C,57.47,0.0035,0.2,3,1550439558284,15453780,1186
2019-02-17 21:39:19,0.2,buy,3596.95,BTC-29MAR19-5000-C,57.46,0.0035,0.2,3,1550439559861,15453781,1187
2019-02-17 21:39:20,0.2,buy,3596.95,BTC-29MAR19-5000-C,57.46,0.0035,0.2,3,1550439560720,15453783,1188
2019-02-17 21:39:21,0.2,buy,3596.91,BTC-29MAR19-5000-C,57.46,0.0035,0.2,3,1550439561854,15453784,1189
2019-02-18 01:07:48,1.0,buy,3705.97,BTC-29MAR19-5000-C,56.71,0.005,1.0,0,1550452068547,15469776,1190
2019-02-18 03:46:32,0.2,buy,3685.04,BTC-29MAR19-5000-C,59.37,0.0055,0.2,0,1550461592917,15488880,1191
2019-02-18 10:30:07,1.0,sell,3693.45,BTC-29MAR19-5000-C,59.18,0.0055,1.0,1,1550485807239,15510033,1192
2019-02-18 13:28:32,1.0,buy,3766.94,BTC-29MAR19-5000-C,55.26,0.005,1.0,2,1550496512529,15525335,1193
2019-02-18 13:28:32,9.0,buy,3766.94,BTC-29MAR19-5000-C,55.26,0.005,9.0,3,1550496512529,15525336,1194
2019-02-18 13:28:36,1.0,buy,3766.61,BTC-29MAR19-5000-C,55.27,0.005,1.0,3,1550496516609,15525354,1195
2019-02-18 13:45:50,0.2,sell,3793.93,BTC-29MAR19-5000-C,55.46,0.0055,0.2,0,1550497550294,15530947,1196
2019-02-18 13:45:58,1.3,buy,3796.54,BTC-29MAR19-5000-C,55.33,0.0055,1.3,1,1550497558389,15530995,1197
2019-02-18 13:47:18,0.2,sell,3789.03,BTC-29MAR19-5000-C,56.65,0.006,0.2,0,1550497638144,15531964,1198
2019-02-18 13:47:28,0.2,sell,3788.2,BTC-29MAR19-5000-C,56.67,0.006,0.2,1,1550497648573,15532007,1199
2019-02-18 13:47:31,0.2,sell,3788.6,BTC-29MAR19-5000-C,56.65,0.006,0.2,1,1550497651461,15532014,1200
2019-02-18 13:47:34,0.2,sell,3788.88,BTC-29MAR19-5000-C,56.64,0.006,0.2,1,1550497654178,15532053,1201
2019-02-18 13:47:40,0.2,sell,3791.93,BTC-29MAR19-5000-C,56.49,0.006,0.2,1,1550497660260,15532095,1202
2019-02-18 13:47:41,0.2,sell,3791.8,BTC-29MAR19-5000-C,56.51,0.006,0.2,1,1550497661843,15532100,1203
2019-02-18 13:47:44,0.2,sell,3792.49,BTC-29MAR19-5000-C,56.46,0.006,0.2,1,1550497664671,15532124,1204
2019-02-18 13:47:48,0.2,sell,3792.27,BTC-29MAR19-5000-C,56.44,0.006,0.2,1,1550497668809,15532168,1205
2019-02-18 13:47:51,0.2,sell,3792.65,BTC-29MAR19-5000-C,56.45,0.006,0.2,1,1550497671255,15532189,1206
2019-02-18 14:40:08,1.0,buy,3805.93,BTC-29MAR19-5000-C,57.81,0.006999999999999999,1.0,0,1550500808221,15542504,1207
2019-02-18 14:40:29,1.0,buy,3808.05,BTC-29MAR19-5000-C,57.76,0.006999999999999999,1.0,1,1550500829846,15542530,1208
2019-02-18 14:40:32,1.0,buy,3808.04,BTC-29MAR19-5000-C,57.77,0.006999999999999999,1.0,1,1550500832315,15542537,1209
2019-02-18 14:40:36,1.0,buy,3807.7,BTC-29MAR19-5000-C,57.8,0.006999999999999999,1.0,1,1550500836300,15542546,1210
2019-02-18 14:41:21,1.0,buy,3807.93,BTC-29MAR19-5000-C,57.79,0.006999999999999999,1.0,1,1550500881774,15542593,1211
2019-02-18 14:56:37,1.0,buy,3801.49,BTC-29MAR19-5000-C,57.99,0.006999999999999999,1.0,1,1550501797737,15543590,1212
2019-02-18 15:01:52,0.2,sell,3797.08,BTC-29MAR19-5000-C,57.28,0.0065,0.2,2,1550502112458,15544000,1213
2019-02-18 15:03:04,0.2,sell,3792.72,BTC-29MAR19-5000-C,57.4,0.0065,0.2,3,1550502184401,15544112,1214
2019-02-18 15:03:09,0.2,sell,3792.57,BTC-29MAR19-5000-C,57.42,0.0065,0.2,3,1550502189356,15544122,1215
2019-02-18 15:22:12,0.1,buy,3790.78,BTC-29MAR19-5000-C,57.47,0.0065,0.1,3,1550503332571,15545572,1216
2019-02-18 15:22:16,0.1,buy,3791.26,BTC-29MAR19-5000-C,57.45,0.0065,0.1,3,1550503336914,15545580,1217
2019-02-18 16:09:52,0.2,sell,3814.42,BTC-29MAR19-5000-C,56.49,0.0065,0.2,3,1550506192527,15549201,1218
2019-02-18 16:10:21,0.2,sell,3816.12,BTC-29MAR19-5000-C,56.45,0.0065,0.2,3,1550506221960,15549243,1219
2019-02-18 16:49:53,10.0,buy,3870.71,BTC-29MAR19-5000-C,55.01,0.006999999999999999,10.0,0,1550508593676,15563403,1220
2019-02-18 17:02:34,4.9,buy,3851.19,BTC-29MAR19-5000-C,56.88,0.0075,4.9,0,1550509354502,15566241,1221
2019-02-18 17:02:34,15.1,buy,3851.19,BTC-29MAR19-5000-C,56.88,0.0075,15.1,1,1550509354502,15566242,1222
2019-02-18 17:02:35,9.9,buy,3850.33,BTC-29MAR19-5000-C,56.92,0.0075,9.9,1,1550509355502,15566255,1223
2019-02-18 17:04:08,0.2,sell,3846.3,BTC-29MAR19-5000-C,57.03,0.0075,0.2,1,1550509448339,15566621,1224
2019-02-18 17:15:05,1.0,buy,3860.43,BTC-29MAR19-5000-C,59.95,0.0095,1.0,0,1550510105190,15568237,1225
2019-02-18 18:57:47,24.0,sell,3881.26,BTC-29MAR19-5000-C,57.57,0.0085,24.0,2,1550516267702,15574271,1226
2019-02-18 18:58:36,25.0,sell,3881.44,BTC-29MAR19-5000-C,57.53,0.0085,25.0,3,1550516316931,15574288,1227
2019-02-18 19:00:21,24.0,sell,3880.77,BTC-29MAR19-5000-C,57.58,0.0085,24.0,3,1550516421446,15574334,1228
2019-02-18 19:05:48,25.0,buy,3885.64,BTC-29MAR19-5000-C,59.13,0.0095,25.0,1,1550516748834,15574442,1230
2019-02-18 19:05:48,3.9,buy,3885.64,BTC-29MAR19-5000-C,59.13,0.0095,3.9,0,1550516748834,15574441,1229
2019-02-18 22:08:07,0.2,buy,3830.09,BTC-29MAR19-5000-C,59.63,0.0085,0.2,2,1550527687727,15582950,1231
2019-02-18 22:18:07,0.2,buy,3856.92,BTC-29MAR19-5000-C,59.48,0.009000000000000001,0.2,0,1550528287191,15583775,1232
2019-02-18 22:18:15,0.2,buy,3856.49,BTC-29MAR19-5000-C,60.33,0.0095,0.2,0,1550528295777,15583782,1233
2019-02-18 22:37:04,0.2,sell,3849.24,BTC-29MAR19-5000-C,59.51,0.009000000000000001,0.2,2,1550529424311,15584617,1234
2019-02-18 22:37:04,0.2,sell,3849.24,BTC-29MAR19-5000-C,59.51,0.009000000000000001,0.2,3,1550529424311,15584618,1235
2019-02-18 22:37:10,0.2,sell,3849.34,BTC-29MAR19-5000-C,59.51,0.009000000000000001,0.2,3,1550529430533,15584620,1236
2019-02-18 22:37:11,0.2,sell,3849.52,BTC-29MAR19-5000-C,59.51,0.009000000000000001,0.2,3,1550529431772,15584621,1237
2019-02-18 22:37:18,0.2,sell,3849.57,BTC-29MAR19-5000-C,59.51,0.009000000000000001,0.2,3,1550529438099,15584624,1238
2019-02-18 22:37:19,0.2,sell,3849.55,BTC-29MAR19-5000-C,59.51,0.009000000000000001,0.2,3,1550529439481,15584625,1239
2019-02-18 22:37:22,0.2,sell,3849.55,BTC-29MAR19-5000-C,59.51,0.009000000000000001,0.2,3,1550529442154,15584626,1240
2019-02-18 22:37:24,0.2,sell,3849.55,BTC-29MAR19-5000-C,59.51,0.009000000000000001,0.2,3,1550529444155,15584632,1241
2019-02-18 22:38:39,0.2,sell,3849.22,BTC-29MAR19-5000-C,60.38,0.0095,0.2,0,1550529519389,15584657,1242
2019-02-18 22:49:14,0.1,buy,3855.42,BTC-29MAR19-5000-C,60.24,0.0095,0.1,1,1550530154241,15584828,1243
2019-02-18 22:49:14,0.2,buy,3855.42,BTC-29MAR19-5000-C,60.24,0.0095,0.2,1,1550530154241,15584829,1244
2019-02-18 22:56:47,0.2,sell,3855.38,BTC-29MAR19-5000-C,60.18,0.0095,0.2,1,1550530607203,15584883,1245
2019-02-18 23:09:11,0.2,buy,3870.65,BTC-29MAR19-5000-C,60.46,0.01,0.2,0,1550531351010,15585508,1246
2019-02-18 23:09:12,0.2,buy,3870.76,BTC-29MAR19-5000-C,60.46,0.01,0.2,1,1550531352719,15585511,1247
2019-02-18 23:09:13,0.2,buy,3871.07,BTC-29MAR19-5000-C,60.46,0.01,0.2,1,1550531353892,15585512,1248
2019-02-18 23:09:14,0.2,buy,3871.04,BTC-29MAR19-5000-C,60.45,0.01,0.2,1,1550531354938,15585514,1249
2019-02-18 23:09:15,0.2,buy,3870.57,BTC-29MAR19-5000-C,60.48,0.01,0.2,1,1550531355755,15585518,1250
2019-02-18 23:24:00,2.2,sell,3863.64,BTC-29MAR19-5000-C,59.16,0.009000000000000001,2.2,3,1550532240820,15586072,1255
2019-02-18 23:24:00,0.2,sell,3863.64,BTC-29MAR19-5000-C,60.81,0.01,0.2,1,1550532240820,15586069,1252
2019-02-18 23:24:00,0.2,sell,3863.64,BTC-29MAR19-5000-C,60.81,0.01,0.2,1,1550532240820,15586068,1251
2019-02-18 23:24:00,0.2,sell,3863.64,BTC-29MAR19-5000-C,59.16,0.009000000000000001,0.2,2,1550532240820,15586071,1254
2019-02-18 23:24:00,0.2,sell,3863.64,BTC-29MAR19-5000-C,59.99,0.0095,0.2,2,1550532240820,15586070,1253
2019-02-19 00:10:04,10.0,buy,3880.76,BTC-29MAR19-5000-C,61.48,0.011000000000000001,10.0,0,1550535004416,15588618,1256
2019-02-19 00:20:42,10.0,buy,3905.59,BTC-29MAR19-5000-C,61.85,0.012,10.0,0,1550535642265,15589667,1257
2019-02-19 00:39:36,0.2,sell,3929.79,BTC-29MAR19-5000-C,62.17,0.013000000000000001,0.2,0,1550536776880,15593095,1258
2019-02-19 00:39:38,0.2,sell,3929.57,BTC-29MAR19-5000-C,62.17,0.013000000000000001,0.2,1,1550536778490,15593105,1259
2019-02-19 00:39:40,0.2,sell,3929.45,BTC-29MAR19-5000-C,62.19,0.013000000000000001,0.2,1,1550536780114,15593118,1260
2019-02-19 00:39:40,0.2,sell,3928.96,BTC-29MAR19-5000-C,62.22,0.013000000000000001,0.2,1,1550536780774,15593123,1261
2019-02-19 00:39:41,0.2,sell,3928.81,BTC-29MAR19-5000-C,62.23,0.013000000000000001,0.2,1,1550536781702,15593133,1262
2019-02-19 00:39:42,0.2,sell,3928.77,BTC-29MAR19-5000-C,62.24,0.013000000000000001,0.2,1,1550536782769,15593153,1263
2019-02-19 00:39:43,0.2,sell,3928.77,BTC-29MAR19-5000-C,62.24,0.013000000000000001,0.2,1,1550536783134,15593167,1264
2019-02-19 00:46:43,2.0,buy,3930.89,BTC-29MAR19-5000-C,62.84,0.0135,2.0,0,1550537203470,15595468,1265
2019-02-19 01:17:35,0.2,sell,3899.1,BTC-29MAR19-5000-C,61.3,0.0115,0.2,2,1550539055823,15599462,1266
2019-02-19 01:17:35,5.8,sell,3899.1,BTC-29MAR19-5000-C,61.3,0.0115,5.8,3,1550539055823,15599463,1267
2019-02-19 01:49:59,10.0,sell,3854.71,BTC-29MAR19-5000-C,61.65,0.0105,10.0,2,1550540999498,15603348,1268
2019-02-19 01:49:59,10.0,sell,3854.71,BTC-29MAR19-5000-C,61.65,0.0105,10.0,3,1550540999498,15603349,1269
2019-02-19 02:40:52,0.2,sell,3866.65,BTC-29MAR19-5000-C,62.73,0.0115,0.2,0,1550544052008,15605895,1270
2019-02-19 02:43:30,0.1,sell,3866.51,BTC-29MAR19-5000-C,61.91,0.011000000000000001,0.1,2,1550544210174,15605964,1271
2019-02-19 03:20:53,1.0,buy,3867.31,BTC-29MAR19-5000-C,64.1,0.0125,1.0,0,1550546453468,15606933,1272
2019-02-19 07:07:16,5.0,buy,3880.71,BTC-29MAR19-5000-C,62.23,0.0115,5.0,2,1550560036926,15612264,1273
2019-02-19 08:49:49,10.0,sell,3885.92,BTC-29MAR19-5000-C,60.42,0.0105,10.0,2,1550566189922,15615333,1274
2019-02-19 08:49:49,3.9,sell,3885.92,BTC-29MAR19-5000-C,60.42,0.0105,3.9,3,1550566189922,15615334,1275
2019-02-19 08:53:39,0.2,sell,3889.27,BTC-29MAR19-5000-C,60.98,0.011000000000000001,0.2,0,1550566419686,15615416,1276
2019-02-19 08:54:20,0.2,sell,3889.26,BTC-29MAR19-5000-C,61.0,0.011000000000000001,0.2,1,1550566460114,15615422,1277
2019-02-19 08:55:05,21.1,sell,3887.97,BTC-29MAR19-5000-C,60.32,0.0105,21.1,2,1550566505874,15615431,1278
2019-02-19 08:55:05,0.2,sell,3887.97,BTC-29MAR19-5000-C,60.32,0.0105,0.2,3,1550566505874,15615432,1279
2019-02-19 08:55:05,10.0,buy,3887.97,BTC-29MAR19-5000-C,60.32,0.0105,10.0,3,1550566505981,15615433,1280
2019-02-19 08:55:07,0.7000000000000001,buy,3888.03,BTC-29MAR19-5000-C,60.32,0.0105,0.7000000000000001,3,1550566507934,15615434,1281
2019-02-19 11:09:32,1.0,buy,3871.26,BTC-29MAR19-5000-C,63.19,0.012,1.0,0,1550574572747,15620275,1282
2019-02-19 12:34:49,0.2,buy,3888.11,BTC-29MAR19-5000-C,63.33,0.0125,0.2,0,1550579689455,15623237,1283
2019-02-19 13:06:07,0.2,buy,3888.76,BTC-29MAR19-5000-C,63.23,0.0125,0.2,1,1550581567602,15623895,1284
2019-02-19 13:06:07,0.6,buy,3888.76,BTC-29MAR19-5000-C,63.95,0.013000000000000001,0.6,0,1550581567602,15623896,1285
2019-02-19 13:36:30,0.2,sell,3927.87,BTC-29MAR19-5000-C,60.98,0.012,0.2,2,1550583390936,15629603,1286
2019-02-19 13:49:03,0.1,buy,3944.78,BTC-29MAR19-5000-C,61.68,0.013000000000000001,0.1,0,1550584143028,15632612,1287
2019-02-19 14:19:52,0.2,sell,3934.85,BTC-29MAR19-5000-C,61.34,0.0125,0.2,2,1550585992775,15641061,1288
2019-02-19 21:44:06,0.2,buy,3912.64,BTC-29MAR19-5000-C,62.04,0.012,0.2,2,1550612646402,15663006,1289
2019-02-19 21:46:51,0.2,buy,3916.14,BTC-29MAR19-5000-C,61.94,0.012,0.2,3,1550612811718,15663148,1290
2019-02-19 21:46:51,0.9,buy,3916.14,BTC-29MAR19-5000-C,62.67,0.0125,0.9,0,1550612811718,15663149,1291
2019-02-19 21:50:18,0.3,buy,3911.73,BTC-29MAR19-5000-C,62.14,0.012,0.3,3,1550613018447,15663239,1293
2019-02-19 21:50:18,0.2,buy,3911.73,BTC-29MAR19-5000-C,62.14,0.012,0.2,2,1550613018447,15663238,1292
2019-02-19 21:50:38,0.2,buy,3910.08,BTC-29MAR19-5000-C,62.21,0.012,0.2,3,1550613038788,15663381,1294
2019-02-19 21:54:12,0.2,sell,3894.48,BTC-29MAR19-5000-C,59.86,0.01,0.2,2,1550613252070,15663938,1295
2019-02-20 11:17:21,0.1,buy,3923.37,BTC-29MAR19-5000-C,61.21,0.0115,0.1,0,1550661441934,15689958,1296
2019-02-20 13:23:51,0.2,buy,3930.12,BTC-29MAR19-5000-C,60.38,0.011000000000000001,0.2,2,1550669031510,15696554,1297
2019-02-20 13:23:51,0.8,buy,3930.12,BTC-29MAR19-5000-C,61.13,0.0115,0.8,0,1550669031510,15696555,1298
2019-02-20 19:58:15,10.0,sell,3924.0,BTC-29MAR19-5000-C,62.42,0.012,10.0,0,1550692695534,15709462,1300
2019-02-20 19:58:15,5.0,buy,3924.0,BTC-29MAR19-5000-C,61.67,0.0115,5.0,1,1550692695513,15709461,1299
2019-02-21 11:32:21,6.0,sell,3885.37,BTC-29MAR19-5000-C,58.61,0.0085,6.0,2,1550748741533,15741316,1301
2019-02-21 13:37:28,0.5,buy,3910.44,BTC-29MAR19-5000-C,59.48,0.0095,0.5,0,1550756248309,15744441,1302
2019-02-21 17:46:32,0.3,sell,3893.96,BTC-29MAR19-5000-C,58.48,0.0085,0.3,2,1550771192782,15747680,1303
2019-02-21 22:49:07,1.0,buy,3888.96,BTC-29MAR19-5000-C,59.76,0.009000000000000001,1.0,0,1550789347873,15750859,1304
2019-02-21 22:49:07,0.1,buy,3888.96,BTC-29MAR19-5000-C,60.61,0.0095,0.1,0,1550789347873,15750860,1305
2019-02-22 08:03:28,10.0,sell,3894.86,BTC-29MAR19-5000-C,58.21,0.008,10.0,2,1550822608688,15760163,1306
2019-02-22 08:03:28,12.0,sell,3894.86,BTC-29MAR19-5000-C,58.21,0.008,12.0,3,1550822608688,15760164,1307
2019-02-22 08:18:11,10.0,sell,3895.01,BTC-29MAR19-5000-C,58.38,0.008,10.0,3,1550823491916,15760542,1308
2019-02-22 09:47:46,5.0,buy,3923.27,BTC-29MAR19-5000-C,61.13,0.0105,5.0,0,1550828866698,15766022,1310
2019-02-22 09:47:46,0.6,buy,3923.27,BTC-29MAR19-5000-C,60.32,0.01,0.6,0,1550828866698,15766021,1309
2019-02-22 09:47:46,0.2,buy,3923.27,BTC-29MAR19-5000-C,61.13,0.0105,0.2,1,1550828866698,15766023,1311
2019-02-22 09:47:46,4.2,buy,3923.27,BTC-29MAR19-5000-C,61.13,0.0105,4.2,1,1550828866698,15766024,1312
2019-02-22 12:07:16,2.0,sell,3923.82,BTC-29MAR19-5000-C,57.68,0.0085,2.0,2,1550837236110,15768831,1313
2019-02-22 12:40:38,1.0,buy,3943.27,BTC-29MAR19-5000-C,57.65,0.009000000000000001,1.0,0,1550839238708,15770985,1314
2019-02-22 13:12:50,4.0,buy,3936.94,BTC-29MAR19-5000-C,57.85,0.009000000000000001,4.0,1,1550841170857,15773097,1315
2019-02-22 13:12:50,10.0,buy,3936.94,BTC-29MAR19-5000-C,57.85,0.009000000000000001,10.0,1,1550841170857,15773098,1316
2019-02-22 15:52:45,1.0,buy,3931.76,BTC-29MAR19-5000-C,60.24,0.01,1.0,0,1550850765022,15782408,1317
2019-02-22 15:52:45,1.0,buy,3931.76,BTC-29MAR19-5000-C,60.24,0.01,1.0,1,1550850765022,15782409,1318
2019-02-22 15:53:57,4.0,buy,3930.87,BTC-29MAR19-5000-C,60.29,0.01,4.0,1,1550850837077,15782526,1319
2019-02-22 15:58:06,5.0,buy,3932.41,BTC-29MAR19-5000-C,60.18,0.01,5.0,1,1550851086478,15782694,1320
2019-02-22 22:52:14,10.0,buy,3944.56,BTC-29MAR19-5000-C,59.85,0.01,10.0,1,1550875934961,15788678,1321
2019-02-23 01:54:59,1.0,buy,3945.1,BTC-29MAR19-5000-C,60.02,0.01,1.0,1,1550886899063,15792101,1322
2019-02-23 03:38:03,1.0,buy,3938.2,BTC-29MAR19-5000-C,60.54,0.01,1.0,1,1550893083559,15793229,1323
2019-02-23 06:42:08,10.0,sell,3929.01,BTC-29MAR19-5000-C,59.53,0.009,10.0,2,1550904128931,15797025,1324
