date_utc,amount,direction,indexPrice,instrument,iv,price,quantity,tickDirection,timeStamp,tradeId,tradeSeq
2019-02-14 00:21:12.294,0.1,buy,3580.98,BTC-29MAR19-5000-C,58.28,0.0045,0.1,0,1550103672294,15350019,1137
2019-02-14 00:21:15.830,0.1,buy,3581.11,BTC-29MAR19-5000-C,58.28,0.0045,0.1,1,1550103675830,15350020,1138
2019-02-14 00:21:17.536,0.1,buy,3581.11,BTC-29MAR19-5000-C,58.28,0.0045,0.1,1,1550103677536,15350022,1139
2019-02-14 00:21:19.165,0.1,buy,3581.44,BTC-29MAR19-5000-C,58.28,0.0045,0.1,1,1550103679165,15350023,1140
2019-02-14 00:21:20.391,0.1,buy,3581.59,BTC-29MAR19-5000-C,58.27,0.0045,0.1,1,1550103680391,15350028,1141
2019-02-14 11:28:18.262,10.0,buy,3560.7,BTC-29MAR19-5000-C,59.46,0.0045,10.0,1,1550143698262,15365590,1142
2019-02-14 12:45:11.350,10.0,buy,3561.2,BTC-29MAR19-5000-C,59.5,0.0045,10.0,1,1550148311350,15367730,1143
2019-02-15 04:34:15.416,0.6,sell,3580.67,BTC-29MAR19-5000-C,56.33,0.0035,0.6,3,1550205255416,15379719,1145
2019-02-15 04:34:15.416,1.0,sell,3580.67,BTC-29MAR19-5000-C,56.33,0.0035,1.0,2,1550205255416,15379718,1144
2019-02-15 05:00:12.598,10.0,buy,3580.54,BTC-29MAR19-5000-C,57.82,0.004,10.0,0,1550206812598,15380084,1146
2019-02-15 05:51:17.406,10.0,buy,3576.89,BTC-29MAR19-5000-C,58.0,0.004,10.0,1,1550209877406,15380567,1147
2019-02-15 11:23:30.544,0.1,buy,3578.49,BTC-29MAR19-5000-C,57.92,0.004,0.1,1,1550229810544,15386112,1148
2019-02-15 13:34:26.745,3.0,buy,3581.12,BTC-29MAR19-5000-C,57.92,0.004,3.0,1,1550237666745,15387626,1150
2019-02-15 13:34:26.745,0.1,buy,3581.12,BTC-29MAR19-5000-C,57.92,0.004,0.1,1,1550237666745,15387625,1149
2019-02-15 14:51:43.444,10.0,sell,3564.48,BTC-29MAR19-5000-C,57.17,0.0035,10.0,3,1550242303444,15395857,1152
2019-02-15 14:51:43.444,2.1,sell,3564.48,BTC-29MAR19-5000-C,57.17,0.0035,2.1,2,1550242303444,15395856,1151
2019-02-15 19:29:43.931,0.2,buy,3568.05,BTC-29MAR19-5000-C,57.22,0.0035,0.2,3,1550258983931,15401407,1154
2019-02-15 19:29:43.931,10.0,buy,3568.05,BTC-29MAR19-5000-C,57.22,0.0035,10.0,3,1550258983931,15401406,1153
2019-02-15 19:39:06.655,10.0,buy,3568.43,BTC-29MAR19-5000-C,57.26,0.0035,10.0,3,1550259546655,15401594,1156
2019-02-15 19:39:06.655,0.2,buy,3568.43,BTC-29MAR19-5000-C,57.26,0.0035,0.2,3,1550259546655,15401593,1155
2019-02-15 19:39:11.467,0.2,buy,3568.41,BTC-29MAR19-5000-C,57.26,0.0035,0.2,3,1550259551467,15401595,1157
2019-02-15 19:39:13.832,0.2,buy,3568.36,BTC-29MAR19-5000-C,57.26,0.0035,0.2,3,1550259553832,15401596,1158
2019-02-15 19:39:14.781,0.2,buy,3568.36,BTC-29MAR19-5000-C,57.26,0.0035,0.2,3,1550259554781,15401597,1159
2019-02-15 19:39:15.568,0.2,buy,3568.36,BTC-29MAR19-5000-C,57.26,0.0035,0.2,3,1550259555568,15401598,1160
2019-02-15 19:39:16.823,0.2,buy,3568.36,BTC-29MAR19-5000-C,57.27,0.0035,0.2,3,1550259556823,15401599,1161
2019-02-15 19:39:18.990,0.2,buy,3568.36,BTC-29MAR19-5000-C,57.27,0.0035,0.2,3,1550259558990,15401601,1162
2019-02-15 19:39:20.263,0.2,buy,3568.36,BTC-29MAR19-5000-C,57.27,0.0035,0.2,3,1550259560263,15401602,1163
2019-02-15 19:39:25.246,0.2,buy,3568.39,BTC-29MAR19-5000-C,57.26,0.0035,0.2,3,1550259565246,15401603,1164
2019-02-15 19:39:38.492,0.2,buy,3568.39,BTC-29MAR19-5000-C,57.26,0.0035,0.2,3,1550259578492,15401605,1165
2019-02-15 19:39:40.050,0.2,buy,3568.39,BTC-29MAR19-5000-C,57.26,0.0035,0.2,3,1550259580050,15401606,1166
2019-02-15 19:39:41.057,0.2,buy,3568.39,BTC-29MAR19-5000-C,57.26,0.0035,0.2,3,1550259581057,15401607,1167
2019-02-15 19:39:44.755,0.2,buy,3568.47,BTC-29MAR19-5000-C,57.26,0.0035,0.2,3,1550259584755,15401608,1168
2019-02-15 19:39:46.451,0.2,buy,3568.47,BTC-29MAR19-5000-C,57.26,0.0035,0.2,3,1550259586451,15401609,1169
2019-02-15 19:39:47.753,0.2,buy,3568.47,BTC-29MAR19-5000-C,57.26,0.0035,0.2,3,1550259587753,15401610,1170
2019-02-15 19:39:48.774,0.2,buy,3568.47,BTC-29MAR19-5000-C,57.26,0.0035,0.2,3,1550259588774,15401611,1171
2019-02-15 19:40:14.997,10.0,buy,3568.48,BTC-29MAR19-5000-C,57.27,0.0035,10.0,3,1550259614997,15401614,1173
2019-02-15 19:40:14.997,0.2,buy,3568.48,BTC-29MAR19-5000-C,57.27,0.0035,0.2,3,1550259614997,15401613,1172
2019-02-15 19:40:19.604,0.2,buy,3568.48,BTC-29MAR19-5000-C,57.28,0.0035,0.2,3,1550259619604,15401615,1174
2019-02-15 19:40:20.671,0.2,buy,3568.48,BTC-29MAR19-5000-C,57.28,0.0035,0.2,3,1550259620671,15401616,1175
2019-02-15 19:40:21.407,0.2,buy,3568.48,BTC-29MAR19-5000-C,57.28,0.0035,0.2,3,1550259621407,15401617,1176
2019-02-15 19:40:38.353,0.2,buy,3567.89,BTC-29MAR19-5000-C,57.3,0.0035,0.2,3,1550259638353,15401618,1177
2019-02-17 01:14:09.103,0.8,buy,3582.98,BTC-29MAR19-5000-C,57.28,0.0035,0.8,3,1550366049103,15426427,1179
2019-02-17 01:14:09.103,0.2,buy,3582.98,BTC-29MAR19-5000-C,57.28,0.0035,0.2,3,1550366049103,15426426,1178
2019-02-17 05:47:24.849,10.0,buy,3594.13,BTC-29MAR19-5000-C,56.88,0.0035,10.0,3,1550382444849,15428174,1180
2019-02-17 21:38:53.147,0.2,buy,3596.76,BTC-29MAR19-5000-C,57.46,0.0035,0.2,3,1550439533147,15453761,1181
2019-02-17 21:39:11.250,0.2,buy,3597.33,BTC-29MAR19-5000-C,57.44,0.0035,0.2,3,1550439551250,15453771,1182
2019-02-17 21:39:13.078,0.2,buy,3597.07,BTC-29MAR19-5000-C,57.46,0.0035,0.2,3,1550439553078,15453774,1183
2019-02-17 21:39:14.509,0.2,buy,3596.88,BTC-29MAR19-5000-C,57.46,0.0035,0.2,3,1550439554509,15453775,1184
2019-02-17 21:39:16.274,0.2,buy,3596.88,BTC-29MAR19-5000-C,57.46,0.0035,0.2,3,1550439556274,15453778,1185
2019-02-17 21:39:18.284,0.2,buy,3596.73,BTC-29MAR19-5000-C,57.47,0.0035,0.2,3,1550439558284,15453780,1186
2019-02-17 21:39:19.861,0.2,buy,3596.95,BTC-29MAR19-5000-C,57.46,0.0035,0.2,3,1550439559861,15453781,1187
2019-02-17 21:39:20.720,0.2,buy,3596.95,BTC-29MAR19-5000-C,57.46,0.0035,0.2,3,1550439560720,15453783,1188
2019-02-17 21:39:21.854,0.2,buy,3596.91,BTC-29MAR19-5000-C,57.46,0.0035,0.2,3,1550439561854,15453784,1189
2019-02-18 01:07:48.547,1.0,buy,3705.97,BTC-29MAR19-5000-C,56.71,0.005,1.0,0,1550452068547,15469776,1190
2019-02-18 03:46:32.917,0.2,buy,3685.04,BTC-29MAR19-5000-C,59.37,0.0055,0.2,0,1550461592917,15488880,1191
2019-02-18 10:30:07.239,1.0,sell,3693.45,BTC-29MAR19-5000-C,59.18,0.0055,1.0,1,1550485807239,15510033,1192
2019-02-18 13:28:32.529,1.0,buy,3766.94,BTC-29MAR19-5000-C,55.26,0.005,1.0,2,1550496512529,15525335,1193
2019-02-18 13:28:32.529,9.0,buy,3766.94,BTC-29MAR19-5000-C,55.26,0.005,9.0,3,1550496512529,15525336,1194
2019-02-18 13:28:36.609,1.0,buy,3766.61,BTC-29MAR19-5000-C,55.27,0.005,1.0,3,1550496516609,15525354,1195
2019-02-18 13:45:50.294,0.2,sell,3793.93,BTC-29MAR19-5000-C,55.46,0.0055,0.2,0,1550497550294,15530947,1196
2019-02-18 13:45:58.389,1.3,buy,3796.54,BTC-29MAR19-5000-C,55.33,0.0055,1.3,1,1550497558389,15530995,1197
2019-02-18 13:47:18.144,0.2,sell,3789.03,BTC-29MAR19-5000-C,56.65,0.006,0.2,0,1550497638144,15531964,1198
2019-02-18 13:47:28.573,0.2,sell,3788.2,BTC-29MAR19-5000-C,56.67,0.006,0.2,1,1550497648573,15532007,1199
2019-02-18 13:47:31.461,0.2,sell,3788.6,BTC-29MAR19-5000-C,56.65,0.006,0.2,1,1550497651461,15532014,1200
2019-02-18 13:47:34.178,0.2,sell,3788.88,BTC-29MAR19-5000-C,56.64,0.006,0.2,1,1550497654178,15532053,1201
2019-02-18 13:47:40.260,0.2,sell,3791.93,BTC-29MAR19-5000-C,56.49,0.006,0.2,1,1550497660260,15532095,1202
2019-02-18 13:47:41.843,0.2,sell,3791.8,BTC-29MAR19-5000-C,56.51,0.006,0.2,1,1550497661843,15532100,1203
2019-02-18 13:47:44.671,0.2,sell,3792.49,BTC-29MAR19-5000-C,56.46,0.006,0.2,1,1550497664671,15532124,1204
2019-02-18 13:47:48.809,0.2,sell,3792.27,BTC-29MAR19-5000-C,56.44,0.006,0.2,1,1550497668809,15532168,1205
2019-02-18 13:47:51.255,0.2,sell,3792.65,BTC-29MAR19-5000-C,56.45,0.006,0.2,1,1550497671255,15532189,1206
2019-02-18 14:40:08.221,1.0,buy,3805.93,BTC-29MAR19-5000-C,57.81,0.006999999999999999,1.0,0,1550500808221,15542504,1207
2019-02-18 14:40:29.846,1.0,buy,3808.05,BTC-29MAR19-5000-C,57.76,0.006999999999999999,1.0,1,1550500829846,15542530,1208
2019-02-18 14:40:32.315,1.0,buy,3808.04,BTC-29MAR19-5000-C,57.77,0.006999999999999999,1.0,1,1550500832315,15542537,1209
2019-02-18 14:40:36.300,1.0,buy,3807.7,BTC-29MAR19-5000-C,57.8,0.006999999999999999,1.0,1,1550500836300,15542546,1210
2019-02-18 14:41:21.774,1.0,buy,3807.93,BTC-29MAR19-5000-C,57.79,0.006999999999999999,1.0,1,1550500881774,15542593,1211
2019-02-18 14:56:37.737,1.0,buy,3801.49,BTC-29MAR19-5000-C,57.99,0.006999999999999999,1.0,1,1550501797737,15543590,1212
2019-02-18 15:01:52.458,0.2,sell,3797.08,BTC-29MAR19-5000-C,57.28,0.0065,0.2,2,1550502112458,15544000,1213
2019-02-18 15:03:04.401,0.2,sell,3792.72,BTC-29MAR19-5000-C,57.4,0.0065,0.2,3,1550502184401,15544112,1214
2019-02-18 15:03:09.356,0.2,sell,3792.57,BTC-29MAR19-5000-C,57.42,0.0065,0.2,3,1550502189356,15544122,1215
2019-02-18 15:22:12.571,0.1,buy,3790.78,BTC-29MAR19-5000-C,57.47,0.0065,0.1,3,1550503332571,15545572,1216
2019-02-18 15:22:16.914,0.1,buy,3791.26,BTC-29MAR19-5000-C,57.45,0.0065,0.1,3,1550503336914,15545580,1217
2019-02-18 16:09:52.527,0.2,sell,3814.42,BTC-29MAR19-5000-C,56.49,0.0065,0.2,3,1550506192527,15549201,1218
2019-02-18 16:10:21.960,0.2,sell,3816.12,BTC-29MAR19-5000-C,56.45,0.0065,0.2,3,1550506221960,15549243,1219
2019-02-18 16:49:53.676,10.0,buy,3870.71,BTC-29MAR19-5000-C,55.01,0.006999999999999999,10.0,0,1550508593676,15563403,1220
2019-02-18 17:02:34.502,15.1,buy,3851.19,BTC-29MAR19-5000-C,56.88,0.0075,15.1,1,1550509354502,15566242,1222
2019-02-18 17:02:34.502,4.9,buy,3851.19,BTC-29MAR19-5000-C,56.88,0.0075,4.9,0,1550509354502,15566241,1221
2019-02-18 17:02:35.502,9.9,buy,3850.33,BTC-29MAR19-5000-C,56.92,0.0075,9.9,1,1550509355502,15566255,1223
2019-02-18 17:04:08.339,0.2,sell,3846.3,BTC-29MAR19-5000-C,57.03,0.0075,0.2,1,1550509448339,15566621,1224
2019-02-18 17:15:05.190,1.0,buy,3860.43,BTC-29MAR19-5000-C,59.95,0.0095,1.0,0,1550510105190,15568237,1225
2019-02-18 18:57:47.702,24.0,sell,3881.26,BTC-29MAR19-5000-C,57.57,0.0085,24.0,2,1550516267702,15574271,1226
2019-02-18 18:58:36.931,25.0,sell,3881.44,BTC-29MAR19-5000-C,57.53,0.0085,25.0,3,1550516316931,15574288,1227
2019-02-18 19:00:21.446,24.0,sell,3880.77,BTC-29MAR19-5000-C,57.58,0.0085,24.0,3,1550516421446,15574334,1228
2019-02-18 19:05:48.834,25.0,buy,3885.64,BTC-29MAR19-5000-C,59.13,0.0095,25.0,1,1550516748834,15574442,1230
2019-02-18 19:05:48.834,3.9,buy,3885.64,BTC-29MAR19-5000-C,59.13,0.0095,3.9,0,1550516748834,15574441,1229
2019-02-18 22:08:07.727,0.2,buy,3830.09,BTC-29MAR19-5000-C,59.63,0.0085,0.2,2,1550527687727,15582950,1231
2019-02-18 22:18:07.191,0.2,buy,3856.92,BTC-29MAR19-5000-C,59.48,0.009000000000000001,0.2,0,1550528287191,15583775,1232
2019-02-18 22:18:15.777,0.2,buy,3856.49,BTC-29MAR19-5000-C,60.33,0.0095,0.2,0,1550528295777,15583782,1233
2019-02-18 22:37:04.311,0.2,sell,3849.24,BTC-29MAR19-5000-C,59.51,0.009000000000000001,0.2,2,1550529424311,15584617,1234
2019-02-18 22:37:04.311,0.2,sell,3849.24,BTC-29MAR19-5000-C,59.51,0.009000000000000001,0.2,3,1550529424311,15584618,1235
2019-02-18 22:37:10.533,0.2,sell,3849.34,BTC-29MAR19-5000-C,59.51,0.009000000000000001,0.2,3,1550529430533,15584620,1236
2019-02-18 22:37:11.772,0.2,sell,3849.52,BTC-29MAR19-5000-C,59.51,0.009000000000000001,0.2,3,1550529431772,15584621,1237
2019-02-18 22:37:18.099,0.2,sell,3849.57,BTC-29MAR19-5000-C,59.51,0.009000000000000001,0.2,3,1550529438099,15584624,1238
2019-02-18 22:37:19.481,0.2,sell,3849.55,BTC-29MAR19-5000-C,59.51,0.009000000000000001,0.2,3,1550529439481,15584625,1239
2019-02-18 22:37:22.154,0.2,sell,3849.55,BTC-29MAR19-5000-C,59.51,0.009000000000000001,0.2,3,1550529442154,15584626,1240
2019-02-18 22:37:24.155,0.2,sell,3849.55,BTC-29MAR19-5000-C,59.51,0.009000000000000001,0.2,3,1550529444155,15584632,1241
2019-02-18 22:38:39.389,0.2,sell,3849.22,BTC-29MAR19-5000-C,60.38,0.0095,0.2,0,1550529519389,15584657,1242
2019-02-18 22:49:14.241,0.2,buy,3855.42,BTC-29MAR19-5000-C,60.24,0.0095,0.2,1,1550530154241,15584829,1244
2019-02-18 22:49:14.241,0.1,buy,3855.42,BTC-29MAR19-5000-C,60.24,0.0095,0.1,1,1550530154241,15584828,1243
2019-02-18 22:56:47.203,0.2,sell,3855.38,BTC-29MAR19-5000-C,60.18,0.0095,0.2,1,1550530607203,15584883,1245
2019-02-18 23:09:11.010,0.2,buy,3870.65,BTC-29MAR19-5000-C,60.46,0.01,0.2,0,1550531351010,15585508,1246
2019-02-18 23:09:12.719,0.2,buy,3870.76,BTC-29MAR19-5000-C,60.46,0.01,0.2,1,1550531352719,15585511,1247
2019-02-18 23:09:13.892,0.2,buy,3871.07,BTC-29MAR19-5000-C,60.46,0.01,0.2,1,1550531353892,15585512,1248
2019-02-18 23:09:14.938,0.2,buy,3871.04,BTC-29MAR19-5000-C,60.45,0.01,0.2,1,1550531354938,15585514,1249
2019-02-18 23:09:15.755,0.2,buy,3870.57,BTC-29MAR19-5000-C,60.48,0.01,0.2,1,1550531355755,15585518,1250
2019-02-18 23:24:00.820,0.2,sell,3863.64,BTC-29MAR19-5000-C,59.99,0.0095,0.2,2,1550532240820,15586070,1253
2019-02-18 23:24:00.820,0.2,sell,3863.64,BTC-29MAR19-5000-C,60.81,0.01,0.2,1,1550532240820,15586068,1251
2019-02-18 23:24:00.820,0.2,sell,3863.64,BTC-29MAR19-5000-C,59.16,0.009000000000000001,0.2,2,1550532240820,15586071,1254
2019-02-18 23:24:00.820,2.2,sell,3863.64,BTC-29MAR19-5000-C,59.16,0.009000000000000001,2.2,3,1550532240820,15586072,1255
2019-02-18 23:24:00.820,0.2,sell,3863.64,BTC-29MAR19-5000-C,60.81,0.01,0.2,1,1550532240820,15586069,1252
2019-02-19 00:10:04.416,10.0,buy,3880.76,BTC-29MAR19-5000-C,61.48,0.011,10.0,0,1550535004416,15588618,1256
2019-02-19 00:20:42.265,10.0,buy,3905.59,BTC-29MAR19-5000-C,61.85,0.012,10.0,0,1550535642265,15589667,1257
2019-02-19 00:39:36.880,0.2,sell,3929.79,BTC-29MAR19-5000-C,62.17,0.013,0.2,0,1550536776880,15593095,1258
2019-02-19 00:39:38.490,0.2,sell,3929.57,BTC-29MAR19-5000-C,62.17,0.013,0.2,1,1550536778490,15593105,1259
2019-02-19 00:39:40.114,0.2,sell,3929.45,BTC-29MAR19-5000-C,62.19,0.013,0.2,1,1550536780114,15593118,1260
2019-02-19 00:39:40.774,0.2,sell,3928.96,BTC-29MAR19-5000-C,62.22,0.013,0.2,1,1550536780774,15593123,1261
2019-02-19 00:39:41.702,0.2,sell,3928.81,BTC-29MAR19-5000-C,62.23,0.013,0.2,1,1550536781702,15593133,1262
2019-02-19 00:39:42.769,0.2,sell,3928.77,BTC-29MAR19-5000-C,62.24,0.013,0.2,1,1550536782769,15593153,1263
2019-02-19 00:39:43.134,0.2,sell,3928.77,BTC-29MAR19-5000-C,62.24,0.013,0.2,1,1550536783134,15593167,1264
2019-02-19 00:46:43.470,2.0,buy,3930.89,BTC-29MAR19-5000-C,62.84,0.0135,2.0,0,1550537203470,15595468,1265
2019-02-19 01:17:35.823,5.8,sell,3899.1,BTC-29MAR19-5000-C,61.3,0.0115,5.8,3,1550539055823,15599463,1267
2019-02-19 01:17:35.823,0.2,sell,3899.1,BTC-29MAR19-5000-C,61.3,0.0115,0.2,2,1550539055823,15599462,1266
2019-02-19 01:49:59.498,10.0,sell,3854.71,BTC-29MAR19-5000-C,61.65,0.0105,10.0,3,1550540999498,15603349,1269
2019-02-19 01:49:59.498,10.0,sell,3854.71,BTC-29MAR19-5000-C,61.65,0.0105,10.0,2,1550540999498,15603348,1268
2019-02-19 02:40:52.008,0.2,sell,3866.65,BTC-29MAR19-5000-C,62.73,0.0115,0.2,0,1550544052008,15605895,1270
2019-02-19 02:43:30.174,0.1,sell,3866.51,BTC-29MAR19-5000-C,61.91,0.011,0.1,2,1550544210174,15605964,1271
2019-02-19 03:20:53.468,1.0,buy,3867.31,BTC-29MAR19-5000-C,64.1,0.0125,1.0,0,1550546453468,15606933,1272
2019-02-19 07:07:16.926,5.0,buy,3880.71,BTC-29MAR19-5000-C,62.23,0.0115,5.0,2,1550560036926,15612264,1273
2019-02-19 08:49:49.922,3.9,sell,3885.92,BTC-29MAR19-5000-C,60.42,0.0105,3.9,3,1550566189922,15615334,1275
2019-02-19 08:49:49.922,10.0,sell,3885.92,BTC-29MAR19-5000-C,60.42,0.0105,10.0,2,1550566189922,15615333,1274
2019-02-19 08:53:39.686,0.2,sell,3889.27,BTC-29MAR19-5000-C,60.98,0.011,0.2,0,1550566419686,15615416,1276
2019-02-19 08:54:20.114,0.2,sell,3889.26,BTC-29MAR19-5000-C,61.0,0.011,0.2,1,1550566460114,15615422,1277
2019-02-19 08:55:05.874,0.2,sell,3887.97,BTC-29MAR19-5000-C,60.32,0.0105,0.2,3,1550566505874,15615432,1279
2019-02-19 08:55:05.874,21.1,sell,3887.97,BTC-29MAR19-5000-C,60.32,0.0105,21.1,2,1550566505874,15615431,1278
2019-02-19 08:55:05.981,10.0,buy,3887.97,BTC-29MAR19-5000-C,60.32,0.0105,10.0,3,1550566505981,15615433,1280
2019-02-19 08:55:07.934,0.7000000000000001,buy,3888.03,BTC-29MAR19-5000-C,60.32,0.0105,0.7000000000000001,3,1550566507934,15615434,1281
2019-02-19 11:09:32.747,1.0,buy,3871.26,BTC-29MAR19-5000-C,63.19,0.012,1.0,0,1550574572747,15620275,1282
2019-02-19 12:34:49.455,0.2,buy,3888.11,BTC-29MAR19-5000-C,63.33,0.0125,0.2,0,1550579689455,15623237,1283
2019-02-19 13:06:07.602,0.6,buy,3888.76,BTC-29MAR19-5000-C,63.95,0.013,0.6,0,1550581567602,15623896,1285
2019-02-19 13:06:07.602,0.2,buy,3888.76,BTC-29MAR19-5000-C,63.23,0.0125,0.2,1,1550581567602,15623895,1284
2019-02-19 13:36:30.936,0.2,sell,3927.87,BTC-29MAR19-5000-C,60.98,0.012,0.2,2,1550583390936,15629603,1286
2019-02-19 13:49:03.028,0.1,buy,3944.78,BTC-29MAR19-5000-C,61.68,0.013,0.1,0,1550584143028,15632612,1287
2019-02-19 14:19:52.775,0.2,sell,3934.85,BTC-29MAR19-5000-C,61.34,0.0125,0.2,2,1550585992775,15641061,1288
2019-02-19 21:44:06.402,0.2,buy,3912.64,BTC-29MAR19-5000-C,62.04,0.012,0.2,2,1550612646402,15663006,1289
2019-02-19 21:46:51.718,0.9,buy,3916.14,BTC-29MAR19-5000-C,62.67,0.0125,0.9,0,1550612811718,15663149,1291
2019-02-19 21:46:51.718,0.2,buy,3916.14,BTC-29MAR19-5000-C,61.94,0.012,0.2,3,1550612811718,15663148,1290
2019-02-19 21:50:18.447,0.2,buy,3911.73,BTC-29MAR19-5000-C,62.14,0.012,0.2,2,1550613018447,15663238,1292
2019-02-19 21:50:18.447,0.3,buy,3911.73,BTC-29MAR19-5000-C,62.14,0.012,0.3,3,1550613018447,15663239,1293
2019-02-19 21:50:38.788,0.2,buy,3910.08,BTC-29MAR19-5000-C,62.21,0.012,0.2,3,1550613038788,15663381,1294
2019-02-19 21:54:12.070,0.2,sell,3894.48,BTC-29MAR19-5000-C,59.86,0.01,0.2,2,1550613252070,15663938,1295
2019-02-20 11:17:21.934,0.1,buy,3923.37,BTC-29MAR19-5000-C,61.21,0.0115,0.1,0,1550661441934,15689958,1296
2019-02-20 13:23:51.510,0.8,buy,3930.12,BTC-29MAR19-5000-C,61.13,0.0115,0.8,0,1550669031510,15696555,1298
2019-02-20 13:23:51.510,0.2,buy,3930.12,BTC-29MAR19-5000-C,60.38,0.011,0.2,2,1550669031510,15696554,1297
2019-02-20 19:58:15.513,5.0,buy,3924.0,BTC-29MAR19-5000-C,61.67,0.0115,5.0,1,1550692695513,15709461,1299
2019-02-20 19:58:15.534,10.0,sell,3924.0,BTC-29MAR19-5000-C,62.42,0.012,10.0,0,1550692695534,15709462,1300
2019-02-21 11:32:21.533,6.0,sell,3885.37,BTC-29MAR19-5000-C,58.61,0.0085,6.0,2,1550748741533,15741316,1301
2019-02-21 13:37:28.309,0.5,buy,3910.44,BTC-29MAR19-5000-C,59.48,0.0095,0.5,0,1550756248309,15744441,1302
2019-02-21 17:46:32.782,0.3,sell,3893.96,BTC-29MAR19-5000-C,58.48,0.0085,0.3,2,1550771192782,15747680,1303
2019-02-21 22:49:07.873,1.0,buy,3888.96,BTC-29MAR19-5000-C,59.76,0.009000000000000001,1.0,0,1550789347873,15750859,1304
2019-02-21 22:49:07.873,0.1,buy,3888.96,BTC-29MAR19-5000-C,60.61,0.0095,0.1,0,1550789347873,15750860,1305
2019-02-22 08:03:28.688,10.0,sell,3894.86,BTC-29MAR19-5000-C,58.21,0.008,10.0,2,1550822608688,15760163,1306
2019-02-22 08:03:28.688,12.0,sell,3894.86,BTC-29MAR19-5000-C,58.21,0.008,12.0,3,1550822608688,15760164,1307
2019-02-22 08:18:11.916,10.0,sell,3895.01,BTC-29MAR19-5000-C,58.38,0.008,10.0,3,1550823491916,15760542,1308
2019-02-22 09:47:46.698,4.2,buy,3923.27,BTC-29MAR19-5000-C,61.13,0.0105,4.2,1,1550828866698,15766024,1312
2019-02-22 09:47:46.698,0.2,buy,3923.27,BTC-29MAR19-5000-C,61.13,0.0105,0.2,1,1550828866698,15766023,1311
2019-02-22 09:47:46.698,5.0,buy,3923.27,BTC-29MAR19-5000-C,61.13,0.0105,5.0,0,1550828866698,15766022,1310
2019-02-22 09:47:46.698,0.6,buy,3923.27,BTC-29MAR19-5000-C,60.32,0.01,0.6,0,1550828866698,15766021,1309
2019-02-22 12:07:16.110,2.0,sell,3923.82,BTC-29MAR19-5000-C,57.68,0.0085,2.0,2,1550837236110,15768831,1313
2019-02-22 12:40:38.708,1.0,buy,3943.27,BTC-29MAR19-5000-C,57.65,0.009000000000000001,1.0,0,1550839238708,15770985,1314
2019-02-22 13:12:50.857,10.0,buy,3936.94,BTC-29MAR19-5000-C,57.85,0.009000000000000001,10.0,1,1550841170857,15773098,1316
2019-02-22 13:12:50.857,4.0,buy,3936.94,BTC-29MAR19-5000-C,57.85,0.009000000000000001,4.0,1,1550841170857,15773097,1315
2019-02-22 15:52:45.022,1.0,buy,3931.76,BTC-29MAR19-5000-C,60.24,0.01,1.0,0,1550850765022,15782408,1317
2019-02-22 15:52:45.022,1.0,buy,3931.76,BTC-29MAR19-5000-C,60.24,0.01,1.0,1,1550850765022,15782409,1318
2019-02-22 15:53:57.077,4.0,buy,3930.87,BTC-29MAR19-5000-C,60.29,0.01,4.0,1,1550850837077,15782526,1319
2019-02-22 15:58:06.478,5.0,buy,3932.41,BTC-29MAR19-5000-C,60.18,0.01,5.0,1,1550851086478,15782694,1320
2019-02-22 22:52:14.961,10.0,buy,3944.56,BTC-29MAR19-5000-C,59.85,0.01,10.0,1,1550875934961,15788678,1321
2019-02-23 01:54:59.063,1.0,buy,3945.1,BTC-29MAR19-5000-C,60.02,0.01,1.0,1,1550886899063,15792101,1322
2019-02-23 03:38:03.559,1.0,buy,3938.2,BTC-29MAR19-5000-C,60.54,0.01,1.0,1,1550893083559,15793229,1323
2019-02-23 06:42:08.931,10.0,sell,3929.01,BTC-29MAR19-5000-C,59.53,0.009000000000000001,10.0,2,1550904128931,15797025,1324
2019-02-23 11:58:04.684,17.3,buy,3936.93,BTC-29MAR19-5000-C,61.02,0.01,17.3,0,1550923084684,15801757,1325
2019-02-23 13:41:17.576,2.0,sell,3930.45,BTC-29MAR19-5000-C,61.5,0.01,2.0,1,1550929277576,15803403,1326
2019-02-23 16:31:47.162,6.3,sell,3930.03,BTC-29MAR19-5000-C,60.0,0.009000000000000001,6.3,2,1550939507162,15806123,1328
2019-02-23 16:31:47.162,4.3,sell,3930.03,BTC-29MAR19-5000-C,60.87,0.0095,4.3,2,1550939507162,15806122,1327
2019-02-23 16:31:56.064,1.0,sell,3930.02,BTC-29MAR19-5000-C,62.54,0.0105,1.0,0,1550939516064,15806124,1329
2019-02-23 16:55:22.933,1.0,buy,3936.92,BTC-29MAR19-5000-C,62.92,0.011000000000000001,1.0,0,1550940922933,15806430,1330
2019-02-23 16:56:41.027,1.0,buy,3962.16,BTC-29MAR19-5000-C,62.11,0.011000000000000001,1.0,1,1550941001027,15806776,1331
2019-02-23 17:10:04.311,1.0,sell,3984.7,BTC-29MAR19-5000-C,59.99,0.0105,1.0,2,1550941804311,15813722,1332
2019-02-23 17:10:54.870,1.0,sell,3952.71,BTC-29MAR19-5000-C,60.85,0.01,1.0,2,1550941854870,15814396,1333
2019-02-23 17:17:13.726,1.0,buy,3977.47,BTC-29MAR19-5000-C,63.04,0.012,1.0,0,1550942233726,15817438,1334
2019-02-23 17:45:45.851,1.0,sell,4048.37,BTC-29MAR19-5000-C,59.01,0.0115,1.0,2,1550943945851,15824755,1335
2019-02-23 17:47:13.985,6.6000000000000005,buy,4060.56,BTC-29MAR19-5000-C,60.65,0.013000000000000001,6.6000000000000005,0,1550944033985,15825294,1336
2019-02-23 17:47:13.985,18.4,buy,4060.56,BTC-29MAR19-5000-C,61.36,0.0135,18.4,0,1550944033985,15825295,1337
2019-02-23 17:47:56.526,19.0,sell,4057.81,BTC-29MAR19-5000-C,61.43,0.0135,19.0,1,1550944076526,15825883,1338
2019-02-23 17:48:34.276,0.3,buy,4055.1,BTC-29MAR19-5000-C,61.45,0.0135,0.3,1,1550944114276,15826099,1339
2019-02-23 18:01:45.502,0.1,buy,4107.38,BTC-29MAR19-5000-C,62.0,0.016,0.1,0,1550944905502,15830653,1340
2019-02-23 18:01:46.899,0.1,buy,4110.13,BTC-29MAR19-5000-C,61.95,0.016,0.1,1,1550944906899,15830673,1341
2019-02-23 18:36:38.627,1.0,sell,4087.22,BTC-29MAR19-5000-C,61.6,0.015,1.0,2,1550946998627,15837797,1342
2019-02-23 18:39:47.371,1.0,sell,4091.6,BTC-29MAR19-5000-C,61.46,0.015,1.0,3,1550947187371,15837967,1343
2019-02-23 19:19:05.136,1.0,buy,4121.44,BTC-29MAR19-5000-C,61.64,0.016,1.0,0,1550949545136,15840170,1344
2019-02-23 19:20:20.497,4.0,buy,4122.07,BTC-29MAR19-5000-C,62.17,0.0165,4.0,1,1550949620497,15840332,1346
2019-02-23 19:20:20.497,16.0,buy,4122.07,BTC-29MAR19-5000-C,62.17,0.0165,16.0,0,1550949620497,15840331,1345
2019-02-23 19:20:29.473,1.9,buy,4122.32,BTC-29MAR19-5000-C,62.81,0.017,1.9,0,1550949629473,15840350,1347
2019-02-23 19:24:27.472,2.0,buy,4125.07,BTC-29MAR19-5000-C,62.75,0.017,2.0,1,1550949867472,15841350,1348
2019-02-23 20:41:09.142,0.6,buy,4140.1,BTC-29MAR19-5000-C,62.06,0.017,0.6,1,1550954469142,15846518,1349
2019-02-23 20:59:46.088,18.3,buy,4139.14,BTC-29MAR19-5000-C,60.16,0.0155,18.3,2,1550955586088,15848838,1350
2019-02-23 21:01:22.973,1.7,sell,4131.84,BTC-29MAR19-5000-C,59.75,0.015,1.7,2,1550955682973,15848963,1351
2019-02-23 21:55:41.343,1.3,sell,4108.51,BTC-29MAR19-5000-C,60.73,0.015,1.3,3,1550958941343,15850852,1352
2019-02-24 03:38:54.978,1.0,sell,4172.19,BTC-29MAR19-5000-C,58.97,0.0155,1.0,0,1550979534978,15864207,1353
2019-02-24 06:25:03.976,6.9,sell,4166.31,BTC-29MAR19-5000-C,58.3,0.015,6.9,2,1550989503976,15870175,1355
2019-02-24 06:25:03.976,3.1,sell,4166.31,BTC-29MAR19-5000-C,58.94,0.0155,3.1,1,1550989503976,15870174,1354
2019-02-24 07:31:27.586,0.5,sell,4149.41,BTC-29MAR19-5000-C,61.92,0.017,0.5,0,1550993487586,15871500,1356
2019-02-24 14:11:39.636,2.0,sell,3975.34,BTC-29MAR19-5000-C,64.59,0.0125,2.0,2,1551017499636,15891877,1357
2019-02-24 14:11:43.094,2.0,sell,3972.29,BTC-29MAR19-5000-C,64.88,0.0125,2.0,3,1551017503094,15892092,1358
2019-02-24 14:11:43.332,6.0,sell,3972.29,BTC-29MAR19-5000-C,64.88,0.0125,6.0,3,1551017503332,15892101,1359
2019-02-24 14:15:46.286,0.1,sell,3776.95,BTC-29MAR19-5000-C,64.75,0.0065,0.1,2,1551017746286,15900048,1360
2019-02-24 14:15:46.315,0.1,sell,3776.95,BTC-29MAR19-5000-C,64.75,0.0065,0.1,3,1551017746315,15900052,1361
2019-02-24 15:45:56.571,3.0,buy,3786.75,BTC-29MAR19-5000-C,67.93,0.0085,3.0,0,1551023156571,15937507,1362
2019-02-24 17:42:02.863,2.0,buy,3771.05,BTC-29MAR19-5000-C,68.46,0.0085,2.0,1,1551030122863,15952017,1366
2019-02-24 17:42:02.863,8.0,buy,3771.05,BTC-29MAR19-5000-C,67.47,0.008,8.0,3,1551030122863,15952015,1364
2019-02-24 17:42:02.863,10.0,buy,3771.05,BTC-29MAR19-5000-C,68.46,0.0085,10.0,0,1551030122863,15952016,1365
2019-02-24 17:42:02.863,10.0,buy,3771.05,BTC-29MAR19-5000-C,67.47,0.008,10.0,2,1551030122863,15952014,1363
2019-02-24 17:56:44.952,2.0,sell,3757.48,BTC-29MAR19-5000-C,69.08,0.0085,2.0,1,1551031004952,15952468,1367
2019-02-24 17:56:45.367,2.0,sell,3757.48,BTC-29MAR19-5000-C,69.08,0.0085,2.0,1,1551031005367,15952470,1368
2019-02-24 17:56:45.472,2.0,sell,3757.48,BTC-29MAR19-5000-C,69.08,0.0085,2.0,1,1551031005472,15952471,1369
2019-02-24 18:18:37.886,12.5,sell,3753.66,BTC-29MAR19-5000-C,69.35,0.0085,12.5,1,1551032317886,15953499,1370
2019-02-24 18:19:02.258,1.5,sell,3757.82,BTC-29MAR19-5000-C,69.17,0.0085,1.5,1,1551032342258,15953526,1371
2019-02-24 18:24:28.490,2.0,buy,3759.05,BTC-29MAR19-5000-C,67.98,0.008,2.0,2,1551032668490,15953785,1372
2019-02-24 20:18:51.180,2.0,buy,3778.26,BTC-29MAR19-5000-C,67.29,0.008,2.0,3,1551039531180,15956534,1373
2019-02-24 20:43:54.352,1.0,sell,3775.07,BTC-29MAR19-5000-C,66.61,0.0075,1.0,2,1551041034352,15956888,1374
2019-02-24 20:45:03.708,1.0,sell,3774.18,BTC-29MAR19-5000-C,66.61,0.0075,1.0,3,1551041103708,15956918,1375
2019-02-24 20:49:05.181,5.0,buy,3774.09,BTC-29MAR19-5000-C,68.63,0.0085,5.0,0,1551041345181,15956953,1376
2019-02-24 22:10:09.765,1.0,sell,3773.34,BTC-29MAR19-5000-C,65.7,0.006999999999999999,1.0,2,1551046209765,15961765,1377
2019-02-25 02:41:02.560,4.0,sell,3764.1,BTC-29MAR19-5000-C,62.44,0.0055,4.0,2,1551062462560,15971423,1378
2019-02-25 02:57:20.591,10.0,sell,3772.91,BTC-29MAR19-5000-C,65.51,0.006999999999999999,10.0,0,1551063440591,15971939,1379
2019-02-25 04:46:46.750,1.0,buy,3782.96,BTC-29MAR19-5000-C,66.19,0.0075,1.0,0,1551070006750,15974816,1380
2019-02-25 06:00:31.728,5.0,buy,3782.02,BTC-29MAR19-5000-C,68.23,0.0085,5.0,0,1551074431728,15976669,1384
2019-02-25 06:00:31.728,9.0,buy,3782.02,BTC-29MAR19-5000-C,66.21,0.0075,9.0,1,1551074431728,15976666,1381
2019-02-25 06:00:31.728,23.7,buy,3782.02,BTC-29MAR19-5000-C,67.23,0.008,23.7,1,1551074431728,15976668,1383
2019-02-25 06:00:31.728,2.3000000000000003,buy,3782.02,BTC-29MAR19-5000-C,68.23,0.0085,2.3000000000000003,1,1551074431728,15976670,1385
2019-02-25 06:00:31.728,10.0,buy,3782.02,BTC-29MAR19-5000-C,67.23,0.008,10.0,0,1551074431728,15976667,1382
2019-02-25 08:39:15.329,5.0,sell,3768.68,BTC-29MAR19-5000-C,64.77,0.0065,5.0,2,1551083955329,15980749,1386
2019-02-25 08:44:47.849,13.0,sell,3768.78,BTC-29MAR19-5000-C,63.62,0.006,13.0,3,1551084287849,15980782,1388
2019-02-25 08:44:47.849,2.0,sell,3768.78,BTC-29MAR19-5000-C,63.62,0.006,2.0,2,1551084287849,15980781,1387
2019-02-25 15:01:10.481,0.1,buy,3781.27,BTC-29MAR19-5000-C,64.51,0.0065,0.1,0,1551106870481,15990514,1389
2019-02-25 16:18:05.151,9.9,buy,3790.5,BTC-29MAR19-5000-C,64.11,0.0065,9.9,1,1551111485151,15992827,1390
2019-02-25 19:21:32.122,0.1,buy,3848.1,BTC-29MAR19-5000-C,65.12,0.008,0.1,0,1551122492122,16005923,1391
2019-02-26 05:07:43.641,10.0,sell,3777.66,BTC-29MAR19-5000-C,62.72,0.0055,10.0,2,1551157663641,16017816,1392
2019-02-26 05:12:04.181,0.1,buy,3786.17,BTC-29MAR19-5000-C,63.72,0.006,0.1,0,1551157924181,16018660,1393
2019-02-26 05:12:14.103,0.1,buy,3786.12,BTC-29MAR19-5000-C,63.73,0.006,0.1,1,1551157934103,16018669,1394
2019-02-26 16:09:49.627,1.4,sell,3798.26,BTC-29MAR19-5000-C,62.66,0.0055,1.4,2,1551197389627,16035669,1395
2019-02-26 16:09:54.741,1.4,sell,3796.99,BTC-29MAR19-5000-C,62.73,0.0055,1.4,3,1551197394741,16035686,1396
2019-02-26 16:09:59.817,1.4,sell,3797.06,BTC-29MAR19-5000-C,62.74,0.0055,1.4,3,1551197399817,16035694,1397
2019-02-26 16:10:04.848,1.4,sell,3797.0,BTC-29MAR19-5000-C,62.75,0.0055,1.4,3,1551197404848,16035696,1398
2019-02-26 16:53:10.762,4.4,sell,3796.22,BTC-29MAR19-5000-C,62.77,0.0055,4.4,3,1551199990762,16036563,1399
2019-02-26 17:19:27.085,0.1,sell,3793.31,BTC-29MAR19-5000-C,61.57,0.005,0.1,2,1551201567085,16037287,1400
2019-02-26 18:22:07.916,0.1,buy,3806.58,BTC-29MAR19-5000-C,62.29,0.0055,0.1,0,1551205327916,16038775,1401
2019-02-26 18:22:10.796,0.1,buy,3807.09,BTC-29MAR19-5000-C,62.25,0.0055,0.1,1,1551205330796,16038783,1402
2019-02-26 18:31:55.226,0.1,buy,3808.92,BTC-29MAR19-5000-C,62.17,0.0055,0.1,1,1551205915226,16038838,1403
2019-02-26 18:31:57.893,0.1,buy,3808.92,BTC-29MAR19-5000-C,62.16,0.0055,0.1,1,1551205917893,16038840,1404
2019-02-26 19:11:11.659,0.1,buy,3810.04,BTC-29MAR19-5000-C,62.06,0.0055,0.1,1,1551208271659,16039951,1405
2019-02-26 19:24:12.173,1.0,buy,3801.34,BTC-29MAR19-5000-C,62.56,0.0055,1.0,1,1551209052173,16040342,1406
2019-02-26 21:15:25.894,10.0,buy,3799.68,BTC-29MAR19-5000-C,62.54,0.0055,10.0,1,1551215725894,16042175,1407
2019-02-26 21:16:22.865,5.0,sell,3799.82,BTC-29MAR19-5000-C,62.51,0.0055,5.0,1,1551215782865,16042189,1408
2019-02-26 23:35:35.991,0.6,buy,3795.07,BTC-29MAR19-5000-C,61.71,0.005,0.6,2,1551224135991,16043972,1409
2019-02-26 23:35:36.903,0.6,buy,3795.07,BTC-29MAR19-5000-C,61.71,0.005,0.6,3,1551224136903,16043973,1410
2019-02-26 23:35:37.725,0.6,buy,3795.13,BTC-29MAR19-5000-C,61.71,0.005,0.6,3,1551224137725,16043981,1411
2019-02-27 08:05:18.493,0.6,buy,3811.12,BTC-29MAR19-5000-C,61.18,0.005,0.6,3,1551254718493,16051028,1412
2019-02-27 09:24:02.716,0.6,buy,3808.94,BTC-29MAR19-5000-C,60.14,0.0045,0.6,2,1551259442716,16052470,1413
2019-02-27 09:24:03.027,0.6,buy,3808.94,BTC-29MAR19-5000-C,60.14,0.0045,0.6,3,1551259443027,16052471,1414
2019-02-27 09:24:18.245,0.6,buy,3808.67,BTC-29MAR19-5000-C,60.16,0.0045,0.6,3,1551259458245,16052494,1415
2019-02-27 10:24:44.340,8.2,buy,3813.19,BTC-29MAR19-5000-C,59.94,0.0045,8.2,3,1551263084340,16053143,1416
2019-02-27 20:39:00.740,0.6,sell,3735.47,BTC-29MAR19-5000-C,60.4,0.0035,0.6,2,1551299940740,16072751,1417
2019-02-27 20:40:05.181,0.6,sell,3735.11,BTC-29MAR19-5000-C,60.42,0.0035,0.6,3,1551300005181,16073059,1418
2019-02-27 20:45:27.198,0.6,sell,3723.17,BTC-29MAR19-5000-C,60.96,0.0035,0.6,3,1551300327198,16075072,1419
2019-02-27 20:47:30.545,0.5,buy,3730.63,BTC-29MAR19-5000-C,65.21,0.005,0.5,1,1551300450545,16075626,1421
2019-02-27 20:47:30.545,0.1,buy,3730.63,BTC-29MAR19-5000-C,65.21,0.005,0.1,0,1551300450545,16075625,1420
2019-02-27 20:47:31.096,0.6,buy,3730.66,BTC-29MAR19-5000-C,65.2,0.005,0.6,1,1551300451096,16075635,1422
2019-02-27 20:47:32.389,0.1,buy,3730.66,BTC-29MAR19-5000-C,65.2,0.005,0.1,1,1551300452389,16075652,1423
2019-02-27 20:47:32.389,0.5,buy,3730.66,BTC-29MAR19-5000-C,65.2,0.005,0.5,1,1551300452389,16075653,1424
2019-02-27 20:47:33.690,0.6,buy,3730.66,BTC-29MAR19-5000-C,65.2,0.005,0.6,1,1551300453690,16075660,1425
2019-02-27 20:47:34.598,0.6,buy,3730.2,BTC-29MAR19-5000-C,66.54,0.0055,0.6,0,1551300454598,16075667,1426
2019-02-27 20:47:35.333,0.6,buy,3730.2,BTC-29MAR19-5000-C,66.54,0.0055,0.6,1,1551300455333,16075675,1427
2019-02-27 20:47:36.173,0.6,buy,3729.56,BTC-29MAR19-5000-C,66.57,0.0055,0.6,1,1551300456173,16075689,1428
2019-02-27 20:48:18.758,0.1,sell,3722.82,BTC-29MAR19-5000-C,65.62,0.005,0.1,2,1551300498758,16075848,1429
2019-02-27 20:50:36.480,0.1,buy,3731.17,BTC-29MAR19-5000-C,62.31,0.004,0.1,2,1551300636480,16076273,1430
2019-02-27 20:50:38.697,0.1,sell,3730.17,BTC-29MAR19-5000-C,62.36,0.004,0.1,3,1551300638697,16076298,1431
2019-02-27 21:22:43.287,1.0,sell,3737.59,BTC-29MAR19-5000-C,62.07,0.004,1.0,3,1551302563287,16079017,1432
2019-02-28 06:44:43.031,1.0,buy,3806.51,BTC-29MAR19-5000-C,62.34,0.005,1.0,0,1551336283031,16094842,1433
2019-03-01 07:13:58.669,0.1,sell,3799.52,BTC-29MAR19-5000-C,59.14,0.0035,0.1,2,1551424438669,16143549,1434
2019-03-01 07:13:59.953,0.1,sell,3799.08,BTC-29MAR19-5000-C,59.15,0.0035,0.1,3,1551424439953,16143550,1435
2019-03-01 07:14:02.466,0.1,sell,3799.24,BTC-29MAR19-5000-C,59.16,0.0035,0.1,3,1551424442466,16143551,1436
2019-03-01 12:03:07.140,0.7000000000000001,sell,3809.77,BTC-29MAR19-5000-C,58.81,0.0035,0.7000000000000001,3,1551441787140,16149343,1437
2019-03-01 12:03:07.140,0.3,sell,3809.77,BTC-29MAR19-5000-C,58.81,0.0035,0.3,3,1551441787140,16149344,1438
2019-03-01 14:01:08.280,300.0,buy,3817.29,BTC-29MAR19-5000-C,60.2,0.004,300.0,1,1551448868280,16150320,1440
2019-03-01 14:01:08.280,0.5,buy,3817.29,BTC-29MAR19-5000-C,60.2,0.004,0.5,0,1551448868280,16150319,1439
2019-03-01 15:21:33.819,100.0,buy,3817.47,BTC-29MAR19-5000-C,60.35,0.004,100.0,1,1551453693819,16151387,1443
2019-03-01 15:21:33.819,0.1,buy,3817.47,BTC-29MAR19-5000-C,60.35,0.004,0.1,1,1551453693819,16151386,1442
2019-03-01 15:21:33.819,0.5,buy,3817.47,BTC-29MAR19-5000-C,60.35,0.004,0.5,1,1551453693819,16151385,1441
2019-03-01 17:22:44.763,0.1,sell,3834.4,BTC-29MAR19-5000-C,58.14,0.0035,0.1,2,1551460964763,16153449,1444
2019-03-01 17:22:51.133,0.1,sell,3834.36,BTC-29MAR19-5000-C,58.14,0.0035,0.1,3,1551460971133,16153450,1445
2019-03-01 17:24:54.690,0.1,sell,3838.59,BTC-29MAR19-5000-C,57.85,0.0035,0.1,3,1551461094690,16153558,1446
2019-03-01 17:25:01.260,0.1,sell,3838.57,BTC-29MAR19-5000-C,57.84,0.0035,0.1,3,1551461101260,16153565,1447
2019-03-01 17:39:16.054,0.1,sell,3839.81,BTC-29MAR19-5000-C,57.86,0.0035,0.1,3,1551461956054,16153972,1448
2019-03-01 17:39:17.412,0.1,sell,3839.81,BTC-29MAR19-5000-C,57.86,0.0035,0.1,3,1551461957412,16153973,1449
2019-03-01 17:39:18.199,0.1,sell,3839.81,BTC-29MAR19-5000-C,57.86,0.0035,0.1,3,1551461958199,16153974,1450
2019-03-01 17:39:20.692,0.1,sell,3839.71,BTC-29MAR19-5000-C,57.87,0.0035,0.1,3,1551461960692,16153975,1451
2019-03-01 18:29:31.395,100.0,buy,3830.29,BTC-29MAR19-5000-C,59.8,0.004,100.0,0,1551464971395,16155130,1452
2019-03-01 18:43:30.584,282.3,buy,3832.84,BTC-29MAR19-5000-C,59.75,0.004,282.3,1,1551465810584,16155237,1453
2019-03-02 01:58:55.985,10.0,buy,3813.22,BTC-29MAR19-5000-C,62.41,0.0045,10.0,0,1551491935985,16162624,1454
2019-03-03 15:50:25.621,1.0,sell,3786.52,BTC-29MAR19-5000-C,60.56,0.003,1.0,2,1551628225621,16193953,1455
2019-03-03 15:50:25.621,3.7,sell,3786.52,BTC-29MAR19-5000-C,60.56,0.003,3.7,3,1551628225621,16193954,1456
2019-03-03 19:25:24.743,0.1,buy,3790.67,BTC-29MAR19-5000-C,64.14,0.004,0.1,1,1551641124743,16197270,1458
2019-03-03 19:25:24.743,1.0,buy,3790.67,BTC-29MAR19-5000-C,64.14,0.004,1.0,0,1551641124743,16197269,1457
2019-03-03 19:25:24.743,1.9,buy,3790.67,BTC-29MAR19-5000-C,64.14,0.004,1.9,1,1551641124743,16197271,1459
2019-03-04 05:19:18.600,5.1000000000000005,sell,3702.18,BTC-29MAR19-5000-C,65.02,0.003,5.1000000000000005,2,1551676758600,16216103,1460
2019-03-04 09:19:59.721,1.0,sell,3717.04,BTC-29MAR19-5000-C,62.44,0.0025,1.0,2,1551691199721,16224197,1461
2019-03-04 11:12:31.735,0.1,sell,3695.53,BTC-29MAR19-5000-C,63.62,0.0025,0.1,3,1551697951735,16232695,1462
2019-03-04 11:22:06.094,0.1,sell,3703.04,BTC-29MAR19-5000-C,60.88,0.002,0.1,2,1551698526094,16233830,1463
2019-03-04 11:22:06.286,0.1,sell,3703.04,BTC-29MAR19-5000-C,60.88,0.002,0.1,3,1551698526286,16233832,1464
2019-03-04 11:22:06.426,0.1,sell,3703.04,BTC-29MAR19-5000-C,60.88,0.002,0.1,3,1551698526426,16233834,1465
2019-03-04 11:22:06.699,0.1,sell,3703.04,BTC-29MAR19-5000-C,60.88,0.002,0.1,3,1551698526699,16233836,1466
2019-03-04 11:22:07.013,0.1,sell,3703.04,BTC-29MAR19-5000-C,60.87,0.002,0.1,3,1551698527013,16233838,1467
2019-03-04 11:22:07.421,0.1,sell,3703.04,BTC-29MAR19-5000-C,60.87,0.002,0.1,3,1551698527421,16233840,1468
2019-03-04 11:22:07.662,0.1,sell,3703.04,BTC-29MAR19-5000-C,60.87,0.002,0.1,3,1551698527662,16233842,1469
2019-03-04 11:22:08.115,0.1,sell,3703.04,BTC-29MAR19-5000-C,60.87,0.002,0.1,3,1551698528115,16233846,1470
2019-03-04 11:22:09.190,0.1,sell,3703.04,BTC-29MAR19-5000-C,60.87,0.002,0.1,3,1551698529190,16233849,1471
2019-03-04 11:22:10.042,0.1,sell,3704.48,BTC-29MAR19-5000-C,60.8,0.002,0.1,3,1551698530042,16233851,1472
2019-03-04 11:22:10.239,0.1,sell,3704.48,BTC-29MAR19-5000-C,60.8,0.002,0.1,3,1551698530239,16233853,1473
2019-03-04 11:22:10.959,0.1,sell,3704.48,BTC-29MAR19-5000-C,60.8,0.002,0.1,3,1551698530959,16233855,1474
2019-03-04 11:22:11.222,0.1,sell,3704.48,BTC-29MAR19-5000-C,60.8,0.002,0.1,3,1551698531222,16233857,1475
2019-03-04 11:22:11.364,0.1,sell,3704.48,BTC-29MAR19-5000-C,60.8,0.002,0.1,3,1551698531364,16233859,1476
2019-03-04 11:22:11.592,0.1,sell,3704.48,BTC-29MAR19-5000-C,60.8,0.002,0.1,3,1551698531592,16233861,1477
2019-03-04 11:22:11.754,0.1,sell,3704.48,BTC-29MAR19-5000-C,60.8,0.002,0.1,3,1551698531754,16233863,1478
2019-03-04 11:27:32.999,0.1,sell,3703.31,BTC-29MAR19-5000-C,60.91,0.002,0.1,3,1551698852999,16233934,1479
2019-03-04 11:27:33.087,0.1,sell,3703.31,BTC-29MAR19-5000-C,60.91,0.002,0.1,3,1551698853087,16233936,1480
2019-03-04 11:27:33.207,0.1,sell,3703.31,BTC-29MAR19-5000-C,60.91,0.002,0.1,3,1551698853207,16233938,1481
2019-03-04 15:25:56.329,0.1,sell,3709.3,BTC-29MAR19-5000-C,60.78,0.002,0.1,3,1551713156329,16238295,1482
2019-03-04 15:25:56.459,0.1,sell,3709.3,BTC-29MAR19-5000-C,60.78,0.002,0.1,3,1551713156459,16238296,1483
2019-03-04 15:25:57.274,0.1,sell,3708.79,BTC-29MAR19-5000-C,60.79,0.002,0.1,3,1551713157274,16238297,1484
2019-03-04 17:06:48.962,0.1,sell,3714.32,BTC-29MAR19-5000-C,60.62,0.002,0.1,3,1551719208962,16240213,1485
2019-03-04 17:06:49.033,0.1,sell,3714.32,BTC-29MAR19-5000-C,60.62,0.002,0.1,3,1551719209033,16240215,1486
2019-03-04 17:06:49.170,0.1,sell,3714.32,BTC-29MAR19-5000-C,60.62,0.002,0.1,3,1551719209170,16240219,1487
2019-03-04 17:06:49.504,0.1,sell,3714.32,BTC-29MAR19-5000-C,60.62,0.002,0.1,3,1551719209504,16240222,1488
2019-03-04 17:06:49.998,0.1,sell,3714.32,BTC-29MAR19-5000-C,60.62,0.002,0.1,3,1551719209998,16240225,1489
2019-03-04 17:06:50.312,0.1,sell,3714.32,BTC-29MAR19-5000-C,60.62,0.002,0.1,3,1551719210312,16240228,1490
2019-03-04 17:06:50.496,0.1,sell,3714.32,BTC-29MAR19-5000-C,60.62,0.002,0.1,3,1551719210496,16240230,1491
2019-03-04 17:06:50.878,0.1,sell,3714.32,BTC-29MAR19-5000-C,60.62,0.002,0.1,3,1551719210878,16240231,1492
2019-03-04 17:06:51.447,0.1,sell,3714.32,BTC-29MAR19-5000-C,60.62,0.002,0.1,3,1551719211447,16240232,1493
2019-03-04 17:06:51.557,0.1,sell,3714.32,BTC-29MAR19-5000-C,60.62,0.002,0.1,3,1551719211557,16240233,1494
2019-03-04 17:06:51.666,0.1,sell,3714.51,BTC-29MAR19-5000-C,60.61,0.002,0.1,3,1551719211666,16240234,1495
2019-03-04 17:06:51.735,0.1,sell,3714.51,BTC-29MAR19-5000-C,60.61,0.002,0.1,3,1551719211735,16240235,1496
2019-03-04 17:06:51.804,0.1,sell,3714.51,BTC-29MAR19-5000-C,60.61,0.002,0.1,3,1551719211804,16240236,1497
2019-03-04 17:06:51.893,0.1,sell,3714.51,BTC-29MAR19-5000-C,60.61,0.002,0.1,3,1551719211893,16240237,1498
2019-03-04 22:18:01.457,0.1,sell,3704.54,BTC-29MAR19-5000-C,61.3,0.002,0.1,3,1551737881457,16244512,1499
2019-03-04 22:18:01.575,0.1,sell,3704.54,BTC-29MAR19-5000-C,61.3,0.002,0.1,3,1551737881575,16244513,1500
2019-03-04 22:18:01.756,0.1,sell,3704.54,BTC-29MAR19-5000-C,61.3,0.002,0.1,3,1551737881756,16244514,1501
2019-03-04 22:18:01.939,0.1,sell,3704.54,BTC-29MAR19-5000-C,61.3,0.002,0.1,3,1551737881939,16244515,1502
2019-03-04 22:37:46.373,0.1,sell,3698.63,BTC-29MAR19-5000-C,61.43,0.002,0.1,3,1551739066373,16244736,1503
2019-03-04 22:37:46.504,0.1,sell,3698.63,BTC-29MAR19-5000-C,61.43,0.002,0.1,3,1551739066504,16244742,1504
2019-03-04 22:37:46.984,0.1,sell,3698.63,BTC-29MAR19-5000-C,61.43,0.002,0.1,3,1551739066984,16244746,1505
2019-03-04 22:56:06.612,0.1,sell,3691.31,BTC-29MAR19-5000-C,61.87,0.002,0.1,3,1551740166612,16245026,1506
2019-03-04 22:56:06.912,0.1,sell,3691.31,BTC-29MAR19-5000-C,61.91,0.002,0.1,3,1551740166912,16245027,1507
2019-03-04 22:56:10.036,0.1,sell,3691.07,BTC-29MAR19-5000-C,61.93,0.002,0.1,3,1551740170036,16245041,1508
2019-03-04 22:56:10.323,0.1,sell,3691.07,BTC-29MAR19-5000-C,61.93,0.002,0.1,3,1551740170323,16245042,1509
2019-03-05 03:38:07.495,0.1,sell,3695.71,BTC-29MAR19-5000-C,61.62,0.002,0.1,3,1551757087495,16248439,1510
2019-03-05 04:09:41.239,0.1,sell,3698.3,BTC-29MAR19-5000-C,61.65,0.002,0.1,3,1551758981239,16248847,1511
2019-03-05 04:09:46.909,0.1,sell,3700.11,BTC-29MAR19-5000-C,61.58,0.002,0.1,3,1551758986909,16248848,1512
2019-03-05 04:09:47.188,0.1,sell,3700.11,BTC-29MAR19-5000-C,61.58,0.002,0.1,3,1551758987188,16248849,1513
2019-03-05 04:32:29.567,0.1,sell,3701.36,BTC-29MAR19-5000-C,61.5,0.002,0.1,3,1551760349567,16249016,1514
2019-03-05 04:32:29.649,0.1,sell,3701.36,BTC-29MAR19-5000-C,61.5,0.002,0.1,3,1551760349649,16249017,1515
2019-03-05 04:32:29.711,0.1,sell,3701.36,BTC-29MAR19-5000-C,61.5,0.002,0.1,3,1551760349711,16249018,1516
2019-03-05 04:32:29.964,0.1,sell,3701.36,BTC-29MAR19-5000-C,61.5,0.002,0.1,3,1551760349964,16249019,1517
2019-03-05 04:32:30.362,0.1,sell,3701.36,BTC-29MAR19-5000-C,61.5,0.002,0.1,3,1551760350362,16249020,1518
2019-03-05 04:32:30.507,0.1,sell,3701.36,BTC-29MAR19-5000-C,61.5,0.002,0.1,3,1551760350507,16249021,1519
2019-03-05 04:32:30.691,0.1,sell,3701.36,BTC-29MAR19-5000-C,61.5,0.002,0.1,3,1551760350691,16249022,1520
2019-03-05 06:48:46.363,0.1,sell,3710.08,BTC-29MAR19-5000-C,61.15,0.002,0.1,3,1551768526363,16250372,1521
2019-03-05 06:48:46.485,0.1,sell,3710.08,BTC-29MAR19-5000-C,61.15,0.002,0.1,3,1551768526485,16250373,1522
2019-03-05 06:48:46.683,0.1,sell,3710.08,BTC-29MAR19-5000-C,61.15,0.002,0.1,3,1551768526683,16250374,1523
2019-03-05 06:48:46.979,0.1,sell,3710.08,BTC-29MAR19-5000-C,61.15,0.002,0.1,3,1551768526979,16250375,1524
2019-03-05 06:48:47.270,0.1,sell,3710.08,BTC-29MAR19-5000-C,61.15,0.002,0.1,3,1551768527270,16250376,1525
2019-03-05 06:48:47.742,0.1,sell,3710.08,BTC-29MAR19-5000-C,61.15,0.002,0.1,3,1551768527742,16250378,1526
2019-03-05 06:48:48.356,0.1,sell,3710.08,BTC-29MAR19-5000-C,61.15,0.002,0.1,3,1551768528356,16250380,1527
2019-03-05 06:48:48.929,0.1,sell,3710.08,BTC-29MAR19-5000-C,61.15,0.002,0.1,3,1551768528929,16250382,1528
2019-03-05 06:48:50.043,0.1,sell,3710.1,BTC-29MAR19-5000-C,61.16,0.002,0.1,3,1551768530043,16250387,1529
2019-03-05 11:29:49.793,5.2,sell,3722.55,BTC-29MAR19-5000-C,60.82,0.002,5.2,3,1551785389793,16254544,1530
2019-03-05 11:29:49.793,100.0,sell,3722.55,BTC-29MAR19-5000-C,60.82,0.002,100.0,3,1551785389793,16254545,1531
2019-03-05 13:54:44.172,0.1,buy,3840.2,BTC-29MAR19-5000-C,58.28,0.0025,0.1,0,1551794084172,16270220,1532
2019-03-05 13:59:23.927,0.1,buy,3830.8,BTC-29MAR19-5000-C,58.61,0.0025,0.1,1,1551794363927,16272449,1533
2019-03-05 13:59:23.996,0.1,buy,3830.8,BTC-29MAR19-5000-C,58.61,0.0025,0.1,1,1551794363996,16272450,1534
2019-03-05 13:59:24.337,0.1,buy,3830.8,BTC-29MAR19-5000-C,58.61,0.0025,0.1,1,1551794364337,16272451,1535
2019-03-05 13:59:24.736,0.1,buy,3830.8,BTC-29MAR19-5000-C,58.61,0.0025,0.1,1,1551794364736,16272454,1536
2019-03-05 13:59:24.888,0.1,buy,3830.8,BTC-29MAR19-5000-C,58.6,0.0025,0.1,1,1551794364888,16272456,1537
2019-03-05 13:59:25.011,0.1,buy,3830.8,BTC-29MAR19-5000-C,58.6,0.0025,0.1,1,1551794365011,16272457,1538
2019-03-05 13:59:25.150,0.1,buy,3830.8,BTC-29MAR19-5000-C,58.6,0.0025,0.1,1,1551794365150,16272458,1539
2019-03-05 13:59:25.366,0.1,buy,3830.8,BTC-29MAR19-5000-C,58.6,0.0025,0.1,1,1551794365366,16272459,1540
2019-03-05 13:59:25.477,0.1,buy,3830.8,BTC-29MAR19-5000-C,58.6,0.0025,0.1,1,1551794365477,16272460,1541
2019-03-05 16:13:05.881,9.9,buy,3861.12,BTC-29MAR19-5000-C,59.22,0.003,9.9,1,1551802385881,16286097,1543
2019-03-05 16:13:05.881,0.1,buy,3861.12,BTC-29MAR19-5000-C,59.22,0.003,0.1,0,1551802385881,16286096,1542
2019-03-05 16:13:13.826,0.1,buy,3863.69,BTC-29MAR19-5000-C,59.1,0.003,0.1,1,1551802393826,16286120,1544
2019-03-05 16:36:23.548,10.0,buy,3865.62,BTC-29MAR19-5000-C,60.82,0.0035,10.0,0,1551803783548,16287801,1545
2019-03-06 05:28:01.756,9.9,buy,3824.66,BTC-29MAR19-5000-C,63.42,0.0035,9.9,0,1551850081756,16305054,1547
2019-03-06 05:28:01.756,0.1,buy,3824.66,BTC-29MAR19-5000-C,61.55,0.003,0.1,2,1551850081756,16305053,1546
2019-03-06 05:28:36.486,16.0,sell,3825.44,BTC-29MAR19-5000-C,57.16,0.002,16.0,2,1551850116486,16305059,1549
2019-03-06 05:28:36.486,20.8,sell,3825.44,BTC-29MAR19-5000-C,54.47,0.0015,20.8,3,1551850116486,16305062,1552
2019-03-06 05:28:36.486,3.1,sell,3825.44,BTC-29MAR19-5000-C,59.47,0.0025,3.1,2,1551850116486,16305058,1548
2019-03-06 05:28:36.486,0.1,sell,3825.44,BTC-29MAR19-5000-C,54.47,0.0015,0.1,3,1551850116486,16305061,1551
2019-03-06 05:28:36.486,10.0,sell,3825.44,BTC-29MAR19-5000-C,54.47,0.0015,10.0,2,1551850116486,16305060,1550
2019-03-06 10:45:31.330,10.0,buy,3891.32,BTC-29MAR19-5000-C,56.75,0.0025,10.0,0,1551869131330,16313679,1553
2019-03-06 19:02:46.468,0.1,sell,3848.51,BTC-29MAR19-5000-C,56.73,0.002,0.1,2,1551898966468,16326824,1554
2019-03-06 23:38:49.084,0.3,sell,3854.21,BTC-29MAR19-5000-C,56.73,0.002,0.3,3,1551915529084,16328690,1555
2019-03-07 17:11:00.750,10.0,buy,3876.76,BTC-29MAR19-5000-C,56.59,0.002,10.0,3,1551978660750,16359224,1556
2019-03-07 17:11:00.750,5.0,buy,3876.76,BTC-29MAR19-5000-C,56.59,0.002,5.0,3,1551978660750,16359225,1557
2019-03-07 17:24:12.646,0.3,sell,3866.47,BTC-29MAR19-5000-C,54.29,0.0015,0.3,2,1551979452646,16359738,1558
2019-03-07 17:24:31.074,0.3,sell,3865.58,BTC-29MAR19-5000-C,54.41,0.0015,0.3,3,1551979471074,16359744,1559
2019-03-07 22:12:51.965,0.5,buy,3872.24,BTC-29MAR19-5000-C,57.09,0.002,0.5,0,1551996771965,16362869,1560
2019-03-07 22:21:26.829,0.5,buy,3861.95,BTC-29MAR19-5000-C,57.48,0.002,0.5,1,1551997286829,16363225,1561
2019-03-07 23:20:33.604,0.3,sell,3858.2,BTC-29MAR19-5000-C,55.1,0.0015,0.3,2,1552000833604,16363703,1562
2019-03-07 23:20:33.797,0.3,sell,3858.2,BTC-29MAR19-5000-C,55.1,0.0015,0.3,3,1552000833797,16363704,1563
2019-03-07 23:20:33.878,0.3,sell,3858.2,BTC-29MAR19-5000-C,55.1,0.0015,0.3,3,1552000833878,16363705,1564
2019-03-07 23:29:46.954,13.5,sell,3857.14,BTC-29MAR19-5000-C,55.09,0.0015,13.5,3,1552001386954,16363852,1565
2019-03-08 08:02:46.711,2.0,buy,3870.22,BTC-29MAR19-5000-C,55.16,0.0015,2.0,3,1552032166711,16378099,1566
2019-03-08 16:13:57.432,1.0,buy,3888.68,BTC-29MAR19-5000-C,54.83,0.0015,1.0,3,1552061637432,16389015,1567
2019-03-08 16:18:22.641,4.0,buy,3886.68,BTC-29MAR19-5000-C,54.94,0.0015,4.0,3,1552061902641,16389068,1568
2019-03-08 16:32:46.945,0.3,buy,3883.58,BTC-29MAR19-5000-C,55.07,0.0015,0.3,3,1552062766945,16389659,1570
2019-03-08 16:32:46.945,3.0,buy,3883.58,BTC-29MAR19-5000-C,55.07,0.0015,3.0,3,1552062766945,16389658,1569
2019-03-08 16:32:46.945,10.0,buy,3883.58,BTC-29MAR19-5000-C,57.83,0.002,10.0,1,1552062766945,16389661,1572
2019-03-08 16:32:46.945,10.0,buy,3883.58,BTC-29MAR19-5000-C,57.83,0.002,10.0,0,1552062766945,16389660,1571
2019-03-08 16:32:46.945,8.8,buy,3883.58,BTC-29MAR19-5000-C,57.83,0.002,8.8,1,1552062766945,16389663,1574
2019-03-08 16:32:46.945,7.9,buy,3883.58,BTC-29MAR19-5000-C,57.83,0.002,7.9,1,1552062766945,16389662,1573
2019-03-08 20:51:01.038,5.0,buy,3895.74,BTC-29MAR19-5000-C,57.43,0.002,5.0,1,1552078261038,16393831,1575
2019-03-08 23:02:29.328,0.3,sell,3828.66,BTC-29MAR19-5000-C,57.9,0.0015,0.3,3,1552086149328,16405971,1578
2019-03-08 23:02:29.328,20.0,sell,3828.66,BTC-29MAR19-5000-C,57.9,0.0015,20.0,2,1552086149328,16405969,1576
2019-03-08 23:02:29.328,11.8,sell,3828.66,BTC-29MAR19-5000-C,57.9,0.0015,11.8,3,1552086149328,16405970,1577
2019-03-09 06:21:01.903,0.3,buy,3888.37,BTC-29MAR19-5000-C,55.79,0.0015,0.3,3,1552112461903,16414267,1579
2019-03-09 06:21:02.302,0.3,buy,3888.37,BTC-29MAR19-5000-C,55.79,0.0015,0.3,3,1552112462302,16414272,1580
2019-03-09 06:57:45.964,0.3,buy,3893.41,BTC-29MAR19-5000-C,55.32,0.0015,0.3,3,1552114665964,16415716,1581
2019-03-09 07:28:46.553,2.5,buy,3905.22,BTC-29MAR19-5000-C,54.89,0.0015,2.5,3,1552116526553,16419340,1582
2019-03-09 09:41:38.685,0.3,buy,3898.99,BTC-29MAR19-5000-C,55.33,0.0015,0.3,3,1552124498685,16422675,1583
2019-03-09 09:41:38.742,0.3,buy,3898.99,BTC-29MAR19-5000-C,55.33,0.0015,0.3,3,1552124498742,16422677,1584
2019-03-09 16:15:01.120,0.3,sell,3938.31,BTC-29MAR19-5000-C,54.11,0.0015,0.3,3,1552148101120,16437742,1585
2019-03-10 03:00:39.345,14.7,buy,3907.12,BTC-29MAR19-5000-C,59.07,0.002,14.7,1,1552186839345,16451065,1588
2019-03-10 03:00:39.345,0.3,buy,3907.12,BTC-29MAR19-5000-C,59.07,0.002,0.3,1,1552186839345,16451064,1587
2019-03-10 03:00:39.345,10.0,buy,3907.12,BTC-29MAR19-5000-C,59.07,0.002,10.0,0,1552186839345,16451063,1586
2019-03-10 03:07:41.896,19.7,buy,3902.1,BTC-29MAR19-5000-C,59.33,0.002,19.7,1,1552187261896,16451145,1591
2019-03-10 03:07:41.896,10.0,buy,3902.1,BTC-29MAR19-5000-C,59.33,0.002,10.0,1,1552187261896,16451144,1590
2019-03-10 03:07:41.896,0.3,buy,3902.1,BTC-29MAR19-5000-C,59.33,0.002,0.3,1,1552187261896,16451143,1589
2019-03-10 04:27:31.534,45.0,buy,3896.87,BTC-29MAR19-5000-C,59.62,0.002,45.0,1,1552192051534,16452691,1594
2019-03-10 04:27:31.534,0.3,buy,3896.87,BTC-29MAR19-5000-C,59.62,0.002,0.3,1,1552192051534,16452689,1592
2019-03-10 04:27:31.534,10.0,buy,3896.87,BTC-29MAR19-5000-C,59.62,0.002,10.0,1,1552192051534,16452690,1593
2019-03-10 04:57:38.118,0.7000000000000001,buy,3898.93,BTC-29MAR19-5000-C,59.56,0.002,0.7000000000000001,1,1552193858118,16453161,1596
2019-03-10 04:57:38.118,0.3,buy,3898.93,BTC-29MAR19-5000-C,59.56,0.002,0.3,1,1552193858118,16453160,1595
2019-03-10 04:59:34.750,0.3,buy,3899.77,BTC-29MAR19-5000-C,59.6,0.002,0.3,1,1552193974750,16453175,1598
2019-03-10 04:59:34.750,31.9,buy,3899.77,BTC-29MAR19-5000-C,59.6,0.002,31.9,1,1552193974750,16453176,1599
2019-03-10 04:59:34.750,9.3,buy,3899.77,BTC-29MAR19-5000-C,59.6,0.002,9.3,1,1552193974750,16453174,1597
2019-03-10 05:00:00.702,0.3,buy,3899.15,BTC-29MAR19-5000-C,59.62,0.002,0.3,1,1552194000702,16453182,1600
2019-03-10 05:00:15.728,0.3,buy,3898.3,BTC-29MAR19-5000-C,59.62,0.002,0.3,1,1552194015728,16453192,1601
2019-03-10 05:00:35.848,5.0,buy,3896.83,BTC-29MAR19-5000-C,59.7,0.002,5.0,1,1552194035848,16453194,1603
2019-03-10 05:00:35.848,0.3,buy,3896.83,BTC-29MAR19-5000-C,59.7,0.002,0.3,1,1552194035848,16453193,1602
2019-03-10 15:04:53.621,0.2,buy,3894.45,BTC-29MAR19-5000-C,60.43,0.002,0.2,1,1552230293621,16462832,1604
2019-03-10 16:47:58.096,4.8,buy,3878.75,BTC-29MAR19-5000-C,61.32,0.002,4.8,1,1552236478096,16464631,1605
2019-03-10 16:47:58.096,4.2,buy,3878.75,BTC-29MAR19-5000-C,61.32,0.002,4.2,1,1552236478096,16464633,1607
2019-03-10 16:47:58.096,1.0,buy,3878.75,BTC-29MAR19-5000-C,61.32,0.002,1.0,1,1552236478096,16464632,1606
2019-03-10 21:37:10.419,10.0,buy,3898.02,BTC-29MAR19-5000-C,60.82,0.002,10.0,1,1552253830419,16467012,1608
2019-03-10 21:38:04.392,10.0,buy,3897.32,BTC-29MAR19-5000-C,60.84,0.002,10.0,1,1552253884392,16467019,1609
2019-03-10 21:58:19.855,0.1,sell,3893.73,BTC-29MAR19-5000-C,57.98,0.0015,0.1,2,1552255099855,16467151,1610
2019-03-10 22:09:24.744,10.0,buy,3894.77,BTC-29MAR19-5000-C,60.89,0.002,10.0,0,1552255764744,16467237,1611
2019-03-10 22:16:50.953,10.0,buy,3894.93,BTC-29MAR19-5000-C,60.87,0.002,10.0,1,1552256210953,16467284,1612
2019-03-10 22:16:50.953,10.0,buy,3894.93,BTC-29MAR19-5000-C,60.87,0.002,10.0,1,1552256210953,16467285,1613
2019-03-10 22:41:57.492,0.1,sell,3904.04,BTC-29MAR19-5000-C,57.55,0.0015,0.1,2,1552257717492,16467723,1614
2019-03-11 08:03:36.853,1.0,buy,3864.33,BTC-29MAR19-5000-C,60.08,0.0015,1.0,3,1552291416853,16480011,1615
2019-03-11 08:03:36.853,0.1,buy,3864.33,BTC-29MAR19-5000-C,60.08,0.0015,0.1,3,1552291416853,16480012,1616
2019-03-11 08:56:53.876,0.1,buy,3871.01,BTC-29MAR19-5000-C,62.83,0.002,0.1,0,1552294613876,16480816,1617
2019-03-11 09:42:09.406,10.0,buy,3873.42,BTC-29MAR19-5000-C,59.88,0.0015,10.0,2,1552297329406,16481832,1618
2019-03-11 10:20:56.632,10.0,buy,3869.64,BTC-29MAR19-5000-C,60.09,0.0015,10.0,3,1552299656632,16482341,1619
2019-03-11 10:21:12.772,10.0,buy,3869.51,BTC-29MAR19-5000-C,60.1,0.0015,10.0,3,1552299672772,16482344,1620
2019-03-11 14:40:05.977,37.1,buy,3838.67,BTC-29MAR19-5000-C,61.83,0.0015,37.1,3,1552315205977,16492287,1623
2019-03-11 14:40:05.977,2.0,buy,3838.67,BTC-29MAR19-5000-C,61.83,0.0015,2.0,3,1552315205977,16492286,1622
2019-03-11 14:40:05.977,10.0,buy,3838.67,BTC-29MAR19-5000-C,61.83,0.0015,10.0,3,1552315205977,16492285,1621
2019-03-11 14:43:25.213,10.0,buy,3838.9,BTC-29MAR19-5000-C,61.83,0.0015,10.0,3,1552315405213,16492316,1624
2019-03-11 14:43:25.213,8.6,buy,3838.9,BTC-29MAR19-5000-C,61.83,0.0015,8.6,3,1552315405213,16492317,1625
2019-03-11 18:39:41.668,20.0,sell,3847.44,BTC-29MAR19-5000-C,57.82,0.001,20.0,2,1552329581668,16496041,1626
2019-03-11 18:39:41.668,0.3,sell,3847.44,BTC-29MAR19-5000-C,57.82,0.001,0.3,3,1552329581668,16496042,1627
2019-03-12 14:40:00.042,0.1,sell,3861.9,BTC-29MAR19-5000-C,58.74,0.001,0.1,3,1552401600042,16521354,1628
2019-03-12 16:52:45.565,10.0,buy,3857.49,BTC-29MAR19-5000-C,62.86,0.0015,10.0,0,1552409565565,16523894,1629
2019-03-12 16:52:45.565,0.3,buy,3857.49,BTC-29MAR19-5000-C,62.86,0.0015,0.3,1,1552409565565,16523895,1630
2019-03-12 16:52:45.565,9.7,buy,3857.49,BTC-29MAR19-5000-C,62.86,0.0015,9.7,1,1552409565565,16523896,1631
2019-03-12 17:17:44.389,10.0,buy,3861.18,BTC-29MAR19-5000-C,62.8,0.0015,10.0,1,1552411064389,16524086,1633
2019-03-12 17:17:44.389,9.7,buy,3861.18,BTC-29MAR19-5000-C,62.8,0.0015,9.7,1,1552411064389,16524087,1634
2019-03-12 17:17:44.389,0.3,buy,3861.18,BTC-29MAR19-5000-C,62.8,0.0015,0.3,1,1552411064389,16524085,1632
2019-03-13 01:42:20.355,2.5,buy,3858.45,BTC-29MAR19-5000-C,63.77,0.0015,2.5,1,1552441340355,16527700,1635
2019-03-13 10:02:18.039,0.3,sell,3841.15,BTC-29MAR19-5000-C,61.2,0.001,0.3,2,1552471338039,16532122,1636
2019-03-13 10:02:18.804,0.3,sell,3841.39,BTC-29MAR19-5000-C,61.19,0.001,0.3,3,1552471338804,16532130,1637
2019-03-13 10:02:27.726,0.3,sell,3839.23,BTC-29MAR19-5000-C,61.31,0.001,0.3,3,1552471347726,16532183,1638
2019-03-13 10:32:37.512,29.0,sell,3840.36,BTC-29MAR19-5000-C,61.43,0.001,29.0,3,1552473157512,16534098,1639
2019-03-13 10:41:36.979,70.0,sell,3836.85,BTC-29MAR19-5000-C,61.65,0.001,70.0,3,1552473696979,16534287,1640
2019-03-14 02:45:13.415,1.0,sell,3856.97,BTC-29MAR19-5000-C,56.39,0.0005,1.0,2,1552531513415,16548679,1641
