date_utc,amount,direction,indexPrice,instrument,iv,price,quantity,tickDirection,timeStamp,tradeId,tradeSeq
2019-03-21 13:10:56.296,2.0,sell,138.0,ETH-28JUN19-170-C,97.61,0.126,2.0,1,1553173856296,83130,1
2019-03-21 14:01:06.071,12.0,sell,137.2,ETH-28JUN19-170-C,93.58,0.116,12.0,2,1553176866071,84874,2
2019-03-21 14:27:16.101,1.0,sell,136.72,ETH-28JUN19-170-C,90.6,0.108,1.0,2,1553178436101,85887,3
2019-03-21 14:48:26.180,28.0,sell,135.56,ETH-28JUN19-170-C,84.09,0.093,28.0,2,1553179706180,87427,4
2019-03-21 15:52:13.552,1.0,buy,134.24,ETH-28JUN19-170-C,83.52,0.08900000000000001,1.0,2,1553183533552,92505,5
2019-03-22 03:34:37.807,24.0,sell,134.79,ETH-28JUN19-170-C,75.6,0.07400000000000001,24.0,2,1553225677807,97037,6
2019-03-22 03:34:37.810,64.0,buy,134.79,ETH-28JUN19-170-C,72.96,0.069,64.0,2,1553225677810,97038,7
2019-03-22 03:34:37.811,12.0,buy,134.79,ETH-28JUN19-170-C,72.96,0.069,12.0,3,1553225677811,97039,8
2019-03-22 09:33:07.214,3.0,buy,135.62,ETH-28JUN19-170-C,75.04,0.07400000000000001,3.0,0,1553247187214,99063,9
2019-03-22 15:13:04.618,24.0,buy,136.78,ETH-28JUN19-170-C,72.1,0.07,24.0,2,1553267584618,102263,10
2019-03-22 20:52:30.690,1.0,sell,136.4,ETH-28JUN19-170-C,71.25,0.067,1.0,2,1553287950690,104707,11
2019-03-23 18:07:04.028,30.0,buy,135.98,ETH-28JUN19-170-C,71.03,0.067,30.0,3,1553364424028,115287,12
2019-03-24 02:17:11.201,1.0,buy,135.89,ETH-28JUN19-170-C,71.66,0.068,1.0,0,1553393831201,117386,13
2019-03-24 13:40:20.571,9.0,buy,135.89,ETH-28JUN19-170-C,71.25,0.067,9.0,2,1553434820571,120690,14
2019-03-24 14:41:24.667,2.0,sell,135.88,ETH-28JUN19-170-C,70.88,0.066,2.0,2,1553438484667,120880,15
2019-03-25 05:14:13.239,100.0,buy,135.23,ETH-28JUN19-170-C,73.12,0.069,100.0,0,1553490853239,130829,16
2019-03-25 21:16:31.382,1.0,sell,131.76,ETH-28JUN19-170-C,72.81,0.062,1.0,2,1553548591382,147638,17
2019-03-25 21:33:38.085,1.0,sell,132.05,ETH-28JUN19-170-C,72.63,0.062,1.0,3,1553549618085,147797,18
2019-03-25 21:48:05.960,6.0,sell,132.01,ETH-28JUN19-170-C,72.03,0.061,6.0,2,1553550485960,147928,19
2019-03-26 02:05:01.932,1.0,buy,133.42,ETH-28JUN19-170-C,71.78,0.063,1.0,0,1553565901932,150617,20
2019-03-26 03:02:57.767,1.0,buy,133.59,ETH-28JUN19-170-C,72.12,0.064,1.0,0,1553569377767,150802,21
2019-03-26 17:47:26.886,150.0,buy,132.7,ETH-28JUN19-170-C,67.99,0.054000000000000006,150.0,2,1553622446886,158482,22
2019-03-26 20:40:32.594,120.0,buy,133.42,ETH-28JUN19-170-C,67.36,0.054000000000000006,120.0,3,1553632832594,160511,23
2019-03-26 20:46:34.079,133.0,sell,133.42,ETH-28JUN19-170-C,66.04,0.052000000000000005,133.0,2,1553633194079,160643,24
2019-03-27 13:55:14.539,9.0,buy,137.74,ETH-28JUN19-170-C,66.42,0.061,9.0,0,1553694914539,174796,25
2019-03-27 13:56:03.620,1.0,buy,137.79,ETH-28JUN19-170-C,66.26,0.061,1.0,1,1553694963620,174829,26
2019-03-27 16:27:34.723,20.0,sell,137.41,ETH-28JUN19-170-C,65.77,0.059000000000000004,20.0,2,1553704054723,175870,27
2019-03-27 23:21:07.916,15.0,buy,139.22,ETH-28JUN19-170-C,64.88,0.061,15.0,0,1553728867916,179876,28
2019-03-28 04:39:36.654,1.0,sell,137.33,ETH-28JUN19-170-C,64.77,0.057,1.0,2,1553747976654,182987,29
2019-03-29 08:32:10.663,100.0,buy,138.11,ETH-28JUN19-170-C,66.05,0.06,100.0,0,1553848330663,193726,30
2019-03-29 08:32:13.065,25.0,buy,138.11,ETH-28JUN19-170-C,66.05,0.06,25.0,1,1553848333065,193727,31
2019-03-29 08:36:47.388,73.0,buy,138.14,ETH-28JUN19-170-C,63.23,0.055,73.0,2,1553848607388,193750,32
2019-03-29 15:39:26.053,1.0,buy,140.45,ETH-28JUN19-170-C,65.2,0.064,1.0,0,1553873966053,201487,33
2019-03-30 03:34:41.266,1.0,sell,143.14,ETH-28JUN19-170-C,62.39,0.064,1.0,1,1553916881266,211751,34
2019-03-30 11:51:10.375,1.0,buy,141.66,ETH-28JUN19-170-C,65.94,0.068,1.0,0,1553946670375,216249,35
2019-03-31 00:18:49.726,1.0,buy,141.98,ETH-28JUN19-170-C,66.85,0.071,1.0,0,1553991529726,222388,36
2019-04-01 01:07:53.574,20.0,buy,142.6,ETH-28JUN19-170-C,65.17,0.068,20.0,2,1554080873574,237263,37
2019-04-01 09:27:47.549,150.0,sell,141.99,ETH-28JUN19-170-C,61.7,0.06,150.0,2,1554110867549,242651,38
2019-04-01 20:24:23.832,1.0,sell,139.81,ETH-28JUN19-170-C,63.26,0.057999999999999996,1.0,2,1554150263832,248198,39
2019-04-02 16:35:18.291,200.0,buy,155.95,ETH-28JUN19-170-C,72.71,0.114,200.0,0,1554222918291,307655,40
2019-04-02 16:36:55.170,53.0,sell,155.99,ETH-28JUN19-170-C,72.59,0.114,53.0,1,1554223015170,307705,41
2019-04-02 19:16:06.406,18.0,buy,157.95,ETH-28JUN19-170-C,68.25,0.11,18.0,2,1554232566406,313626,42
2019-04-02 19:16:06.406,353.0,buy,157.95,ETH-28JUN19-170-C,68.25,0.11,353.0,3,1554232566406,313627,43
2019-04-02 20:51:55.121,2.0,buy,159.59,ETH-28JUN19-170-C,67.35,0.11199999999999999,2.0,0,1554238315121,323998,44
2019-04-02 23:27:54.144,1.0,sell,165.27,ETH-28JUN19-170-C,65.98,0.122,1.0,2,1554247674144,334476,46
2019-04-02 23:27:54.144,1.0,sell,165.27,ETH-28JUN19-170-C,63.91,0.11800000000000001,1.0,2,1554247674144,334477,47
2019-04-02 23:27:54.144,18.0,sell,165.27,ETH-28JUN19-170-C,67.54,0.125,18.0,0,1554247674144,334475,45
2019-04-03 00:49:33.392,18.0,sell,168.23,ETH-28JUN19-170-C,65.28,0.13,18.0,0,1554252573392,341132,48
2019-04-03 02:08:40.395,2.0,buy,169.76,ETH-28JUN19-170-C,72.81,0.14800000000000002,2.0,0,1554257320395,344413,49
2019-04-03 02:37:55.623,42.0,sell,171.24,ETH-28JUN19-170-C,66.77,0.14,42.0,2,1554259075623,346480,50
2019-04-03 02:51:45.577,330.0,buy,174.9,ETH-28JUN19-170-C,73.85,0.162,330.0,0,1554259905577,348103,51
2019-04-03 12:25:21.498,50.0,buy,171.7,ETH-28JUN19-170-C,76.28,0.165,50.0,0,1554294321498,372416,52
2019-04-03 12:25:51.474,50.0,buy,171.82,ETH-28JUN19-170-C,76.07,0.165,50.0,1,1554294351474,372479,53
2019-04-03 19:28:19.347,50.0,sell,174.59,ETH-28JUN19-170-C,73.69,0.168,50.0,0,1554319699347,395475,54
2019-04-03 19:28:20.606,50.0,sell,174.59,ETH-28JUN19-170-C,73.71,0.168,50.0,1,1554319700606,395476,55
2019-04-03 19:38:02.572,50.0,sell,174.39,ETH-28JUN19-170-C,74.4,0.168,50.0,1,1554320282572,395856,56
2019-04-03 19:49:40.636,50.0,sell,173.78,ETH-28JUN19-170-C,74.34,0.166,50.0,2,1554320980636,396614,57
2019-04-03 21:03:10.139,50.0,buy,179.65,ETH-28JUN19-170-C,75.19,0.184,50.0,0,1554325390139,403398,58
2019-04-03 23:46:13.589,1.0,sell,162.9,ETH-28JUN19-170-C,76.08,0.136,1.0,2,1554335173589,424303,59
2019-04-04 01:13:32.554,1.0,buy,163.49,ETH-28JUN19-170-C,85.23,0.153,1.0,0,1554340412554,428262,60
2019-04-04 05:17:54.753,1.0,buy,163.63,ETH-28JUN19-170-C,80.9,0.14800000000000002,1.0,2,1554355074753,434213,61
2019-04-04 12:54:56.892,50.0,buy,162.12,ETH-28JUN19-170-C,81.95,0.146,50.0,2,1554382496892,442553,62
2019-04-04 18:23:25.526,1.0,buy,155.07,ETH-28JUN19-170-C,84.58,0.136,1.0,2,1554402205526,452961,63
2019-04-05 09:26:28.320,18.0,buy,163.31,ETH-28JUN19-170-C,77.28,0.142,18.0,0,1554456388320,473451,64
2019-04-05 11:04:54.949,66.0,sell,163.87,ETH-28JUN19-170-C,77.88,0.145,66.0,0,1554462294949,475001,65
2019-04-05 11:04:57.865,4.0,sell,163.86,ETH-28JUN19-170-C,77.91,0.145,4.0,1,1554462297865,475002,66
2019-04-06 18:40:58.398,1.0,sell,168.42,ETH-28JUN19-170-C,74.26,0.146,1.0,0,1554576058398,509379,67
2019-04-06 23:46:38.605,1.0,sell,165.98,ETH-28JUN19-170-C,76.51,0.146,1.0,1,1554594398605,529456,68
2019-04-08 02:59:42.737,36.0,sell,182.67,ETH-28JUN19-170-C,81.64,0.21,36.0,0,1554692382737,602886,69
2019-04-08 12:19:16.829,10.0,sell,177.05,ETH-28JUN19-170-C,72.67,0.173,10.0,2,1554725956829,632439,70
2019-04-08 12:19:20.792,10.0,buy,177.07,ETH-28JUN19-170-C,72.65,0.173,10.0,3,1554725960792,632440,71
2019-04-08 12:20:34.549,30.0,sell,177.21,ETH-28JUN19-170-C,71.74,0.172,30.0,2,1554726034549,632611,72
2019-04-08 12:21:54.378,10.0,sell,177.25,ETH-28JUN19-170-C,72.67,0.17300000000000001,10.0,0,1554726114378,632652,73
2019-04-12 09:32:55.284,69.0,buy,162.8,ETH-28JUN19-170-C,68.94,0.11699999999999999,69.0,2,1555061575284,871994,74
2019-04-12 09:32:57.205,70.0,buy,162.8,ETH-28JUN19-170-C,69.49,0.11800000000000001,70.0,0,1555061577205,872008,75
2019-04-12 09:32:59.917,5.0,buy,162.82,ETH-28JUN19-170-C,69.46,0.118,5.0,1,1555061579917,872016,76
