date_utc,amount,direction,indexPrice,instrument,iv,price,quantity,tickDirection,timeStamp,tradeId,tradeSeq
2019-04-02 14:21:31.582,5.0,buy,4704.35,BTC-12APR19-5125-C,67.72,0.0145,5.0,1,1554214891582,17117214,1
2019-04-02 14:55:27.225,1.0,buy,4744.45,BTC-12APR19-5125-C,67.85,0.0165,1.0,0,1554216927225,17119379,2
2019-04-02 19:54:02.808,0.1,buy,4760.93,BTC-12APR19-5125-C,64.1,0.015,0.1,2,1554234842808,17128014,3
2019-04-02 19:56:23.528,1.0,buy,4768.81,BTC-12APR19-5125-C,67.13,0.017,1.0,0,1554234983528,17128305,4
2019-04-02 23:15:12.653,0.1,buy,4867.66,BTC-12APR19-5125-C,62.77,0.02,0.1,0,1554246912653,17143855,5
2019-04-03 01:17:32.883,4.0,buy,4941.43,BTC-12APR19-5125-C,74.63,0.032,4.0,0,1554254252883,17164458,6
2019-04-03 01:19:10.177,4.0,buy,4951.63,BTC-12APR19-5125-C,75.81,0.0335,4.0,0,1554254350177,17164777,7
2019-04-03 01:19:18.947,39.6,buy,4954.02,BTC-12APR19-5125-C,78.73,0.0355,39.6,0,1554254358947,17164828,9
2019-04-03 01:19:18.947,0.4,buy,4954.02,BTC-12APR19-5125-C,75.52,0.0335,0.4,1,1554254358947,17164827,8
2019-04-03 01:20:37.135,36.0,buy,4953.68,BTC-12APR19-5125-C,81.99,0.0375,36.0,0,1554254437135,17165032,11
2019-04-03 01:20:37.135,4.0,buy,4953.68,BTC-12APR19-5125-C,77.17,0.0345,4.0,2,1554254437135,17165031,10
2019-04-03 01:23:14.698,9.0,buy,4950.41,BTC-12APR19-5125-C,80.0,0.036000000000000004,9.0,2,1554254594698,17165134,12
2019-04-03 02:18:08.001,18.0,buy,4986.77,BTC-12APR19-5125-C,84.36,0.0415,18.0,0,1554257888001,17168573,14
2019-04-03 02:18:08.001,0.2,buy,4986.77,BTC-12APR19-5125-C,92.3,0.0465,0.2,0,1554257888001,17168574,15
2019-04-03 02:18:08.001,4.8,buy,4986.77,BTC-12APR19-5125-C,82.77,0.0405,4.8,0,1554257888001,17168572,13
2019-04-03 02:21:01.357,4.0,buy,4995.23,BTC-12APR19-5125-C,84.86,0.0425,4.0,2,1554258061357,17168659,16
2019-04-03 03:02:21.690,1.0,sell,5056.2,BTC-12APR19-5125-C,80.03,0.0445,1.0,0,1554260541690,17173899,17
2019-04-03 03:51:50.151,0.5,sell,5063.95,BTC-12APR19-5125-C,79.11,0.0445,0.5,1,1554263510151,17179058,18
2019-04-03 09:56:19.655,50.0,buy,4969.93,BTC-12APR19-5125-C,80.73,0.037000000000000005,50.0,2,1554285379655,17193103,19
2019-04-03 09:57:24.216,50.0,buy,4973.51,BTC-12APR19-5125-C,80.27,0.037000000000000005,50.0,3,1554285444216,17193124,20
2019-04-03 10:00:16.155,18.0,sell,4974.43,BTC-12APR19-5125-C,76.9,0.035,18.0,2,1554285616155,17193158,21
2019-04-03 10:01:04.960,6.0,sell,4976.71,BTC-12APR19-5125-C,75.79,0.0345,6.0,2,1554285664960,17193186,22
2019-04-03 14:35:10.077,8.0,sell,5017.27,BTC-12APR19-5125-C,77.81,0.0385,8.0,0,1554302110077,17203735,23
2019-04-03 16:10:30.122,0.1,sell,5121.81,BTC-12APR19-5125-C,83.53,0.051,0.1,0,1554307830122,17208223,24
2019-04-03 16:11:06.636,0.1,sell,5092.9,BTC-12APR19-5125-C,83.75,0.0485,0.1,2,1554307866636,17208617,25
2019-04-03 17:38:35.101,5.3,sell,5130.88,BTC-12APR19-5125-C,81.64,0.0505,5.3,0,1554313115101,17220323,26
2019-04-03 18:39:07.035,2.0,sell,5171.7,BTC-12APR19-5125-C,82.87,0.055,2.0,0,1554316747035,17222825,27
2019-04-03 18:39:42.935,0.5,sell,5167.66,BTC-12APR19-5125-C,82.69,0.0545,0.5,2,1554316782935,17222931,28
2019-04-03 19:00:58.017,0.1,buy,5152.01,BTC-12APR19-5125-C,89.34,0.057,0.1,0,1554318058017,17225301,29
2019-04-03 19:29:25.753,2.0,sell,5167.93,BTC-12APR19-5125-C,81.99,0.054000000000000006,2.0,2,1554319765753,17226249,30
2019-04-03 19:38:05.430,3.8,sell,5150.33,BTC-12APR19-5125-C,85.62,0.0545,3.8,0,1554320285430,17226551,31
2019-04-03 23:17:25.154,0.5,sell,4882.52,BTC-12APR19-5125-C,90.34,0.0345,0.5,2,1554333445154,17269016,32
2019-04-03 23:17:27.891,4.5,sell,4881.31,BTC-12APR19-5125-C,90.49,0.0345,4.5,3,1554333447891,17269081,33
2019-04-04 00:39:19.133,0.1,sell,4990.45,BTC-12APR19-5125-C,86.78,0.0405,0.1,0,1554338359133,17281747,34
2019-04-04 01:46:22.889,4.0,sell,5049.23,BTC-12APR19-5125-C,82.99,0.043,4.0,0,1554342382889,17283936,35
2019-04-04 01:46:22.889,1.0,sell,5049.23,BTC-12APR19-5125-C,80.49,0.0415,1.0,2,1554342382889,17283937,36
2019-04-04 05:12:22.155,0.1,buy,5030.1,BTC-12APR19-5125-C,89.84,0.045,0.1,0,1554354742155,17292503,37
2019-04-04 05:21:50.839,0.1,buy,5038.74,BTC-12APR19-5125-C,90.32,0.046,0.1,0,1554355310839,17292661,38
2019-04-04 15:03:07.933,1.4,buy,5007.19,BTC-12APR19-5125-C,80.76,0.0365,1.4,2,1554390187933,17311177,39
2019-04-04 20:07:02.644,0.5,sell,4809.76,BTC-12APR19-5125-C,82.0,0.0225,0.5,2,1554408422644,17329936,40
2019-04-04 20:08:12.745,4.5,sell,4807.46,BTC-12APR19-5125-C,82.28,0.0225,4.5,3,1554408492745,17330006,41
2019-04-04 20:13:00.548,2.0,sell,4808.29,BTC-12APR19-5125-C,80.23,0.0215,2.0,2,1554408780548,17331366,42
2019-04-04 20:13:00.548,1.0,sell,4808.29,BTC-12APR19-5125-C,80.23,0.0215,1.0,3,1554408780548,17331367,43
2019-04-04 20:13:16.280,0.3,sell,4806.74,BTC-12APR19-5125-C,80.41,0.0215,0.3,3,1554408796280,17331374,44
2019-04-04 20:13:27.365,0.7000000000000001,sell,4808.68,BTC-12APR19-5125-C,80.18,0.0215,0.7000000000000001,3,1554408807365,17331388,45
2019-04-04 21:03:02.368,1.1,buy,4849.71,BTC-12APR19-5125-C,78.35,0.023,1.1,0,1554411782368,17334437,46
2019-04-05 03:23:17.754,0.1,sell,4914.65,BTC-12APR19-5125-C,77.21,0.026000000000000002,0.1,0,1554434597754,17346230,47
2019-04-05 04:12:06.471,10.0,buy,4934.6,BTC-12APR19-5125-C,77.55,0.0275,10.0,0,1554437526471,17347613,48
2019-04-05 05:07:56.139,5.0,buy,4979.51,BTC-12APR19-5125-C,79.85,0.032,5.0,0,1554440876139,17349267,49
2019-04-05 08:48:13.758,0.1,buy,4970.84,BTC-12APR19-5125-C,78.24,0.03,0.1,2,1554454093758,17356072,50
2019-04-05 08:50:51.733,0.1,buy,4973.84,BTC-12APR19-5125-C,79.69,0.031,0.1,0,1554454251733,17356124,51
2019-04-05 08:53:18.263,3.0,sell,4972.79,BTC-12APR19-5125-C,79.85,0.031,3.0,1,1554454398263,17356129,52
2019-04-05 10:31:42.859,1.0,buy,4963.29,BTC-12APR19-5125-C,79.73,0.03,1.0,2,1554460302859,17357839,53
2019-04-05 10:38:21.070,1.0,buy,4972.26,BTC-12APR19-5125-C,78.47,0.03,1.0,3,1554460701070,17358020,54
2019-04-05 12:17:20.413,1.0,sell,4999.88,BTC-12APR19-5125-C,74.85,0.03,1.0,3,1554466640413,17361294,55
2019-04-05 13:28:27.450,5.0,sell,5044.81,BTC-12APR19-5125-C,82.2,0.0375,5.0,0,1554470907450,17364468,56
2019-04-05 13:38:27.316,2.0,sell,5002.65,BTC-12APR19-5125-C,76.62,0.031,2.0,2,1554471507316,17366438,57
2019-04-05 16:12:23.399,2.0,sell,4979.91,BTC-12APR19-5125-C,75.86,0.0285,2.0,2,1554480743399,17371874,58
2019-04-05 16:48:49.945,0.1,buy,5019.15,BTC-12APR19-5125-C,81.46,0.0345,0.1,0,1554482929945,17373688,59
2019-04-05 16:49:40.384,0.2,sell,5018.8,BTC-12APR19-5125-C,74.94,0.031,0.2,2,1554482980384,17373709,60
2019-04-05 17:17:51.487,0.1,buy,5018.04,BTC-12APR19-5125-C,81.76,0.0345,0.1,0,1554484671487,17374874,61
2019-04-05 18:27:27.382,3.0,buy,5043.18,BTC-12APR19-5125-C,80.94,0.036000000000000004,3.0,0,1554488847382,17378220,62
2019-04-05 18:50:39.442,0.5,buy,5015.86,BTC-12APR19-5125-C,81.55,0.034,0.5,2,1554490239442,17379373,63
2019-04-05 18:50:56.930,0.5,buy,5015.78,BTC-12APR19-5125-C,81.56,0.034,0.5,3,1554490256930,17379382,64
2019-04-05 20:03:30.018,1.0,buy,5021.76,BTC-12APR19-5125-C,80.95,0.034,1.0,3,1554494610018,17380247,65
2019-04-05 23:13:14.223,1.8,buy,5041.86,BTC-12APR19-5125-C,81.45,0.0355,1.8,0,1554505994223,17385272,66
2019-04-05 23:13:14.223,0.2,buy,5041.86,BTC-12APR19-5125-C,81.45,0.0355,0.2,1,1554505994223,17385273,67
2019-04-06 09:30:28.800,0.5,sell,4974.41,BTC-12APR19-5125-C,73.06,0.0245,0.5,2,1554543028800,17392231,68
2019-04-06 14:17:44.665,1.5,buy,5012.85,BTC-12APR19-5125-C,73.42,0.027000000000000003,1.5,0,1554560264665,17395262,69
2019-04-06 15:16:22.597,2.0,sell,5030.96,BTC-12APR19-5125-C,76.82,0.03,2.0,0,1554563782597,17398990,70
2019-04-06 15:47:46.940,0.1,buy,5073.98,BTC-12APR19-5125-C,71.64,0.031,0.1,0,1554565666940,17400159,71
2019-04-06 16:05:27.913,0.3,sell,5156.76,BTC-12APR19-5125-C,74.39,0.04,0.3,0,1554566727913,17404415,72
2019-04-06 16:41:06.935,0.2,sell,5235.41,BTC-12APR19-5125-C,70.21,0.046,0.2,0,1554568866935,17408672,73
2019-04-06 17:47:57.426,4.0,buy,5161.09,BTC-12APR19-5125-C,76.04,0.041,4.0,2,1554572877426,17414995,74
2019-04-06 17:48:07.165,4.0,buy,5159.99,BTC-12APR19-5125-C,76.26,0.040999999999999995,4.0,3,1554572887165,17415012,75
2019-04-06 18:27:48.041,4.0,buy,5168.63,BTC-12APR19-5125-C,74.7,0.040999999999999995,4.0,3,1554575268041,17417393,76
2019-04-06 18:33:36.870,4.0,buy,5174.91,BTC-12APR19-5125-C,73.44,0.040999999999999995,4.0,3,1554575616870,17417576,77
2019-04-06 18:34:24.664,4.0,buy,5176.75,BTC-12APR19-5125-C,73.06,0.040999999999999995,4.0,3,1554575664664,17417617,78
2019-04-06 19:16:33.955,0.5,buy,5185.1,BTC-12APR19-5125-C,73.58,0.042,0.5,0,1554578193955,17419341,79
2019-04-07 03:15:20.118,0.5,buy,5163.17,BTC-12APR19-5125-C,76.31,0.04,0.5,2,1554606920118,17452352,80
2019-04-07 09:39:43.677,1.9,sell,5157.1,BTC-12APR19-5125-C,76.4,0.0385,1.9,2,1554629983677,17462654,81
2019-04-07 09:48:09.180,0.1,sell,5139.64,BTC-12APR19-5125-C,75.78,0.0365,0.1,2,1554630489180,17462845,82
2019-04-07 09:50:07.956,0.1,sell,5139.44,BTC-12APR19-5125-C,74.75,0.036000000000000004,0.1,2,1554630607956,17462865,83
2019-04-07 09:50:48.001,0.2,buy,5138.12,BTC-12APR19-5125-C,76.11,0.0365,0.2,0,1554630648001,17462869,84
2019-04-07 15:00:19.889,0.1,sell,5133.98,BTC-12APR19-5125-C,74.28,0.0345,0.1,2,1554649219889,17468785,85
2019-04-07 15:37:44.779,0.1,buy,5121.88,BTC-12APR19-5125-C,85.89,0.0385,0.1,0,1554651464779,17469875,86
2019-04-07 16:23:00.059,0.1,buy,5073.26,BTC-12APR19-5125-C,82.61,0.0325,0.1,2,1554654180059,17472466,87
2019-04-07 16:24:55.995,0.5,buy,5059.52,BTC-12APR19-5125-C,76.35,0.0285,0.5,2,1554654295995,17472787,88
2019-04-07 16:24:57.575,0.5,buy,5057.54,BTC-12APR19-5125-C,76.72,0.0285,0.5,3,1554654297575,17472793,89
2019-04-07 16:25:11.355,0.1,buy,5058.89,BTC-12APR19-5125-C,80.93,0.0305,0.1,0,1554654311355,17472949,90
2019-04-07 18:56:40.440,0.4,sell,5129.6,BTC-12APR19-5125-C,78.8,0.0355,0.4,0,1554663400440,17475968,91
2019-04-07 18:57:03.175,0.1,sell,5127.8,BTC-12APR19-5125-C,78.06,0.035,0.1,2,1554663423175,17475994,92
2019-04-07 22:48:01.091,0.2,buy,5247.86,BTC-12APR19-5125-C,81.17,0.048,0.2,0,1554677281091,17487194,93
2019-04-07 22:52:00.143,3.3000000000000003,sell,5166.03,BTC-12APR19-5125-C,79.01,0.0385,3.3000000000000003,2,1554677520143,17488753,94
2019-04-07 22:52:18.879,2.9,buy,5138.59,BTC-12APR19-5125-C,80.59,0.0365,2.9,2,1554677538879,17489310,95
2019-04-07 22:52:47.785,0.2,sell,5174.37,BTC-12APR19-5125-C,82.87,0.040999999999999995,0.2,0,1554677567785,17489925,96
2019-04-07 22:52:55.231,2.4,sell,5178.68,BTC-12APR19-5125-C,81.86,0.041,2.4,1,1554677575231,17490001,97
2019-04-08 05:26:01.571,1.0,sell,5275.48,BTC-12APR19-5125-C,98.76,0.057,1.0,0,1554701161571,17514248,98
2019-04-08 06:46:19.357,0.1,buy,5270.9,BTC-12APR19-5125-C,96.92,0.0555,0.1,2,1554705979357,17516069,99
2019-04-08 11:29:53.187,0.7000000000000001,buy,5157.0,BTC-12APR19-5125-C,88.89,0.0395,0.7000000000000001,2,1554722993187,17527616,100
2019-04-08 13:13:07.789,0.1,buy,5205.72,BTC-12APR19-5125-C,91.17,0.045,0.1,0,1554729187789,17531014,101
2019-04-08 13:59:35.688,11.8,sell,5185.94,BTC-12APR19-5125-C,85.36,0.0405,11.8,2,1554731975688,17531917,102
2019-04-08 16:53:32.303,0.2,sell,5193.64,BTC-12APR19-5125-C,79.61,0.0385,0.2,2,1554742412303,17536919,103
2019-04-08 17:27:00.082,0.2,sell,5189.47,BTC-12APR19-5125-C,80.98,0.0385,0.2,3,1554744420082,17537490,104
2019-04-08 17:27:00.136,0.2,sell,5189.47,BTC-12APR19-5125-C,80.98,0.0385,0.2,3,1554744420136,17537492,105
2019-04-08 17:27:09.469,0.2,sell,5187.8,BTC-12APR19-5125-C,81.43,0.0385,0.2,3,1554744429469,17537503,106
2019-04-08 17:27:09.717,0.2,sell,5187.8,BTC-12APR19-5125-C,81.43,0.0385,0.2,3,1554744429717,17537506,107
2019-04-08 17:29:21.322,0.2,buy,5192.41,BTC-12APR19-5125-C,84.07,0.04,0.2,0,1554744561322,17537593,108
2019-04-08 17:29:21.322,3.8,buy,5192.41,BTC-12APR19-5125-C,85.36,0.0405,3.8,0,1554744561322,17537594,109
2019-04-08 17:39:49.919,0.2,buy,5204.81,BTC-12APR19-5125-C,84.69,0.0415,0.2,0,1554745189919,17537779,110
2019-04-08 17:39:49.919,3.8,buy,5204.81,BTC-12APR19-5125-C,85.98,0.042,3.8,0,1554745189919,17537780,111
2019-04-08 17:40:48.623,3.0,buy,5202.65,BTC-12APR19-5125-C,86.58,0.042,3.0,1,1554745248623,17537789,112
2019-04-08 20:05:56.161,0.4,sell,5195.01,BTC-12APR19-5125-C,76.81,0.037000000000000005,0.4,2,1554753956161,17540758,113
2019-04-08 20:05:56.161,0.1,sell,5195.01,BTC-12APR19-5125-C,76.81,0.037000000000000005,0.1,3,1554753956161,17540759,114
2019-04-08 20:26:17.169,0.4,sell,5227.6,BTC-12APR19-5125-C,76.89,0.0405,0.4,0,1554755177169,17541371,115
2019-04-08 20:26:17.169,0.6,sell,5227.6,BTC-12APR19-5125-C,76.89,0.0405,0.6,1,1554755177169,17541372,116
2019-04-09 02:43:31.658,1.0,sell,5274.53,BTC-12APR19-5125-C,76.03,0.0445,1.0,0,1554777811658,17554556,117
2019-04-09 03:33:44.633,0.1,sell,5233.95,BTC-12APR19-5125-C,64.14,0.0355,0.1,2,1554780824633,17555904,118
2019-04-09 08:12:11.212,1.0,sell,5201.86,BTC-12APR19-5125-C,85.22,0.0385,1.0,0,1554797531212,17564439,119
2019-04-09 08:13:20.231,1.0,sell,5197.53,BTC-12APR19-5125-C,85.12,0.038,1.0,2,1554797600231,17564488,120
2019-04-09 09:19:25.983,0.5,sell,5213.21,BTC-12APR19-5125-C,79.49,0.0375,0.5,2,1554801565983,17566257,121
2019-04-09 09:19:29.411,0.5,sell,5204.04,BTC-12APR19-5125-C,80.92,0.037000000000000005,0.5,2,1554801569411,17566338,122
2019-04-09 09:42:23.530,1.0,sell,5193.63,BTC-12APR19-5125-C,78.59,0.035,1.0,2,1554802943530,17567309,123
2019-04-09 09:58:10.832,1.0,sell,5180.04,BTC-12APR19-5125-C,79.98,0.034,1.0,2,1554803890832,17567775,124
2019-04-09 10:09:28.473,1.0,sell,5177.5,BTC-12APR19-5125-C,77.98,0.033,1.0,2,1554804568473,17568496,125
2019-04-09 10:15:45.641,1.0,sell,5164.06,BTC-12APR19-5125-C,76.3,0.031,1.0,2,1554804945641,17568970,126
2019-04-09 10:18:07.425,0.4,sell,5155.07,BTC-12APR19-5125-C,76.06,0.03,0.4,2,1554805087425,17569119,127
2019-04-09 10:18:08.279,0.4,sell,5154.3,BTC-12APR19-5125-C,76.28,0.03,0.4,3,1554805088279,17569121,128
2019-04-09 10:18:08.402,0.2,sell,5154.3,BTC-12APR19-5125-C,76.28,0.03,0.2,3,1554805088402,17569124,129
2019-04-09 15:32:10.710,0.1,buy,5218.74,BTC-12APR19-5125-C,75.26,0.0355,0.1,0,1554823930710,17577588,130
2019-04-09 22:38:47.238,0.1,sell,5193.9,BTC-12APR19-5125-C,53.19,0.0245,0.1,2,1554849527238,17583559,131
2019-04-09 22:48:45.306,1.0,sell,5183.93,BTC-12APR19-5125-C,64.98,0.027000000000000003,1.0,0,1554850125306,17584293,132
2019-04-09 22:48:53.302,1.0,sell,5176.82,BTC-12APR19-5125-C,64.27,0.026000000000000002,1.0,2,1554850133302,17584550,133
2019-04-10 00:19:56.069,1.0,sell,5167.37,BTC-12APR19-5125-C,65.18,0.025,1.0,2,1554855596069,17587480,134
2019-04-10 02:46:13.567,0.1,sell,5229.07,BTC-12APR19-5125-C,54.23,0.0285,0.1,0,1554864373567,17590852,135
2019-04-10 06:51:58.884,1.0,buy,5263.23,BTC-12APR19-5125-C,68.56,0.036000000000000004,1.0,0,1554879118884,17594094,136
2019-04-10 11:10:15.159,4.0,buy,5245.83,BTC-12APR19-5125-C,60.51,0.031,4.0,2,1554894615159,17596999,137
