date_utc,amount,direction,indexPrice,instrument,iv,price,quantity,tickDirection,timeStamp,tradeId,tradeSeq
2019-03-28 02:57:58.217,1.0,buy,138.42,ETH-27SEP19-160-C,73.45,0.153,1.0,1,1553741878217,182434,1
2019-03-28 14:24:23.992,60.0,sell,137.67,ETH-27SEP19-160-C,70.52,0.14300000000000002,60.0,2,1553783063992,185797,2
2019-03-28 14:24:24.828,56.0,buy,137.65,ETH-27SEP19-160-C,70.51,0.14300000000000002,56.0,3,1553783064828,185805,3
2019-03-29 10:13:17.594,1.0,sell,141.07,ETH-27SEP19-160-C,64.9,0.136,1.0,2,1553854397594,197808,4
2019-03-30 03:39:23.212,1.0,sell,143.39,ETH-27SEP19-160-C,65.85,0.146,1.0,0,1553917163212,211808,5
2019-03-30 03:39:30.770,1.0,buy,143.39,ETH-27SEP19-160-C,72.98,0.166,1.0,0,1553917170770,211809,6
2019-04-01 22:14:11.371,21.0,buy,141.1,ETH-27SEP19-160-C,66.08,0.141,21.0,2,1554156851371,249650,7
2019-04-02 16:25:14.282,18.0,buy,155.43,ETH-27SEP19-160-C,75.85,0.207,18.0,0,1554222314282,307410,8
2019-04-02 16:25:14.282,7.0,buy,155.43,ETH-27SEP19-160-C,75.85,0.207,7.0,1,1554222314282,307411,9
2019-04-03 00:31:45.603,1.0,buy,170.84,ETH-27SEP19-160-C,80.6,0.256,1.0,0,1554251505603,339157,10
2019-04-03 09:12:43.385,1.0,sell,165.85,ETH-27SEP19-160-C,76.99,0.24,1.0,2,1554282763385,368311,11
2019-04-03 22:44:43.923,2.0,sell,162.23,ETH-27SEP19-160-C,86.1,0.255,2.0,0,1554331483923,413843,12
2019-04-03 23:08:28.532,1.0,sell,154.21,ETH-27SEP19-160-C,85.03,0.23,1.0,2,1554332908532,419401,13
2019-04-04 00:14:39.056,3.0,buy,160.1,ETH-27SEP19-160-C,91.47,0.258,3.0,0,1554336879056,426248,14
2019-04-04 16:18:01.552,1.0,sell,158.62,ETH-27SEP19-160-C,81.39,0.23,1.0,2,1554394681552,444895,15
2019-04-05 10:01:34.796,5.0,sell,163.4,ETH-27SEP19-160-C,77.63,0.235,5.0,0,1554458494796,473822,16
2019-04-07 21:52:07.873,1.0,buy,173.05,ETH-27SEP19-160-C,82.67,0.276,1.0,0,1554673927873,570671,17
2019-04-08 11:04:59.904,2.0,sell,177.37,ETH-27SEP19-160-C,80.03,0.285,2.0,0,1554721499904,625427,18
2019-04-08 14:43:21.072,138.0,buy,178.63,ETH-27SEP19-160-C,85.16,0.298,138.0,0,1554734601072,638130,19
2019-04-10 16:41:03.543,1.0,buy,180.05,ETH-27SEP19-160-C,76.36,0.28600000000000003,1.0,2,1554914463543,748884,20
2019-04-11 03:22:05.112,3.0,sell,172.83,ETH-27SEP19-160-C,78.74,0.27,3.0,2,1554952925112,793160,21
2019-04-11 11:26:22.008,4.0,sell,163.04,ETH-27SEP19-160-C,78.31,0.24,4.0,2,1554981982008,821631,22
2019-04-11 16:41:47.616,2.0,sell,164.63,ETH-27SEP19-160-C,75.42,0.23,2.0,2,1555000907616,835940,23
2019-04-11 19:51:16.520,3.0,sell,165.85,ETH-27SEP19-160-C,73.04,0.226,3.0,2,1555012276520,843468,24
2019-04-12 09:58:06.503,2.0,buy,163.22,ETH-27SEP19-160-C,76.16,0.228,2.0,0,1555063086503,872571,25
2019-04-13 00:32:56.008,4.0,buy,163.75,ETH-27SEP19-160-C,75.85,0.226,4.0,2,1555115576008,901418,26
2019-04-13 12:00:51.778,1.0,sell,163.15,ETH-27SEP19-160-C,73.99,0.21600000000000005,1.0,2,1555156851778,910390,27
2019-04-13 12:00:57.021,3.0,sell,163.14,ETH-27SEP19-160-C,71.59,0.21,3.0,2,1555156857021,910399,28
2019-04-15 17:37:48.912,60.0,buy,156.74,ETH-27SEP19-160-C,73.72,0.198,60.0,2,1555349868912,960761,29
2019-04-18 20:04:41.213,1.0,sell,173.89,ETH-27SEP19-160-C,70.18,0.235,1.0,0,1555617881213,1072929,30
2019-04-19 01:48:22.570,1.0,sell,169.92,ETH-27SEP19-160-C,70.56,0.225,1.0,2,1555638502570,1081062,31
2019-04-19 19:03:54.178,1.0,buy,172.7,ETH-27SEP19-160-C,70.72,0.231,1.0,0,1555700634178,1100322,32
2019-04-19 19:04:09.165,1.0,buy,172.76,ETH-27SEP19-160-C,70.67,0.231,1.0,1,1555700649165,1100329,33
2019-04-19 19:44:34.728,1.0,buy,172.94,ETH-27SEP19-160-C,70.85,0.231,1.0,1,1555703074728,1100875,34
2019-04-20 01:15:25.007,1.0,sell,173.73,ETH-27SEP19-160-C,66.82,0.22399999999999998,1.0,2,1555722925007,1105623,35
2019-04-20 10:37:08.228,1.0,buy,173.51,ETH-27SEP19-160-C,69.06,0.23,1.0,0,1555756628228,1116292,36
2019-04-21 08:21:03.502,2.0,sell,169.51,ETH-27SEP19-160-C,69.32,0.22,2.0,2,1555834863502,1133212,37
2019-04-21 14:06:22.551,2.0,buy,168.89,ETH-27SEP19-160-C,69.3,0.218,2.0,2,1555855582551,1143383,38
2019-04-21 14:08:59.985,1.0,buy,168.84,ETH-27SEP19-160-C,69.29,0.218,1.0,3,1555855739985,1143394,39
2019-04-21 14:26:39.749,1.0,sell,168.11,ETH-27SEP19-160-C,69.91,0.217,1.0,2,1555856799749,1143530,40
2019-04-21 15:40:37.892,3.0,sell,168.89,ETH-27SEP19-160-C,66.14,0.21,3.0,2,1555861237892,1143962,41
2019-04-21 15:40:37.892,22.0,sell,168.89,ETH-27SEP19-160-C,64.89,0.207,22.0,2,1555861237892,1143963,42
2019-04-23 19:26:25.412,1.0,sell,172.76,ETH-27SEP19-160-C,68.78,0.225,1.0,0,1556047585412,1189136,43
2019-04-24 07:48:37.370,3.0,sell,163.55,ETH-27SEP19-160-C,69.41,0.2,3.0,2,1556092117370,1205145,44
2019-04-24 10:08:01.877,5.0,buy,163.97,ETH-27SEP19-160-C,69.25,0.2,5.0,3,1556100481877,1209884,45
2019-04-24 16:33:50.692,5.0,sell,162.12,ETH-27SEP19-160-C,69.4,0.195,5.0,2,1556123630692,1214989,46
2019-04-24 18:12:00.510,5.0,sell,161.01,ETH-27SEP19-160-C,68.64,0.19,5.0,2,1556129520510,1217960,47
2019-04-25 13:36:39.803,5.0,sell,163.51,ETH-27SEP19-160-C,62.16,0.18,5.0,2,1556199399803,1232554,48
2019-04-25 21:59:34.297,5.0,sell,160.57,ETH-27SEP19-160-C,61.71,0.17,5.0,2,1556229574297,1240406,49
2019-04-25 22:36:11.906,1.0,buy,153.11,ETH-27SEP19-160-C,64.73,0.156,1.0,2,1556231771906,1256451,50
2019-04-26 05:28:43.957,1.0,sell,153.28,ETH-27SEP19-160-C,62.18,0.152,1.0,2,1556256523957,1268802,51
2019-04-27 13:40:06.603,10.0,buy,153.16,ETH-27SEP19-160-C,64.03,0.156,10.0,0,1556372406603,1287580,52
2019-04-28 22:24:07.381,60.0,buy,153.21,ETH-27SEP19-160-C,63.34,0.149,60.0,2,1556490247381,1318382,53
2019-04-28 22:53:20.930,1.0,buy,153.51,ETH-27SEP19-160-C,64.27,0.152,1.0,0,1556492000930,1318690,54
2019-04-28 23:19:07.475,50.0,buy,153.38,ETH-27SEP19-160-C,64.31,0.152,50.0,1,1556493547475,1318887,55
2019-04-28 23:20:31.311,15.0,buy,153.34,ETH-27SEP19-160-C,64.3,0.152,15.0,1,1556493631311,1318905,56
2019-04-29 10:48:35.928,1.0,sell,151.73,ETH-27SEP19-160-C,63.75,0.146,1.0,2,1556534915928,1324636,57
2019-05-05 08:35:49.849,10.0,buy,161.2,ETH-27SEP19-160-C,66.95,0.177,10.0,0,1557045349849,1485115,58
2019-05-05 08:36:05.262,5.0,buy,161.19,ETH-27SEP19-160-C,67.0,0.177,5.0,1,1557045365262,1485145,59
2019-05-05 08:37:06.888,10.0,buy,161.23,ETH-27SEP19-160-C,67.01,0.177,10.0,1,1557045426888,1485207,60
2019-05-06 11:56:08.596,60.0,buy,163.79,ETH-27SEP19-160-C,66.73,0.182,60.0,0,1557143768596,1510754,61
2019-05-06 11:56:13.725,40.0,sell,163.74,ETH-27SEP19-160-C,66.77,0.182,40.0,1,1557143773725,1510772,62
2019-05-06 21:09:24.306,45.0,buy,173.19,ETH-27SEP19-160-C,68.35,0.214,45.0,0,1557176964306,1536529,63
2019-05-07 19:44:00.389,1.0,sell,168.79,ETH-27SEP19-160-C,69.54,0.203,1.0,2,1557258240389,1585626,64
2019-05-08 01:08:36.175,10.0,buy,166.32,ETH-27SEP19-160-C,69.41,0.193,10.0,2,1557277716175,1608082,65
2019-05-08 01:10:47.972,10.0,buy,166.36,ETH-27SEP19-160-C,69.96,0.194,10.0,0,1557277847972,1608275,66
2019-05-10 17:39:34.399,10.0,sell,174.28,ETH-27SEP19-160-C,68.86,0.21,10.0,0,1557509974399,1700707,67
2019-05-10 20:22:15.925,1.0,buy,175.05,ETH-27SEP19-160-C,72.44,0.21899999999999997,1.0,0,1557519735925,1705894,68
2019-05-11 17:44:48.307,4.0,buy,195.65,ETH-27SEP19-160-C,74.63,0.278,4.0,0,1557596688307,1798536,69
2019-05-11 20:45:48.093,5.0,buy,197.06,ETH-27SEP19-160-C,77.12,0.28600000000000003,5.0,0,1557607548093,1815435,70
2019-05-12 00:09:16.165,2.0,buy,196.28,ETH-27SEP19-160-C,86.04,0.302,2.0,0,1557619756165,1859652,71
2019-05-12 00:32:56.543,60.0,buy,189.18,ETH-27SEP19-160-C,79.8,0.274,60.0,2,1557621176543,1867011,72
