date_utc,amount,direction,indexPrice,instrument,iv,price,quantity,tickDirection,timeStamp,tradeId,tradeSeq
2019-04-28 22:43:47.925,5.2,sell,5144.45,BTC-28JUN19-7500-C,66.86,0.0115,5.2,1,1556491427925,18403674,1
2019-04-30 13:22:34.405,0.3,buy,5276.27,BTC-28JUN19-7500-C,64.66,0.0115,0.3,1,1556630554405,18467598,2
2019-05-01 00:44:04.085,0.1,sell,5301.36,BTC-28JUN19-7500-C,65.39,0.012,0.1,0,1556671444085,18492519,3
2019-05-03 06:02:08.115,0.2,buy,5492.0,BTC-28JUN19-7500-C,64.27,0.013999999999999999,0.2,0,1556863328115,18599291,4
2019-05-03 07:59:33.560,0.1,sell,5583.07,BTC-28JUN19-7500-C,63.53,0.0155,0.1,0,1556870373560,18616696,5
2019-05-03 11:55:57.155,1.0,buy,5706.47,BTC-28JUN19-7500-C,63.85,0.019,1.0,0,1556884557155,18672846,6
2019-05-03 11:56:25.833,2.0,buy,5702.97,BTC-28JUN19-7500-C,64.95,0.02,2.0,0,1556884585833,18672853,7
2019-05-03 11:56:25.833,2.0,buy,5702.97,BTC-28JUN19-7500-C,64.95,0.02,2.0,1,1556884585833,18672854,8
2019-05-04 01:51:34.347,6.0,buy,5785.98,BTC-28JUN19-7500-C,64.29,0.0215,6.0,0,1556934694347,18733047,9
2019-05-04 14:28:10.529,0.5,buy,5578.05,BTC-28JUN19-7500-C,64.97,0.0165,0.5,2,1556980090529,18782449,10
2019-05-04 14:39:32.804,0.1,buy,5578.64,BTC-28JUN19-7500-C,65.03,0.0165,0.1,3,1556980772804,18783166,11
2019-05-06 01:46:00.937,0.4,buy,5595.89,BTC-28JUN19-7500-C,67.58,0.0185,0.4,0,1557107160937,18925181,12
2019-05-06 01:48:14.896,0.2,buy,5621.29,BTC-28JUN19-7500-C,66.88,0.0185,0.2,1,1557107294896,18925924,13
2019-05-07 01:11:21.502,0.1,buy,5776.86,BTC-28JUN19-7500-C,65.25,0.0205,0.1,0,1557191481502,18993139,14
2019-05-07 02:29:20.442,0.2,buy,5822.69,BTC-28JUN19-7500-C,65.05,0.0215,0.2,0,1557196160442,18998297,15
2019-05-07 06:45:43.089,1.2,sell,5888.48,BTC-28JUN19-7500-C,64.74,0.023,1.2,1,1557211543089,19030934,17
2019-05-07 06:45:43.089,1.0,sell,5888.48,BTC-28JUN19-7500-C,64.74,0.023,1.0,0,1557211543089,19030933,16
2019-05-07 08:51:02.434,2.0,sell,5866.88,BTC-28JUN19-7500-C,65.44,0.023,2.0,1,1557219062434,19034046,18
2019-05-07 09:48:20.789,1.0,buy,5919.87,BTC-28JUN19-7500-C,65.38,0.0245,1.0,0,1557222500789,19036502,19
2019-05-07 14:20:14.125,5.0,sell,5843.67,BTC-28JUN19-7500-C,65.78,0.0225,5.0,2,1557238814125,19058185,20
2019-05-07 22:31:38.741,10.0,sell,5876.12,BTC-28JUN19-7500-C,65.97,0.0235,10.0,0,1557268298741,19083532,21
2019-05-07 22:31:38.741,19.3,sell,5876.12,BTC-28JUN19-7500-C,65.48,0.023,19.3,2,1557268298741,19083533,22
2019-05-07 22:31:38.741,10.0,sell,5876.12,BTC-28JUN19-7500-C,64.99,0.0225,10.0,2,1557268298741,19083534,23
2019-05-07 22:31:52.530,10.0,sell,5876.93,BTC-28JUN19-7500-C,65.46,0.023,10.0,0,1557268312530,19083535,24
2019-05-08 15:06:01.551,1.0,sell,5869.8,BTC-28JUN19-7500-C,66.24,0.022,1.0,2,1557327961551,19151512,25
2019-05-08 15:10:49.269,5.0,buy,5866.02,BTC-28JUN19-7500-C,68.31,0.024,5.0,0,1557328249269,19151665,26
2019-05-08 16:01:39.876,10.0,buy,5910.33,BTC-28JUN19-7500-C,68.31,0.0255,10.0,0,1557331299876,19156303,27
2019-05-08 17:02:46.724,10.0,sell,5871.8,BTC-28JUN19-7500-C,68.34,0.024,10.0,2,1557334966724,19160492,28
2019-05-08 20:35:46.811,2.0,sell,5892.43,BTC-28JUN19-7500-C,67.03,0.023,2.0,2,1557347746811,19170079,29
2019-05-09 19:06:43.803,2.0,buy,6043.66,BTC-28JUN19-7500-C,68.24,0.028,2.0,0,1557428803803,19259471,30
2019-05-09 21:16:49.710,1.0,sell,6085.37,BTC-28JUN19-7500-C,65.32,0.026,1.0,2,1557436609710,19264491,31
2019-05-09 23:03:55.294,1.0,sell,6166.48,BTC-28JUN19-7500-C,65.1,0.028,1.0,0,1557443035294,19277017,32
2019-05-10 03:41:00.703,0.5,sell,6274.72,BTC-28JUN19-7500-C,65.75,0.032,0.5,0,1557459660703,19309590,33
2019-05-10 04:00:39.272,0.5,sell,6270.62,BTC-28JUN19-7500-C,65.33,0.0315,0.5,2,1557460839272,19311499,34
2019-05-10 06:10:42.204,3.0,sell,6262.09,BTC-28JUN19-7500-C,66.12,0.0315,3.0,3,1557468642204,19325883,35
2019-05-10 07:10:57.817,5.0,buy,6275.97,BTC-28JUN19-7500-C,68.09,0.0345,5.0,0,1557472257817,19330620,36
2019-05-10 15:51:18.662,0.1,sell,6284.55,BTC-28JUN19-7500-C,67.2,0.0335,0.1,2,1557503478662,19366213,37
2019-05-10 16:19:48.261,0.2,sell,6348.29,BTC-28JUN19-7500-C,65.21,0.0335,0.2,3,1557505188261,19372013,38
2019-05-10 20:10:24.395,0.5,sell,6356.08,BTC-28JUN19-7500-C,68.31,0.037000000000000005,0.5,0,1557519024395,19396106,39
2019-05-10 20:11:43.195,0.1,buy,6359.21,BTC-28JUN19-7500-C,68.97,0.038,0.1,0,1557519103195,19396302,40
2019-05-11 04:47:45.809,1.0,buy,6684.48,BTC-28JUN19-7500-C,65.65,0.0475,1.0,0,1557550065809,19451173,41
2019-05-11 06:00:17.131,1.0,sell,6719.7,BTC-28JUN19-7500-C,65.31,0.0485,1.0,0,1557554417131,19475994,42
2019-05-11 06:08:07.568,0.5,buy,6788.34,BTC-28JUN19-7500-C,64.87,0.051,0.5,0,1557554887568,19478358,43
2019-05-11 08:45:36.634,0.5,sell,6708.98,BTC-28JUN19-7500-C,64.86,0.048,0.5,2,1557564336634,19537459,44
2019-05-11 08:56:40.786,1.0,sell,6679.45,BTC-28JUN19-7500-C,64.59,0.0465,1.0,2,1557565000786,19539554,45
2019-05-11 12:26:22.036,1.0,sell,6780.11,BTC-28JUN19-7500-C,76.35,0.0675,1.0,0,1557577582036,19563299,46
2019-05-11 12:40:03.328,5.0,sell,6760.15,BTC-28JUN19-7500-C,75.78,0.066,5.0,2,1557578403328,19564234,47
2019-05-11 12:43:28.537,8.0,sell,6750.12,BTC-28JUN19-7500-C,75.39,0.065,8.0,2,1557578608537,19564426,48
2019-05-11 14:11:54.154,2.0,sell,6814.74,BTC-28JUN19-7500-C,73.02,0.0655,2.0,0,1557583914154,19570298,49
2019-05-11 15:21:26.486,8.0,sell,6838.44,BTC-28JUN19-7500-C,73.38,0.067,8.0,0,1557588086486,19578610,50
2019-05-11 17:42:31.269,1.0,buy,6957.33,BTC-28JUN19-7500-C,76.33,0.078,1.0,0,1557596551269,19616789,51
2019-05-11 17:57:00.961,1.0,buy,6964.62,BTC-28JUN19-7500-C,76.35,0.0785,1.0,0,1557597420961,19617999,52
2019-05-11 17:59:42.505,1.0,buy,6976.86,BTC-28JUN19-7500-C,76.3,0.079,1.0,0,1557597582505,19618170,53
2019-05-11 18:10:02.887,1.0,buy,6980.47,BTC-28JUN19-7500-C,76.95,0.08,1.0,0,1557598202887,19619307,54
2019-05-11 20:33:13.302,0.7000000000000001,buy,6928.33,BTC-28JUN19-7500-C,78.0,0.0785,0.7000000000000001,2,1557606793302,19636618,55
2019-05-11 21:59:39.890,1.0,buy,7077.43,BTC-28JUN19-7500-C,73.39,0.08,1.0,0,1557611979890,19646701,56
2019-05-11 22:00:47.236,1.0,buy,7091.76,BTC-28JUN19-7500-C,73.47,0.081,1.0,0,1557612047236,19647336,57
2019-05-11 22:01:02.194,1.0,buy,7100.16,BTC-28JUN19-7500-C,73.28,0.0815,1.0,0,1557612062194,19647600,58
2019-05-11 22:03:15.229,2.0,buy,7113.89,BTC-28JUN19-7500-C,73.49,0.08199999999999999,2.0,0,1557612195229,19649041,59
2019-05-11 22:03:24.160,3.0,buy,7122.21,BTC-28JUN19-7500-C,73.54,0.0825,3.0,0,1557612204160,19649113,60
2019-05-11 22:03:24.160,3.0,buy,7122.21,BTC-28JUN19-7500-C,73.88,0.083,3.0,0,1557612204160,19649114,61
2019-05-11 22:04:40.198,1.0,buy,7145.89,BTC-28JUN19-7500-C,73.4,0.084,1.0,0,1557612280198,19650222,62
2019-05-11 22:05:00.982,1.0,buy,7169.89,BTC-28JUN19-7500-C,73.06,0.085,1.0,0,1557612300982,19650581,63
2019-05-11 22:05:21.264,1.0,buy,7187.22,BTC-28JUN19-7500-C,72.76,0.086,1.0,0,1557612321264,19651556,64
2019-05-11 22:05:46.418,1.0,buy,7219.47,BTC-28JUN19-7500-C,71.55,0.087,1.0,0,1557612346418,19653122,65
2019-05-11 22:23:19.843,1.0,buy,7188.86,BTC-28JUN19-7500-C,74.36,0.08900000000000001,1.0,0,1557613399843,19663573,66
2019-05-11 22:23:31.791,1.0,buy,7206.31,BTC-28JUN19-7500-C,73.92,0.0895,1.0,0,1557613411791,19663815,67
2019-05-11 22:23:41.230,1.0,buy,7217.0,BTC-28JUN19-7500-C,73.83,0.09,1.0,0,1557613421230,19664048,68
2019-05-11 23:38:26.175,2.0,buy,7387.37,BTC-28JUN19-7500-C,93.55,0.1255,2.0,0,1557617906175,19716785,69
2019-05-11 23:38:55.372,1.0,buy,7390.49,BTC-28JUN19-7500-C,94.31,0.127,1.0,0,1557617935372,19717013,70
2019-05-12 00:38:18.161,5.3,buy,6969.44,BTC-28JUN19-7500-C,79.37,0.08199999999999999,5.3,2,1557621498161,19754907,71
2019-05-12 00:38:28.855,0.3,buy,6950.44,BTC-28JUN19-7500-C,80.0,0.08199999999999999,0.3,3,1557621508855,19755402,72
2019-05-12 00:38:30.740,0.3,buy,6943.97,BTC-28JUN19-7500-C,80.21,0.08199999999999999,0.3,3,1557621510740,19755455,73
2019-05-12 07:22:07.639,1.0,buy,7513.05,BTC-28JUN19-7500-C,86.49,0.121,1.0,0,1557645727639,19834613,74
2019-05-12 08:11:02.425,0.2,buy,7545.12,BTC-28JUN19-7500-C,88.23,0.1245,0.2,0,1557648662425,19844963,75
2019-05-12 08:17:00.006,7.0,buy,7368.76,BTC-28JUN19-7500-C,90.92,0.1185,7.0,2,1557649020006,19853669,76
2019-05-12 10:43:10.064,1.0,buy,7371.44,BTC-28JUN19-7500-C,77.79,0.1,1.0,2,1557657790064,19911630,77
2019-05-12 13:14:13.743,1.0,buy,7213.81,BTC-28JUN19-7500-C,78.37,0.093,1.0,2,1557666853743,19972369,78
2019-05-12 13:14:13.776,1.0,buy,7213.81,BTC-28JUN19-7500-C,78.72,0.0935,1.0,0,1557666853776,19972372,79
2019-05-12 13:14:14.477,1.0,buy,7213.81,BTC-28JUN19-7500-C,79.05,0.094,1.0,0,1557666854477,19972376,80
2019-05-12 13:14:14.912,1.0,buy,7213.81,BTC-28JUN19-7500-C,79.75,0.095,1.0,0,1557666854912,19972377,81
2019-05-12 14:43:42.506,0.1,sell,7055.65,BTC-28JUN19-7500-C,80.7,0.08800000000000001,0.1,2,1557672222506,19988637,82
2019-05-12 16:19:49.157,0.7000000000000001,sell,6899.09,BTC-28JUN19-7500-C,71.54,0.0675,0.7000000000000001,2,1557677989157,20026234,83
2019-05-12 23:44:06.087,15.0,buy,6942.56,BTC-28JUN19-7500-C,77.86,0.0775,15.0,0,1557704646087,20107895,84
2019-05-13 02:29:50.781,0.1,sell,7016.89,BTC-28JUN19-7500-C,79.56,0.084,0.1,0,1557714590781,20123139,85
2019-05-13 11:28:57.547,0.3,buy,7186.22,BTC-28JUN19-7500-C,78.62,0.091,0.3,0,1557746937547,20157317,86
2019-05-13 12:28:23.502,1.0,buy,7331.14,BTC-28JUN19-7500-C,77.78,0.098,1.0,0,1557750503502,20173967,87
2019-05-13 14:43:05.109,0.1,buy,7496.53,BTC-28JUN19-7500-C,79.3,0.11,0.1,0,1557758585109,20198069,88
2019-05-13 14:43:21.530,0.9,buy,7504.95,BTC-28JUN19-7500-C,78.89,0.11,0.9,1,1557758601530,20198166,89
2019-05-13 14:43:56.435,0.1,sell,7506.55,BTC-28JUN19-7500-C,79.0,0.11,0.1,1,1557758636435,20198269,90
2019-05-13 15:13:18.066,1.0,buy,7806.83,BTC-28JUN19-7500-C,77.96,0.1285,1.0,0,1557760398066,20217306,91
2019-05-13 15:13:19.222,9.0,buy,7810.03,BTC-28JUN19-7500-C,77.38,0.128,9.0,2,1557760399222,20217347,92
2019-05-13 15:13:29.623,1.0,buy,7827.35,BTC-28JUN19-7500-C,77.53,0.13,1.0,0,1557760409623,20217727,93
2019-05-13 15:13:56.753,1.0,buy,7868.15,BTC-28JUN19-7500-C,78.35,0.135,1.0,0,1557760436753,20218770,94
2019-05-13 15:14:56.528,1.0,buy,7876.63,BTC-28JUN19-7500-C,80.9,0.14,1.0,0,1557760496528,20221243,95
2019-05-13 15:24:23.463,0.5,buy,7791.41,BTC-28JUN19-7500-C,78.43,0.1285,0.5,2,1557761063463,20232214,96
2019-05-13 15:27:15.880,5.0,sell,7834.74,BTC-28JUN19-7500-C,76.21,0.128,5.0,2,1557761235880,20233729,97
2019-05-13 16:10:47.179,10.6,sell,7830.27,BTC-28JUN19-7500-C,85.98,0.141,10.6,0,1557763847179,20254231,98
2019-05-13 16:10:47.206,1.7,sell,7830.27,BTC-28JUN19-7500-C,85.98,0.141,1.7,1,1557763847206,20254234,99
2019-05-13 16:10:47.286,0.4,sell,7830.27,BTC-28JUN19-7500-C,85.98,0.141,0.4,1,1557763847286,20254242,100
2019-05-13 17:00:24.073,0.2,buy,7919.74,BTC-28JUN19-7500-C,94.74,0.158,0.2,0,1557766824073,20271138,101
2019-05-13 17:42:19.188,3.0,sell,7845.36,BTC-28JUN19-7500-C,90.07,0.1475,3.0,2,1557769339188,20284907,102
2019-05-13 19:00:57.952,20.0,buy,7869.79,BTC-28JUN19-7500-C,88.0,0.146,20.0,2,1557774057952,20294939,103
2019-05-13 21:57:56.793,0.5,sell,8103.22,BTC-28JUN19-7500-C,98.29,0.1745,0.5,0,1557784676793,20330737,104
2019-05-13 22:00:00.192,0.5,buy,8105.53,BTC-28JUN19-7500-C,98.74,0.175,0.5,0,1557784800192,20331109,105
2019-05-13 22:44:46.182,0.1,buy,8090.8,BTC-28JUN19-7500-C,104.07,0.181,0.1,0,1557787486182,20339398,106
2019-05-13 23:28:23.507,2.0,buy,7781.68,BTC-28JUN19-7500-C,94.72,0.15,2.0,2,1557790103507,20363903,107
2019-05-13 23:30:55.471,1.0,buy,7774.41,BTC-28JUN19-7500-C,94.73,0.15,1.0,3,1557790255471,20364491,108
2019-05-14 00:52:25.355,0.1,sell,7938.31,BTC-28JUN19-7500-C,92.5,0.1565,0.1,0,1557795145355,20381441,109
2019-05-14 08:55:07.743,1.0,sell,7997.31,BTC-28JUN19-7500-C,99.35,0.17,1.0,0,1557824107743,20477702,110
2019-05-15 09:47:19.023,0.5,buy,8049.82,BTC-28JUN19-7500-C,94.62,0.166,0.5,2,1557913639023,20689031,111
2019-05-16 04:42:59.110,1.0,sell,7970.71,BTC-28JUN19-7500-C,86.1,0.153,1.0,2,1557981779110,20855128,112
2019-05-16 13:47:53.997,0.1,buy,7825.6,BTC-28JUN19-7500-C,95.46,0.153,0.1,3,1558014473997,20932191,113
2019-05-17 03:28:03.029,5.0,sell,7258.44,BTC-28JUN19-7500-C,107.36,0.1355,5.0,2,1558063683029,21072508,114
2019-05-17 05:58:21.594,0.2,sell,7171.66,BTC-28JUN19-7500-C,99.1,0.12,0.2,2,1558072701594,21116371,115
2019-05-17 07:21:59.479,5.0,sell,7305.24,BTC-28JUN19-7500-C,99.02,0.1265,5.0,0,1558077719479,21126724,116
2019-05-17 07:22:23.012,5.0,buy,7303.13,BTC-28JUN19-7500-C,99.84,0.1275,5.0,0,1558077743012,21126758,117
2019-05-17 07:22:23.012,4.0,buy,7303.13,BTC-28JUN19-7500-C,99.84,0.1275,4.0,1,1558077743012,21126759,118
2019-05-17 10:42:04.469,1.0,sell,7219.75,BTC-28JUN19-7500-C,97.14,0.118,1.0,2,1558089724469,21144449,119
2019-05-17 10:42:05.659,1.0,buy,7219.33,BTC-28JUN19-7500-C,105.33,0.129,1.0,0,1558089725659,21144455,120
2019-05-17 10:42:06.786,1.0,buy,7219.33,BTC-28JUN19-7500-C,104.96,0.1285,1.0,2,1558089726786,21144456,121
2019-05-17 15:22:32.351,9.6,sell,7166.82,BTC-28JUN19-7500-C,97.34,0.116,9.6,2,1558106552351,21186505,122
2019-05-17 16:20:47.414,5.0,buy,7152.66,BTC-28JUN19-7500-C,98.65,0.117,5.0,0,1558110047414,21196051,123
2019-05-17 16:22:02.166,5.0,buy,7149.48,BTC-28JUN19-7500-C,98.76,0.117,5.0,1,1558110122166,21196382,124
2019-05-17 16:49:28.609,1.0,sell,7103.43,BTC-28JUN19-7500-C,98.59,0.114,1.0,2,1558111768609,21199483,125
2019-05-17 19:42:10.435,1.0,buy,7082.89,BTC-28JUN19-7500-C,96.9,0.11,1.0,2,1558122130435,21224213,126
2019-05-18 08:46:32.172,1.0,buy,7351.09,BTC-28JUN19-7500-C,100.19,0.125,1.0,0,1558169192172,21284256,127
2019-05-18 09:11:37.255,0.1,sell,7298.5,BTC-28JUN19-7500-C,101.03,0.1235,0.1,2,1558170697255,21285655,128
2019-05-18 09:30:33.213,0.1,sell,7227.13,BTC-28JUN19-7500-C,101.0,0.119,0.1,2,1558171833213,21288630,129
2019-05-18 15:32:34.656,1.0,sell,7393.62,BTC-28JUN19-7500-C,98.16,0.124,1.0,0,1558193554656,21304428,130
2019-05-19 02:59:41.046,3.0,buy,7739.79,BTC-28JUN19-7500-C,103.98,0.151,3.0,0,1558234781046,21355307,131
2019-05-19 03:17:38.778,0.2,sell,7812.79,BTC-28JUN19-7500-C,102.64,0.153,0.2,0,1558235858778,21357296,132
2019-05-19 07:56:06.907,0.1,buy,7986.53,BTC-28JUN19-7500-C,106.86,0.1695,0.1,0,1558252566907,21383874,133
2019-05-19 10:04:02.031,1.0,buy,8053.95,BTC-28JUN19-7500-C,104.75,0.1705,1.0,0,1558260242031,21393138,134
2019-05-19 14:54:53.154,0.1,buy,7938.34,BTC-28JUN19-7500-C,106.13,0.1685,0.1,2,1558277693154,21430945,135
2019-05-19 16:17:49.465,3.0,sell,7940.64,BTC-28JUN19-7500-C,96.93,0.158,3.0,2,1558282669465,21434661,137
2019-05-19 16:17:49.465,4.0,sell,7940.64,BTC-28JUN19-7500-C,97.34,0.1585,4.0,2,1558282669465,21434660,136
2019-05-19 16:18:14.145,2.0,buy,7941.56,BTC-28JUN19-7500-C,97.02,0.158,2.0,3,1558282694145,21434680,138
2019-05-19 16:20:03.618,0.8,sell,7942.07,BTC-28JUN19-7500-C,94.31,0.155,0.8,3,1558282803618,21434770,140
2019-05-19 16:20:03.618,4.2,sell,7942.07,BTC-28JUN19-7500-C,94.31,0.155,4.2,2,1558282803618,21434769,139
2019-05-19 17:01:33.092,1.0,buy,7940.47,BTC-28JUN19-7500-C,95.4,0.155,1.0,3,1558285293092,21437821,141
2019-05-20 04:34:36.799,1.0,buy,8046.12,BTC-28JUN19-7500-C,101.9,0.17,1.0,0,1558326876799,21527544,142
2019-05-20 04:42:33.698,0.1,sell,8079.54,BTC-28JUN19-7500-C,91.34,0.1595,0.1,2,1558327353698,21528071,143
2019-05-20 04:43:06.560,0.5,sell,8077.32,BTC-28JUN19-7500-C,91.54,0.1595,0.5,3,1558327386560,21528078,144
2019-05-20 12:46:16.326,1.1,sell,7810.42,BTC-28JUN19-7500-C,98.85,0.152,1.1,2,1558356376326,21569476,145
2019-05-20 16:15:03.798,5.0,buy,7851.93,BTC-28JUN19-7500-C,99.77,0.155,5.0,0,1558368903798,21600487,146
2019-05-20 21:25:02.832,2.0,buy,8098.56,BTC-28JUN19-7500-C,98.26,0.1675,2.0,0,1558387502832,21631499,147
2019-05-20 21:26:11.464,5.0,buy,8113.74,BTC-28JUN19-7500-C,98.71,0.1685,5.0,0,1558387571464,21631817,148
2019-05-20 23:39:27.560,5.0,buy,7977.67,BTC-28JUN19-7500-C,98.7,0.1605,5.0,2,1558395567560,21651464,149
2019-05-20 23:39:52.331,5.0,sell,7978.38,BTC-28JUN19-7500-C,99.16,0.161,5.0,0,1558395592331,21651472,150
2019-05-21 02:44:07.040,5.0,sell,7896.59,BTC-28JUN19-7500-C,92.59,0.147,5.0,2,1558406647040,21663370,151
2019-05-21 02:44:07.040,19.9,sell,7896.59,BTC-28JUN19-7500-C,92.59,0.147,19.9,3,1558406647040,21663371,152
2019-05-21 04:58:09.951,5.0,buy,7898.58,BTC-28JUN19-7500-C,96.03,0.1515,5.0,0,1558414689951,21669455,153
2019-05-21 04:58:27.207,5.0,buy,7889.28,BTC-28JUN19-7500-C,96.55,0.1515,5.0,1,1558414707207,21669500,154
2019-05-21 07:02:59.768,5.0,sell,7957.36,BTC-28JUN19-7500-C,96.59,0.156,5.0,0,1558422179768,21674409,155
2019-05-22 10:03:28.749,10.0,sell,7866.23,BTC-28JUN19-7500-C,91.7,0.1425,10.0,2,1558519408749,21756260,156
2019-05-22 15:19:49.254,1.0,buy,7870.81,BTC-28JUN19-7500-C,89.5,0.14,1.0,2,1558538389254,21777891,157
2019-05-22 15:19:52.234,1.0,buy,7877.55,BTC-28JUN19-7500-C,89.78,0.141,1.0,0,1558538392234,21778036,158
2019-05-22 15:20:00.310,1.0,buy,7900.61,BTC-28JUN19-7500-C,89.56,0.1425,1.0,0,1558538400310,21778256,159
2019-05-22 16:34:14.672,0.4,buy,7952.77,BTC-28JUN19-7500-C,92.62,0.15,0.4,1,1558542854672,21788299,161
2019-05-22 16:34:14.672,9.6,buy,7952.77,BTC-28JUN19-7500-C,92.62,0.15,9.6,0,1558542854672,21788298,160
2019-05-22 18:50:19.890,0.5,buy,7938.61,BTC-28JUN19-7500-C,88.0,0.1435,0.5,2,1558551019890,21795390,162
2019-05-22 20:30:52.941,1.0,sell,7809.6,BTC-28JUN19-7500-C,93.01,0.14,1.0,2,1558557052941,21813083,163
2019-05-23 07:37:22.144,20.0,buy,7618.82,BTC-28JUN19-7500-C,89.0,0.123,20.0,2,1558597042144,21877336,164
2019-05-23 09:14:35.162,0.1,buy,7494.34,BTC-28JUN19-7500-C,86.64,0.113,0.1,2,1558602875162,21885164,165
2019-05-23 09:14:43.343,0.1,buy,7499.7,BTC-28JUN19-7500-C,86.46,0.113,0.1,3,1558602883343,21885305,166
2019-05-23 09:14:46.672,0.1,buy,7498.99,BTC-28JUN19-7500-C,86.43,0.113,0.1,3,1558602886672,21885317,167
2019-05-23 09:15:39.387,0.1,buy,7503.91,BTC-28JUN19-7500-C,87.54,0.1145,0.1,0,1558602939387,21885940,168
2019-05-23 09:15:56.886,0.1,buy,7517.49,BTC-28JUN19-7500-C,87.23,0.115,0.1,0,1558602956886,21886035,169
2019-05-23 13:46:47.352,4.0,buy,7665.31,BTC-28JUN19-7500-C,90.22,0.127,4.0,0,1558619207352,21901648,170
2019-05-23 13:50:10.271,0.6,buy,7669.69,BTC-28JUN19-7500-C,90.16,0.127,0.6,1,1558619410271,21901832,171
2019-05-23 15:10:11.137,0.1,sell,7755.08,BTC-28JUN19-7500-C,86.9,0.1275,0.1,0,1558624211137,21909081,172
2019-05-23 16:05:06.028,2.0,buy,7787.78,BTC-28JUN19-7500-C,92.89,0.136,2.0,0,1558627506028,21916245,173
2019-05-23 16:08:22.797,1.0,buy,7793.18,BTC-28JUN19-7500-C,93.32,0.1365,1.0,0,1558627702797,21916294,174
2019-05-23 16:10:22.697,1.0,buy,7836.08,BTC-28JUN19-7500-C,92.94,0.139,1.0,0,1558627822697,21916808,175
2019-05-23 17:37:39.245,4.0,buy,7766.25,BTC-28JUN19-7500-C,90.46,0.1315,4.0,2,1558633059245,21923801,176
2019-05-23 22:48:31.062,5.0,buy,7938.59,BTC-28JUN19-7500-C,91.32,0.14400000000000002,5.0,0,1558651711062,21945934,177
2019-05-23 22:48:42.672,5.0,sell,7931.88,BTC-28JUN19-7500-C,91.2,0.1435,5.0,2,1558651722672,21945985,178
2019-05-24 08:20:35.334,2.0,buy,7972.07,BTC-28JUN19-7500-C,88.68,0.1435,2.0,3,1558686035334,21971189,179
2019-05-24 08:34:19.858,1.0,sell,8015.02,BTC-28JUN19-7500-C,90.25,0.1485,1.0,0,1558686859858,21973530,180
2019-05-24 10:19:18.048,0.1,sell,8016.26,BTC-28JUN19-7500-C,85.2,0.142,0.1,2,1558693158048,21979257,181
2019-05-24 15:01:45.166,1.0,sell,8086.53,BTC-28JUN19-7500-C,86.71,0.1495,1.0,0,1558710105166,21993897,182
2019-05-24 15:58:13.441,0.1,buy,8112.58,BTC-28JUN19-7500-C,85.79,0.15,0.1,0,1558713493441,22000275,183
2019-05-26 06:36:21.248,1.0,sell,7961.77,BTC-28JUN19-7500-C,88.78,0.141,1.0,2,1558852581248,22088925,184
2019-05-26 06:47:33.408,1.0,sell,7968.5,BTC-28JUN19-7500-C,87.73,0.14,1.0,2,1558853253408,22089344,185
2019-05-26 19:56:39.523,1.0,buy,8597.42,BTC-28JUN19-7500-C,88.58,0.191,1.0,0,1558900599523,22158926,186
2019-05-26 19:56:51.164,5.0,sell,8602.86,BTC-28JUN19-7500-C,90.61,0.193,5.0,0,1558900611164,22159346,187
2019-05-26 20:09:25.317,1.0,buy,8705.63,BTC-28JUN19-7500-C,76.62,0.187,1.0,2,1558901365317,22175155,188
2019-05-27 19:55:57.035,37.0,sell,8813.77,BTC-28JUN19-7500-C,99.17,0.212,37.0,0,1558986957035,22352721,189
2019-05-27 19:57:55.661,0.2,buy,8815.5,BTC-28JUN19-7500-C,90.27,0.205,0.2,2,1558987075661,22352820,190
2019-05-30 16:07:26.248,5.0,sell,9020.67,BTC-28JUN19-7500-C,97.01,0.2155,5.0,0,1559232446248,22627081,191
2019-05-30 21:35:16.605,1.0,sell,8139.61,BTC-28JUN19-7500-C,92.58,0.147,1.0,2,1559252116605,22727777,192
2019-05-31 00:23:48.398,1.0,sell,8308.75,BTC-28JUN19-7500-C,91.86,0.157,1.0,0,1559262228398,22755208,193
2019-05-31 03:35:27.032,2.0,sell,8231.8,BTC-28JUN19-7500-C,93.06,0.152,2.0,2,1559273727032,22765907,194
2019-05-31 20:50:18.355,0.7000000000000001,buy,8492.63,BTC-28JUN19-7500-C,86.86,0.16699999999999998,0.7000000000000001,0,1559335818355,22840138,195
2019-06-01 14:35:30.253,1.0,buy,8526.03,BTC-28JUN19-7500-C,82.45,0.16399999999999998,1.0,2,1559399730253,22885408,196
2019-06-01 14:37:59.663,1.0,buy,8522.97,BTC-28JUN19-7500-C,81.97,0.1635,1.0,2,1559399879663,22885440,197
2019-06-02 12:21:44.038,4.0,sell,8794.54,BTC-28JUN19-7500-C,96.93,0.1925,4.0,0,1559478104038,22935634,198
2019-06-02 13:43:31.004,5.0,sell,8707.52,BTC-28JUN19-7500-C,85.38,0.1765,5.0,2,1559483011004,22945926,199
2019-06-02 13:43:33.198,0.3,buy,8707.92,BTC-28JUN19-7500-C,86.02,0.177,0.3,0,1559483013198,22945927,200
2019-06-02 13:44:18.024,5.0,sell,8711.44,BTC-28JUN19-7500-C,84.91,0.1765,5.0,2,1559483058024,22946012,201
2019-06-03 07:10:25.682,5.0,sell,8466.88,BTC-28JUN19-7500-C,87.09,0.161,5.0,2,1559545825682,22997837,202
2019-06-03 07:10:32.391,5.0,sell,8461.25,BTC-28JUN19-7500-C,86.79,0.1605,5.0,2,1559545832391,22997880,203
2019-06-03 16:31:39.335,5.0,buy,8506.34,BTC-28JUN19-7500-C,88.94,0.1625,5.0,0,1559579499335,23053390,204
2019-06-03 17:18:17.832,10.0,sell,8485.75,BTC-28JUN19-7500-C,88.09,0.162,10.0,2,1559582297832,23057490,205
2019-06-03 17:18:19.565,5.0,sell,8474.4,BTC-28JUN19-7500-C,89.69,0.162,5.0,3,1559582299565,23057542,206
2019-06-03 17:18:19.704,0.6,sell,8474.4,BTC-28JUN19-7500-C,89.69,0.162,0.6,3,1559582299704,23057569,207
2019-06-03 17:18:19.938,0.9,sell,8474.4,BTC-28JUN19-7500-C,89.69,0.162,0.9,3,1559582299938,23057580,208
2019-06-03 17:18:22.030,0.6,sell,8473.19,BTC-28JUN19-7500-C,89.75,0.162,0.6,3,1559582302030,23057606,209
2019-06-03 17:18:25.589,7.9,sell,8473.53,BTC-28JUN19-7500-C,89.78,0.162,7.9,3,1559582305589,23057694,210
2019-06-03 17:19:19.372,5.0,sell,8471.41,BTC-28JUN19-7500-C,88.52,0.1615,5.0,2,1559582359372,23058264,211
2019-06-03 17:20:12.392,5.0,sell,8470.06,BTC-28JUN19-7500-C,88.49,0.1615,5.0,3,1559582412392,23058558,212
2019-06-03 17:20:17.086,5.0,sell,8470.65,BTC-28JUN19-7500-C,88.46,0.1615,5.0,3,1559582417086,23058561,213
2019-06-03 17:20:39.317,5.0,sell,8470.53,BTC-28JUN19-7500-C,88.43,0.1615,5.0,3,1559582439317,23058575,214
2019-06-03 17:29:47.553,5.0,sell,8478.88,BTC-28JUN19-7500-C,88.17,0.1615,5.0,3,1559582987553,23059083,215
2019-06-03 23:23:22.212,0.1,sell,8182.81,BTC-28JUN19-7500-C,90.49,0.1415,0.1,2,1559604202212,23089077,216
2019-06-04 04:13:38.410,1.0,sell,7875.78,BTC-28JUN19-7500-C,88.13,0.11699999999999999,1.0,2,1559621618410,23163023,217
2019-06-04 06:08:56.465,0.1,sell,7896.94,BTC-28JUN19-7500-C,84.49,0.114,0.1,2,1559628536465,23171253,218
2019-06-04 12:26:37.883,5.0,buy,7893.76,BTC-28JUN19-7500-C,87.35,0.1155,5.0,0,1559651197883,23204662,219
2019-06-04 19:04:05.466,0.2,sell,7667.97,BTC-28JUN19-7500-C,84.81,0.0975,0.2,2,1559675045466,23270943,220
2019-06-04 19:04:05.466,0.8,sell,7667.97,BTC-28JUN19-7500-C,83.29,0.096,0.8,2,1559675045466,23270944,221
2019-06-04 20:12:52.044,2.0,sell,7635.49,BTC-28JUN19-7500-C,87.19,0.098,2.0,0,1559679172044,23291171,222
2019-06-04 21:55:54.544,2.0,sell,7501.5,BTC-28JUN19-7500-C,88.19,0.09,2.0,2,1559685354544,23301123,223
2019-06-04 22:50:55.297,10.0,sell,7628.85,BTC-28JUN19-7500-C,82.88,0.09300000000000001,10.0,0,1559688655297,23317297,224
2019-06-05 10:47:25.853,1.0,buy,7816.58,BTC-28JUN19-7500-C,88.66,0.1105,1.0,0,1559731645853,23347791,225
2019-06-05 10:47:25.853,3.0,buy,7816.58,BTC-28JUN19-7500-C,88.66,0.1105,3.0,1,1559731645853,23347792,226
2019-06-06 18:10:43.320,2.0,buy,7607.98,BTC-28JUN19-7500-C,76.76,0.0805,2.0,2,1559844643320,23498750,227
2019-06-06 18:12:06.020,2.0,sell,7599.46,BTC-28JUN19-7500-C,76.58,0.08,2.0,2,1559844726020,23499331,228
2019-06-06 18:53:36.128,5.0,buy,7604.48,BTC-28JUN19-7500-C,80.7,0.084,5.0,0,1559847216128,23516463,229
2019-06-07 08:11:28.532,3.0,buy,8028.41,BTC-28JUN19-7500-C,74.54,0.10800000000000001,3.0,0,1559895088532,23576781,230
2019-06-07 08:11:48.088,2.0,buy,8019.65,BTC-28JUN19-7500-C,75.77,0.10800000000000001,2.0,1,1559895108088,23577329,231
2019-06-07 08:30:25.066,3.0,sell,7995.3,BTC-28JUN19-7500-C,74.07,0.1045,3.0,2,1559896225066,23579466,232
2019-06-07 08:34:18.516,5.0,sell,7978.22,BTC-28JUN19-7500-C,74.14,0.1035,5.0,2,1559896458516,23579760,233
2019-06-07 09:16:38.945,3.0,sell,7988.55,BTC-28JUN19-7500-C,74.0,0.10400000000000001,3.0,0,1559898998945,23580987,234
2019-06-07 18:12:22.576,0.1,buy,8089.79,BTC-28JUN19-7500-C,79.1,0.115,0.1,0,1559931142576,23605509,235
2019-06-08 01:18:06.789,0.1,sell,8031.03,BTC-28JUN19-7500-C,76.76,0.10800000000000001,0.1,2,1559956686789,23633380,236
2019-06-08 15:10:11.954,0.1,sell,7942.52,BTC-28JUN19-7500-C,71.25,0.0945,0.1,2,1560006611954,23661274,237
2019-06-09 13:38:21.852,1.0,sell,7743.79,BTC-28JUN19-7500-C,70.93,0.078,1.0,2,1560087501852,23712518,238
2019-06-09 14:23:41.635,1.0,sell,7737.73,BTC-28JUN19-7500-C,70.5,0.077,1.0,2,1560090221635,23717722,239
2019-06-09 16:51:09.272,1.5,sell,7639.03,BTC-28JUN19-7500-C,69.26,0.069,1.5,2,1560099069272,23731794,240
2019-06-09 16:53:13.697,0.1,sell,7661.46,BTC-28JUN19-7500-C,70.23,0.071,0.1,0,1560099193697,23732123,241
2019-06-09 17:09:28.047,1.0,sell,7659.12,BTC-28JUN19-7500-C,70.64,0.0715,1.0,0,1560100168047,23733301,242
2019-06-09 17:34:25.683,1.0,sell,7668.04,BTC-28JUN19-7500-C,69.94,0.0715,1.0,1,1560101665683,23734282,243
2019-06-09 22:27:17.322,2.0,sell,7534.9,BTC-28JUN19-7500-C,71.68,0.0635,2.0,2,1560119237322,23764242,244
2019-06-09 22:54:26.121,1.0,sell,7579.51,BTC-28JUN19-7500-C,71.47,0.0665,1.0,0,1560120866121,23769686,245
2019-06-10 03:05:10.717,0.1,sell,7655.11,BTC-28JUN19-7500-C,73.61,0.07400000000000001,0.1,0,1560135910717,23796361,246
2019-06-10 05:39:47.886,5.0,buy,7637.53,BTC-28JUN19-7500-C,75.01,0.07400000000000001,5.0,1,1560145187886,23801107,247
2019-06-10 05:39:53.061,0.4,buy,7637.22,BTC-28JUN19-7500-C,76.19,0.075,0.4,1,1560145193061,23801117,249
2019-06-10 05:39:53.061,1.0,buy,7637.22,BTC-28JUN19-7500-C,76.19,0.075,1.0,0,1560145193061,23801116,248
2019-06-10 12:08:57.818,1.0,buy,8039.63,BTC-28JUN19-7500-C,75.69,0.1025,1.0,0,1560168537818,23841343,250
2019-06-10 12:23:30.267,0.4,sell,7973.1,BTC-28JUN19-7500-C,70.72,0.0915,0.4,2,1560169410267,23845644,251
2019-06-10 12:50:22.375,5.0,buy,7975.18,BTC-28JUN19-7500-C,75.83,0.095,5.0,0,1560171022375,23849557,252
2019-06-10 12:51:06.287,5.0,buy,7974.68,BTC-28JUN19-7500-C,77.81,0.0965,5.0,0,1560171066287,23849576,253
2019-06-10 13:01:00.893,2.0,buy,7988.17,BTC-28JUN19-7500-C,79.6,0.099,2.0,0,1560171660893,23850591,254
2019-06-10 13:01:59.984,0.4,buy,7987.96,BTC-28JUN19-7500-C,76.88,0.09699999999999999,0.4,2,1560171719984,23850642,255
2019-06-10 13:18:31.279,0.4,buy,7984.26,BTC-28JUN19-7500-C,76.5,0.09699999999999999,0.4,3,1560172711279,23851818,256
2019-06-10 14:28:51.241,0.4,buy,7968.37,BTC-28JUN19-7500-C,76.77,0.0975,0.4,0,1560176931241,23857514,257
2019-06-10 14:28:51.241,1.1,buy,7968.37,BTC-28JUN19-7500-C,79.26,0.0995,1.1,0,1560176931241,23857515,258
2019-06-10 14:31:05.773,0.1,buy,7961.62,BTC-28JUN19-7500-C,77.42,0.0975,0.1,2,1560177065773,23857767,259
2019-06-10 16:13:20.056,3.0,buy,7950.07,BTC-28JUN19-7500-C,73.54,0.094,3.0,2,1560183200056,23864238,260
2019-06-11 04:39:46.216,0.4,sell,7954.64,BTC-28JUN19-7500-C,72.58,0.0935,0.4,2,1560227986216,23893299,261
2019-06-11 10:18:30.733,0.5,sell,7786.6,BTC-28JUN19-7500-C,76.31,0.084,0.5,2,1560248310733,23907373,262
2019-06-12 04:01:51.133,1.6,buy,8001.98,BTC-28JUN19-7500-C,76.41,0.0965,1.6,0,1560312111133,23982048,263
2019-06-12 04:06:48.441,5.0,buy,7994.09,BTC-28JUN19-7500-C,76.77,0.0965,5.0,1,1560312408441,23982191,264
2019-06-12 04:06:48.441,2.2,buy,7994.09,BTC-28JUN19-7500-C,76.77,0.0965,2.2,1,1560312408441,23982192,265
2019-06-12 08:37:59.814,0.5,sell,7963.98,BTC-28JUN19-7500-C,69.74,0.08900000000000001,0.5,2,1560328679814,23989020,266
2019-06-14 04:53:57.532,0.1,sell,8235.68,BTC-28JUN19-7500-C,70.0,0.107,0.1,0,1560488037532,24114268,267
2019-06-14 11:50:38.700,0.6,buy,8291.56,BTC-28JUN19-7500-C,73.44,0.1145,0.6,0,1560513038700,24128751,268
2019-06-14 11:51:20.304,0.4,buy,8291.06,BTC-28JUN19-7500-C,73.47,0.1145,0.4,1,1560513080304,24128777,269
2019-06-14 13:41:20.378,4.0,buy,8412.27,BTC-28JUN19-7500-C,69.26,0.122,4.0,0,1560519680378,24139028,270
2019-06-14 15:05:09.928,0.1,sell,8402.86,BTC-28JUN19-7500-C,68.92,0.121,0.1,2,1560524709928,24145917,271
2019-06-14 16:10:17.627,2.0,sell,8421.75,BTC-28JUN19-7500-C,68.17,0.1225,2.0,0,1560528617627,24149532,272
2019-06-14 23:42:11.626,0.1,buy,8715.28,BTC-28JUN19-7500-C,76.22,0.15,0.1,0,1560555731626,24185533,273
2019-06-15 00:33:04.258,1.0,buy,8669.59,BTC-28JUN19-7500-C,79.43,0.14800000000000002,1.0,2,1560558784258,24188551,274
2019-06-15 00:33:04.258,6.6000000000000005,buy,8669.59,BTC-28JUN19-7500-C,79.43,0.14800000000000002,6.6000000000000005,3,1560558784258,24188552,275
2019-06-15 00:33:04.258,5.0,buy,8669.59,BTC-28JUN19-7500-C,79.43,0.14800000000000002,5.0,3,1560558784258,24188553,276
2019-06-15 00:33:04.387,2.4,sell,8669.59,BTC-28JUN19-7500-C,79.43,0.14800000000000002,2.4,3,1560558784387,24188554,277
2019-06-15 16:33:01.142,0.1,buy,8834.14,BTC-28JUN19-7500-C,73.34,0.16,0.1,0,1560616381142,24227054,278
2019-06-16 06:10:00.438,0.6,buy,9250.22,BTC-28JUN19-7500-C,0.0,0.192,0.6,0,1560665400438,24304825,279
2019-06-16 06:10:02.773,0.6,buy,9250.03,BTC-28JUN19-7500-C,0.0,0.192,0.6,1,1560665402773,24304828,280
2019-06-16 06:10:02.798,0.6,buy,9250.03,BTC-28JUN19-7500-C,0.0,0.192,0.6,1,1560665402798,24304830,281
2019-06-16 06:10:02.861,0.6,buy,9250.03,BTC-28JUN19-7500-C,0.0,0.192,0.6,1,1560665402861,24304831,282
2019-06-16 06:10:04.849,0.6,buy,9247.82,BTC-28JUN19-7500-C,0.0,0.192,0.6,1,1560665404849,24304844,283
2019-06-16 06:10:10.128,6.0,sell,9249.52,BTC-28JUN19-7500-C,0.0,0.1915,6.0,2,1560665410128,24304874,284
2019-06-16 06:10:10.198,0.6,buy,9249.52,BTC-28JUN19-7500-C,0.0,0.191,0.6,2,1560665410198,24304875,285
2019-06-16 06:10:10.694,0.4,buy,9249.6,BTC-28JUN19-7500-C,0.0,0.191,0.4,3,1560665410694,24304876,286
2019-06-16 06:10:34.636,3.0,buy,9265.38,BTC-28JUN19-7500-C,129.1,0.218,3.0,0,1560665434636,24304971,287
2019-06-17 10:59:55.406,6.0,buy,9281.98,BTC-28JUN19-7500-C,118.09,0.21,6.0,2,1560769195406,24482652,288
2019-06-17 10:59:55.406,4.0,buy,9281.98,BTC-28JUN19-7500-C,118.09,0.21,4.0,3,1560769195406,24482653,289
2019-06-17 15:57:47.623,5.0,sell,9187.2,BTC-28JUN19-7500-C,93.96,0.19699999999999998,5.0,2,1560787067623,24530054,290
2019-06-17 16:28:22.539,1.0,sell,9184.2,BTC-28JUN19-7500-C,93.88,0.1965,1.0,2,1560788902539,24535424,291
2019-06-17 16:40:21.176,2.0,sell,9214.05,BTC-28JUN19-7500-C,93.79,0.1985,2.0,0,1560789621176,24536094,292
2019-06-18 05:49:39.459,1.1,buy,9142.07,BTC-28JUN19-7500-C,69.44,0.188,1.1,2,1560836979459,24623671,293
2019-06-20 00:15:09.850,0.1,sell,9292.01,BTC-28JUN19-7500-C,90.52,0.204,0.1,0,1560989709850,24778185,294
2019-06-20 00:24:22.851,0.1,sell,9283.37,BTC-28JUN19-7500-C,89.72,0.203,0.1,2,1560990262851,24778414,295
2019-06-20 01:23:23.681,0.1,sell,9270.74,BTC-28JUN19-7500-C,89.43,0.2025,0.1,2,1560993803681,24780018,296
