date_utc,amount,direction,indexPrice,instrument,iv,price,quantity,tickDirection,timeStamp,tradeId,tradeSeq
2019-02-14 06:23:25.195,2.0,buy,3574.55,BTC-29MAR19-3000-P,62.35,0.0235,2.0,1,1550125405195,15355719,418
2019-02-14 07:58:14.697,0.3,sell,3566.42,BTC-29MAR19-3000-P,62.39,0.024,0.3,0,1550131094697,15358455,419
2019-02-14 10:12:53.541,2.0,buy,3563.78,BTC-29MAR19-3000-P,62.16,0.024,2.0,1,1550139173541,15360020,420
2019-02-14 10:25:26.360,10.0,buy,3558.3,BTC-29MAR19-3000-P,62.26,0.0245,10.0,0,1550139926360,15361325,421
2019-02-14 11:30:49.828,3.4,buy,3560.16,BTC-29MAR19-3000-P,62.36,0.0245,3.4,1,1550143849828,15365599,422
2019-02-14 11:35:26.883,9.6,sell,3560.3,BTC-29MAR19-3000-P,62.36,0.0245,9.6,1,1550144126883,15365686,423
2019-02-14 12:39:48.902,2.0,sell,3561.45,BTC-29MAR19-3000-P,60.29,0.0225,2.0,2,1550147988902,15367632,424
2019-02-14 12:56:20.726,5.0,buy,3560.94,BTC-29MAR19-3000-P,62.82,0.025,5.0,0,1550148980726,15367818,425
2019-02-14 12:59:33.487,5.0,buy,3556.78,BTC-29MAR19-3000-P,62.65,0.025,5.0,1,1550149173487,15367878,426
2019-02-14 14:01:44.398,5.0,sell,3563.47,BTC-29MAR19-3000-P,62.07,0.024,5.0,2,1550152904398,15368440,427
2019-02-14 14:01:47.266,5.0,sell,3563.47,BTC-29MAR19-3000-P,62.07,0.024,5.0,3,1550152907266,15368441,428
2019-02-14 14:33:47.087,1.1,sell,3560.33,BTC-29MAR19-3000-P,61.34,0.0235,1.1,2,1550154827087,15368867,429
2019-02-14 17:57:59.956,10.0,sell,3571.38,BTC-29MAR19-3000-P,61.08,0.0225,10.0,2,1550167079956,15372195,430
2019-02-14 20:32:10.790,0.1,buy,3565.51,BTC-29MAR19-3000-P,61.22,0.023,0.1,0,1550176330790,15373463,431
2019-02-14 20:36:37.124,0.9,buy,3567.19,BTC-29MAR19-3000-P,61.37,0.023,0.9,1,1550176597124,15373509,432
2019-02-14 22:50:16.787,0.1,sell,3565.07,BTC-29MAR19-3000-P,61.16,0.023,0.1,1,1550184616787,15375279,433
2019-02-15 00:00:43.676,3.7,buy,3558.01,BTC-29MAR19-3000-P,60.99,0.023,3.7,1,1550188843676,15376193,434
2019-02-15 00:29:30.130,6.3,sell,3564.72,BTC-29MAR19-3000-P,60.92,0.0225,6.3,2,1550190570130,15376644,435
2019-02-15 00:34:37.020,0.1,sell,3567.45,BTC-29MAR19-3000-P,59.95,0.0215,0.1,2,1550190877020,15376686,436
2019-02-15 04:59:04.359,0.1,buy,3580.54,BTC-29MAR19-3000-P,60.92,0.0215,0.1,3,1550206744359,15380056,437
2019-02-15 05:05:08.460,0.1,buy,3579.96,BTC-29MAR19-3000-P,61.01,0.0215,0.1,3,1550207108460,15380189,438
2019-02-15 05:32:15.431,6.0,buy,3577.43,BTC-29MAR19-3000-P,61.29,0.022000000000000002,6.0,1,1550208735431,15380454,440
2019-02-15 05:32:15.431,10.0,buy,3577.43,BTC-29MAR19-3000-P,61.29,0.022000000000000002,10.0,1,1550208735431,15380455,441
2019-02-15 05:32:15.431,0.1,buy,3577.43,BTC-29MAR19-3000-P,61.29,0.022000000000000002,0.1,0,1550208735431,15380453,439
2019-02-15 05:33:23.077,3.9,sell,3576.73,BTC-29MAR19-3000-P,61.28,0.022000000000000002,3.9,1,1550208803077,15380463,442
2019-02-15 09:54:52.632,0.1,sell,3573.31,BTC-29MAR19-3000-P,59.55,0.0205,0.1,2,1550224492632,15383553,443
2019-02-15 09:54:52.632,0.9,sell,3573.31,BTC-29MAR19-3000-P,58.97,0.02,0.9,2,1550224492632,15383554,444
2019-02-15 10:53:18.591,10.0,buy,3583.12,BTC-29MAR19-3000-P,61.27,0.0215,10.0,0,1550227998591,15384373,445
2019-02-15 10:53:18.651,10.0,sell,3583.12,BTC-29MAR19-3000-P,61.27,0.0215,10.0,1,1550227998651,15384374,446
2019-02-15 11:04:44.078,0.1,buy,3597.5,BTC-29MAR19-3000-P,60.51,0.02,0.1,2,1550228684078,15385149,447
2019-02-15 11:09:45.529,0.2,buy,3587.42,BTC-29MAR19-3000-P,61.65,0.0215,0.2,0,1550228985529,15385745,448
2019-02-15 11:09:45.529,18.6,buy,3587.42,BTC-29MAR19-3000-P,61.65,0.0215,18.6,1,1550228985529,15385746,449
2019-02-15 11:24:17.121,7.2,buy,3578.96,BTC-29MAR19-3000-P,61.84,0.022000000000000002,7.2,0,1550229857121,15386126,450
2019-02-15 14:22:37.740,0.1,buy,3583.78,BTC-29MAR19-3000-P,61.25,0.021,0.1,2,1550240557740,15391669,451
2019-02-15 14:22:40.001,0.1,buy,3583.13,BTC-29MAR19-3000-P,61.19,0.021,0.1,3,1550240560001,15391675,452
2019-02-15 14:22:56.187,0.1,buy,3574.85,BTC-29MAR19-3000-P,60.51,0.021,0.1,3,1550240576187,15391850,453
2019-02-15 14:41:34.465,0.2,sell,3566.85,BTC-29MAR19-3000-P,60.6,0.0215,0.2,0,1550241694465,15395547,454
2019-02-15 14:41:50.392,0.2,buy,3566.54,BTC-29MAR19-3000-P,60.57,0.0215,0.2,1,1550241710392,15395549,455
2019-02-15 16:18:05.312,0.5,sell,3558.08,BTC-29MAR19-3000-P,60.45,0.022000000000000002,0.5,0,1550247485312,15400006,456
2019-02-15 17:11:48.698,0.2,sell,3563.52,BTC-29MAR19-3000-P,60.19,0.0215,0.2,2,1550250708698,15400405,457
2019-02-15 17:19:49.883,1.0,buy,3563.64,BTC-29MAR19-3000-P,60.75,0.022000000000000002,1.0,0,1550251189883,15400437,459
2019-02-15 17:19:49.883,0.8,buy,3563.64,BTC-29MAR19-3000-P,60.18,0.0215,0.8,3,1550251189883,15400436,458
2019-02-15 19:06:17.233,0.2,buy,3568.84,BTC-29MAR19-3000-P,60.08,0.021,0.2,2,1550257577233,15401233,460
2019-02-16 01:06:47.312,0.2,buy,3573.95,BTC-29MAR19-3000-P,60.32,0.0205,0.2,2,1550279207312,15404071,461
2019-02-16 02:58:11.692,1.0,buy,3581.0,BTC-29MAR19-3000-P,61.82,0.0215,1.0,0,1550285891692,15405400,462
2019-02-16 02:58:11.692,3.0,buy,3581.0,BTC-29MAR19-3000-P,62.39,0.022000000000000002,3.0,1,1550285891692,15405402,464
2019-02-16 02:58:11.692,1.0,buy,3581.0,BTC-29MAR19-3000-P,62.39,0.022000000000000002,1.0,0,1550285891692,15405401,463
2019-02-16 07:47:16.317,1.0,sell,3585.12,BTC-29MAR19-3000-P,60.71,0.02,1.0,2,1550303236317,15410251,465
2019-02-16 07:47:16.317,9.0,sell,3585.12,BTC-29MAR19-3000-P,60.71,0.02,9.0,3,1550303236317,15410252,466
2019-02-16 10:56:10.746,18.0,sell,3585.57,BTC-29MAR19-3000-P,59.78,0.019,18.0,2,1550314570746,15411699,467
2019-02-16 12:04:58.795,0.2,buy,3590.51,BTC-29MAR19-3000-P,60.24,0.019,0.2,3,1550318698795,15412236,468
2019-02-16 12:07:31.720,0.2,buy,3591.13,BTC-29MAR19-3000-P,60.28,0.019,0.2,3,1550318851720,15412301,469
2019-02-16 12:13:28.721,4.1,buy,3590.59,BTC-29MAR19-3000-P,60.26,0.019,4.1,3,1550319208721,15412532,470
2019-02-16 12:13:28.721,0.2,buy,3590.59,BTC-29MAR19-3000-P,60.26,0.019,0.2,3,1550319208721,15412533,471
2019-02-17 00:29:37.941,0.2,sell,3586.05,BTC-29MAR19-3000-P,58.3,0.0175,0.2,2,1550363377941,15425486,472
2019-02-17 09:24:55.448,0.2,sell,3597.95,BTC-29MAR19-3000-P,59.92,0.018000000000000002,0.2,0,1550395495448,15429497,473
2019-02-17 10:27:49.373,0.2,sell,3653.56,BTC-29MAR19-3000-P,60.17,0.0155,0.2,2,1550399269373,15433421,474
2019-02-17 13:06:54.192,0.2,buy,3563.89,BTC-29MAR19-3000-P,61.22,0.0205,0.2,0,1550408814192,15446586,475
2019-02-17 13:55:56.367,0.1,sell,3567.3,BTC-29MAR19-3000-P,58.87,0.0185,0.1,2,1550411756367,15448238,476
2019-02-17 22:42:09.188,2.0,sell,3606.99,BTC-29MAR19-3000-P,59.11,0.0165,2.0,2,1550443329188,15455400,477
2019-02-17 23:13:19.605,1.0,sell,3607.6,BTC-29MAR19-3000-P,58.83,0.0165,1.0,3,1550445199605,15456719,478
2019-02-17 23:13:19.612,0.5,sell,3607.6,BTC-29MAR19-3000-P,58.83,0.0165,0.5,3,1550445199612,15456720,479
2019-02-17 23:13:19.683,1.2,buy,3607.6,BTC-29MAR19-3000-P,58.83,0.0165,1.2,3,1550445199683,15456722,481
2019-02-17 23:13:19.683,1.5,buy,3607.6,BTC-29MAR19-3000-P,58.83,0.0165,1.5,3,1550445199683,15456721,480
2019-02-17 23:13:19.683,2.3000000000000003,buy,3607.6,BTC-29MAR19-3000-P,58.83,0.0165,2.3000000000000003,3,1550445199683,15456723,482
2019-02-17 23:18:14.583,1.2,buy,3609.68,BTC-29MAR19-3000-P,59.0,0.0165,1.2,3,1550445494583,15457160,484
2019-02-17 23:18:14.583,2.5,buy,3609.68,BTC-29MAR19-3000-P,59.0,0.0165,2.5,3,1550445494583,15457163,487
2019-02-17 23:18:14.583,1.1,buy,3609.68,BTC-29MAR19-3000-P,59.0,0.0165,1.1,3,1550445494583,15457161,485
2019-02-17 23:18:14.583,0.5,buy,3609.68,BTC-29MAR19-3000-P,59.0,0.0165,0.5,3,1550445494583,15457162,486
2019-02-17 23:18:14.583,0.4,buy,3609.68,BTC-29MAR19-3000-P,59.0,0.0165,0.4,3,1550445494583,15457159,483
2019-02-17 23:37:38.807,4.3,sell,3628.63,BTC-29MAR19-3000-P,59.48,0.016,4.3,2,1550446658807,15458991,488
2019-02-17 23:38:32.925,0.7000000000000001,buy,3623.62,BTC-29MAR19-3000-P,59.23,0.016,0.7000000000000001,3,1550446712925,15459103,489
2019-02-18 01:07:48.060,0.2,sell,3705.8,BTC-29MAR19-3000-P,59.91,0.0125,0.2,2,1550452068060,15469759,490
2019-02-18 05:40:18.756,0.2,buy,3664.79,BTC-29MAR19-3000-P,62.08,0.016,0.2,0,1550468418756,15493266,491
2019-02-18 05:40:19.230,0.2,sell,3664.79,BTC-29MAR19-3000-P,62.08,0.016,0.2,1,1550468419230,15493268,492
2019-02-18 05:41:14.388,8.6,sell,3665.02,BTC-29MAR19-3000-P,62.09,0.016,8.6,1,1550468474388,15493290,493
2019-02-18 06:27:35.907,0.2,buy,3694.55,BTC-29MAR19-3000-P,60.18,0.0135,0.2,2,1550471255907,15495343,494
2019-02-18 07:37:14.852,1.0,sell,3699.91,BTC-29MAR19-3000-P,60.0,0.013000000000000001,1.0,2,1550475434852,15503634,495
2019-02-18 08:07:22.287,5.8,buy,3691.25,BTC-29MAR19-3000-P,63.22,0.0155,5.8,0,1550477242287,15504772,497
2019-02-18 08:07:22.287,0.2,buy,3691.25,BTC-29MAR19-3000-P,62.52,0.015,0.2,0,1550477242287,15504771,496
2019-02-18 08:21:04.484,5.0,sell,3690.22,BTC-29MAR19-3000-P,60.26,0.0135,5.0,2,1550478064484,15505169,498
2019-02-18 09:30:54.906,3.8,buy,3704.1,BTC-29MAR19-3000-P,63.13,0.015,3.8,0,1550482254906,15507250,500
2019-02-18 09:30:54.906,0.2,buy,3704.1,BTC-29MAR19-3000-P,61.68,0.013999999999999999,0.2,0,1550482254906,15507249,499
2019-02-18 11:26:30.418,0.2,buy,3693.06,BTC-29MAR19-3000-P,62.74,0.015,0.2,1,1550489190418,15511603,501
2019-02-18 12:18:14.979,0.2,buy,3701.51,BTC-29MAR19-3000-P,61.74,0.013999999999999999,0.2,2,1550492294979,15515109,502
2019-02-18 12:37:13.279,0.2,buy,3716.08,BTC-29MAR19-3000-P,62.46,0.013999999999999999,0.2,3,1550493433279,15516509,503
2019-02-18 12:56:32.462,0.2,sell,3735.95,BTC-29MAR19-3000-P,62.14,0.013000000000000001,0.2,2,1550494592462,15518808,504
2019-02-18 12:56:37.980,0.2,sell,3741.28,BTC-29MAR19-3000-P,62.43,0.013000000000000001,0.2,3,1550494597980,15518967,505
2019-02-18 12:56:43.765,0.2,sell,3742.4,BTC-29MAR19-3000-P,62.49,0.013000000000000001,0.2,3,1550494603765,15519045,506
2019-02-18 13:22:35.042,0.4,sell,3761.2,BTC-29MAR19-3000-P,63.51,0.013000000000000001,0.4,3,1550496155042,15523266,507
2019-02-18 13:26:11.644,0.2,buy,3749.2,BTC-29MAR19-3000-P,62.73,0.013000000000000001,0.2,3,1550496371644,15524738,508
2019-02-18 13:26:11.644,1.4,buy,3749.2,BTC-29MAR19-3000-P,63.5,0.0135,1.4,0,1550496371644,15524739,509
2019-02-18 13:32:18.603,0.2,sell,3775.73,BTC-29MAR19-3000-P,61.72,0.0115,0.2,2,1550496738603,15527003,510
2019-02-18 13:51:27.151,0.2,sell,3800.39,BTC-29MAR19-3000-P,62.07,0.011000000000000001,0.2,2,1550497887151,15533048,511
2019-02-18 13:54:16.083,0.2,buy,3810.54,BTC-29MAR19-3000-P,61.87,0.0105,0.2,2,1550498056083,15533827,512
2019-02-18 14:21:29.555,0.2,sell,3815.03,BTC-29MAR19-3000-P,62.21,0.0105,0.2,3,1550499689555,15539700,513
2019-02-18 16:07:28.245,0.2,sell,3828.33,BTC-29MAR19-3000-P,62.12,0.01,0.2,2,1550506048245,15548443,514
2019-02-18 16:07:39.241,0.1,sell,3830.31,BTC-29MAR19-3000-P,62.26,0.01,0.1,3,1550506059241,15548508,515
2019-02-18 16:15:12.623,0.7000000000000001,sell,3829.18,BTC-29MAR19-3000-P,62.11,0.01,0.7000000000000001,3,1550506512623,15549665,516
2019-02-18 16:30:24.230,0.2,sell,3878.81,BTC-29MAR19-3000-P,60.81,0.008,0.2,2,1550507424230,15554302,517
2019-02-18 16:30:37.046,0.2,sell,3880.41,BTC-29MAR19-3000-P,60.95,0.008,0.2,3,1550507437046,15554356,518
2019-02-18 16:30:37.418,0.2,sell,3880.41,BTC-29MAR19-3000-P,60.95,0.008,0.2,3,1550507437418,15554359,519
2019-02-18 16:30:43.118,0.2,sell,3883.07,BTC-29MAR19-3000-P,61.07,0.008,0.2,3,1550507443118,15554436,520
2019-02-18 16:30:43.423,0.2,sell,3883.9,BTC-29MAR19-3000-P,61.1,0.008,0.2,3,1550507443423,15554440,521
2019-02-18 16:30:58.246,0.2,sell,3887.78,BTC-29MAR19-3000-P,61.25,0.008,0.2,3,1550507458246,15554564,522
2019-02-18 16:31:04.492,0.2,sell,3890.43,BTC-29MAR19-3000-P,61.37,0.008,0.2,3,1550507464492,15554613,523
2019-02-18 16:31:10.305,0.2,sell,3891.44,BTC-29MAR19-3000-P,61.42,0.008,0.2,3,1550507470305,15554672,524
2019-02-18 16:31:24.217,0.4,sell,3892.11,BTC-29MAR19-3000-P,61.47,0.008,0.4,3,1550507484217,15554863,525
2019-02-18 16:52:20.334,0.2,sell,3870.22,BTC-29MAR19-3000-P,62.47,0.009000000000000001,0.2,0,1550508740334,15563878,526
2019-02-18 16:52:36.745,0.2,sell,3869.8,BTC-29MAR19-3000-P,62.52,0.009000000000000001,0.2,1,1550508756745,15563900,527
2019-02-18 16:53:27.159,0.2,sell,3869.68,BTC-29MAR19-3000-P,62.5,0.009000000000000001,0.2,1,1550508807159,15564001,528
2019-02-18 16:53:27.465,0.2,sell,3869.6,BTC-29MAR19-3000-P,62.5,0.009000000000000001,0.2,1,1550508807465,15564003,529
2019-02-18 16:53:28.327,0.2,sell,3869.6,BTC-29MAR19-3000-P,62.5,0.009000000000000001,0.2,1,1550508808327,15564006,530
2019-02-18 17:06:04.333,0.2,sell,3843.74,BTC-29MAR19-3000-P,63.0,0.01,0.2,0,1550509564333,15567120,531
2019-02-18 17:50:00.313,3.6,sell,3851.08,BTC-29MAR19-3000-P,65.01,0.011000000000000001,3.6,0,1550512200313,15570742,532
2019-02-18 17:54:03.553,0.2,sell,3851.69,BTC-29MAR19-3000-P,64.2,0.0105,0.2,2,1550512443553,15570874,533
2019-02-18 18:12:38.353,1.4,sell,3886.66,BTC-29MAR19-3000-P,65.09,0.01,1.4,2,1550513558353,15571765,534
2019-02-18 19:23:34.038,1.0,buy,3874.49,BTC-29MAR19-3000-P,64.65,0.01,1.0,3,1550517814038,15575807,535
2019-02-18 22:12:34.435,0.8,buy,3850.06,BTC-29MAR19-3000-P,67.17,0.012,0.8,0,1550527954435,15583279,537
2019-02-18 22:12:34.435,0.2,buy,3850.06,BTC-29MAR19-3000-P,66.31,0.0115,0.2,0,1550527954435,15583278,536
2019-02-18 22:18:27.886,1.0,sell,3856.64,BTC-29MAR19-3000-P,63.9,0.01,1.0,2,1550528307886,15583786,538
2019-02-19 00:23:06.302,0.2,sell,3900.85,BTC-29MAR19-3000-P,66.59,0.01,0.2,3,1550535786302,15589944,539
2019-02-19 00:23:06.302,4.8,sell,3900.85,BTC-29MAR19-3000-P,64.66,0.009000000000000001,4.8,2,1550535786302,15589945,540
2019-02-19 00:23:46.470,3.0,buy,3890.29,BTC-29MAR19-3000-P,68.77,0.0115,3.0,0,1550535826470,15590159,541
2019-02-19 00:25:03.468,2.8000000000000003,buy,3894.83,BTC-29MAR19-3000-P,68.94,0.0115,2.8000000000000003,0,1550535903468,15590325,543
2019-02-19 00:25:03.468,0.2,buy,3894.83,BTC-29MAR19-3000-P,68.05,0.011000000000000001,0.2,2,1550535903468,15590324,542
2019-02-19 00:42:58.672,2.0,buy,3929.83,BTC-29MAR19-3000-P,69.71,0.011000000000000001,2.0,2,1550536978672,15593974,544
2019-02-19 04:01:32.453,0.2,sell,3866.81,BTC-29MAR19-3000-P,68.67,0.012,0.2,0,1550548892453,15607684,545
2019-02-19 04:01:49.634,0.2,buy,3867.22,BTC-29MAR19-3000-P,68.71,0.012,0.2,1,1550548909634,15607692,546
2019-02-19 04:10:53.800,1.6,buy,3876.55,BTC-29MAR19-3000-P,69.23,0.012,1.6,1,1550549453800,15608130,547
2019-02-19 04:10:53.800,0.4,buy,3876.55,BTC-29MAR19-3000-P,69.23,0.012,0.4,1,1550549453800,15608131,548
2019-02-19 04:15:29.677,0.2,sell,3881.01,BTC-29MAR19-3000-P,68.61,0.0115,0.2,2,1550549729677,15608268,549
2019-02-19 04:46:11.011,0.2,sell,3870.34,BTC-29MAR19-3000-P,68.89,0.012,0.2,0,1550551571011,15609193,550
2019-02-19 05:30:18.999,0.1,sell,3867.27,BTC-29MAR19-3000-P,66.16,0.0105,0.1,2,1550554218999,15610031,551
2019-02-19 05:39:06.413,0.2,sell,3864.35,BTC-29MAR19-3000-P,67.83,0.0115,0.2,0,1550554746413,15610427,552
2019-02-19 05:43:10.026,3.9,sell,3863.43,BTC-29MAR19-3000-P,65.89,0.0105,3.9,2,1550554990026,15610527,553
2019-02-19 05:43:35.270,0.2,buy,3863.14,BTC-29MAR19-3000-P,68.54,0.012,0.2,0,1550555015270,15610535,554
2019-02-19 05:43:41.276,0.2,buy,3862.82,BTC-29MAR19-3000-P,68.53,0.012,0.2,1,1550555021276,15610538,555
2019-02-19 05:44:00.057,0.2,sell,3863.3,BTC-29MAR19-3000-P,66.81,0.011000000000000001,0.2,2,1550555040057,15610551,556
2019-02-19 05:44:20.829,0.2,sell,3862.64,BTC-29MAR19-3000-P,66.8,0.011000000000000001,0.2,3,1550555060829,15610562,557
2019-02-19 05:44:31.859,0.2,sell,3862.64,BTC-29MAR19-3000-P,66.8,0.011000000000000001,0.2,3,1550555071859,15610574,558
2019-02-19 05:44:53.590,0.2,sell,3863.56,BTC-29MAR19-3000-P,66.83,0.011000000000000001,0.2,3,1550555093590,15610583,559
2019-02-19 05:45:09.653,0.2,sell,3863.03,BTC-29MAR19-3000-P,66.89,0.011000000000000001,0.2,3,1550555109653,15610596,560
2019-02-19 05:59:05.275,0.2,sell,3869.44,BTC-29MAR19-3000-P,65.33,0.01,0.2,2,1550555945275,15611091,561
2019-02-19 06:01:33.921,0.2,sell,3867.67,BTC-29MAR19-3000-P,66.09,0.0105,0.2,0,1550556093921,15611142,562
2019-02-19 06:01:47.058,0.2,sell,3867.43,BTC-29MAR19-3000-P,66.1,0.0105,0.2,1,1550556107058,15611160,563
2019-02-19 06:05:55.285,0.2,sell,3874.2,BTC-29MAR19-3000-P,68.16,0.0115,0.2,0,1550556355285,15611237,564
2019-02-19 06:18:14.915,0.2,buy,3870.37,BTC-29MAR19-3000-P,68.13,0.0115,0.2,1,1550557094915,15611371,565
2019-02-19 06:55:30.892,10.0,buy,3876.28,BTC-29MAR19-3000-P,67.47,0.011000000000000001,10.0,2,1550559330892,15612044,566
2019-02-19 07:49:15.268,10.0,buy,3883.35,BTC-29MAR19-3000-P,68.87,0.0115,10.0,0,1550562555268,15613881,567
2019-02-19 09:50:11.999,0.2,buy,3864.35,BTC-29MAR19-3000-P,67.29,0.011000000000000001,0.2,2,1550569811999,15617217,568
2019-02-19 11:49:50.003,0.2,sell,3872.04,BTC-29MAR19-3000-P,67.87,0.011000000000000001,0.2,3,1550576990003,15621172,569
2019-02-19 11:50:11.627,0.2,sell,3872.07,BTC-29MAR19-3000-P,67.92,0.011000000000000001,0.2,3,1550577011627,15621195,570
2019-02-19 11:56:17.164,0.2,sell,3871.14,BTC-29MAR19-3000-P,68.02,0.011000000000000001,0.2,3,1550577377164,15621302,571
2019-02-19 11:56:36.422,0.2,sell,3871.44,BTC-29MAR19-3000-P,68.03,0.011000000000000001,0.2,3,1550577396422,15621309,572
2019-02-19 11:57:19.166,0.2,sell,3871.96,BTC-29MAR19-3000-P,68.03,0.011000000000000001,0.2,3,1550577439166,15621312,573
2019-02-19 11:57:39.446,0.2,sell,3872.33,BTC-29MAR19-3000-P,68.04,0.011000000000000001,0.2,3,1550577459446,15621315,574
2019-02-19 11:58:11.430,0.2,sell,3872.54,BTC-29MAR19-3000-P,68.04,0.011000000000000001,0.2,3,1550577491430,15621323,575
2019-02-19 12:06:10.811,0.2,sell,3880.87,BTC-29MAR19-3000-P,66.56,0.01,0.2,2,1550577970811,15621721,576
2019-02-19 14:35:57.922,0.2,buy,3913.1,BTC-29MAR19-3000-P,67.02,0.0095,0.2,2,1550586957922,15643114,577
2019-02-19 15:41:18.764,0.2,sell,3942.02,BTC-29MAR19-3000-P,67.09,0.009000000000000001,0.2,2,1550590878764,15649855,578
2019-02-19 15:50:28.243,0.2,sell,3950.8,BTC-29MAR19-3000-P,66.49,0.0085,0.2,2,1550591428243,15650276,579
2019-02-19 16:08:12.584,0.2,buy,3954.29,BTC-29MAR19-3000-P,67.51,0.009000000000000001,0.2,0,1550592492584,15652578,580
2019-02-19 16:20:28.869,10.0,sell,3944.86,BTC-29MAR19-3000-P,66.16,0.0085,10.0,2,1550593228869,15653543,581
2019-02-19 16:20:32.217,0.2,sell,3944.82,BTC-29MAR19-3000-P,66.19,0.0085,0.2,3,1550593232217,15653566,582
2019-02-19 16:22:47.488,0.2,sell,3944.78,BTC-29MAR19-3000-P,66.13,0.0085,0.2,3,1550593367488,15653711,583
2019-02-19 16:30:32.516,0.2,sell,3942.97,BTC-29MAR19-3000-P,66.16,0.0085,0.2,3,1550593832516,15654164,584
2019-02-19 16:48:00.212,0.2,sell,3944.79,BTC-29MAR19-3000-P,65.17,0.008,0.2,2,1550594880212,15655005,585
2019-02-19 18:01:41.821,0.2,buy,3934.25,BTC-29MAR19-3000-P,67.92,0.0095,0.2,1,1550599301821,15658090,588
2019-02-19 18:01:41.821,9.0,buy,3934.25,BTC-29MAR19-3000-P,68.9,0.01,9.0,0,1550599301821,15658091,589
2019-02-19 18:01:41.821,10.0,buy,3934.25,BTC-29MAR19-3000-P,67.92,0.0095,10.0,1,1550599301821,15658089,587
2019-02-19 18:01:41.821,0.8,buy,3934.25,BTC-29MAR19-3000-P,67.92,0.0095,0.8,0,1550599301821,15658088,586
2019-02-19 20:12:14.087,9.2,buy,3942.33,BTC-29MAR19-3000-P,67.21,0.009000000000000001,9.2,2,1550607134087,15660800,590
2019-02-19 20:23:56.252,0.2,buy,3935.83,BTC-29MAR19-3000-P,66.89,0.009000000000000001,0.2,3,1550607836252,15661026,592
2019-02-19 20:23:56.252,0.8,buy,3935.83,BTC-29MAR19-3000-P,66.89,0.009000000000000001,0.8,3,1550607836252,15661025,591
2019-02-19 20:24:11.372,0.2,buy,3935.66,BTC-29MAR19-3000-P,66.88,0.009000000000000001,0.2,3,1550607851372,15661033,593
2019-02-19 22:39:04.324,0.2,sell,3916.37,BTC-29MAR19-3000-P,65.25,0.0085,0.2,2,1550615944324,15667378,594
2019-02-20 00:20:41.890,0.1,buy,3883.87,BTC-29MAR19-3000-P,64.73,0.009000000000000001,0.1,0,1550622041890,15670359,595
2019-02-20 00:20:41.890,0.1,buy,3883.87,BTC-29MAR19-3000-P,64.73,0.009000000000000001,0.1,1,1550622041890,15670360,596
2019-02-20 00:20:42.700,0.2,buy,3883.91,BTC-29MAR19-3000-P,64.71,0.009000000000000001,0.2,1,1550622042700,15670361,597
2019-02-20 00:24:32.078,0.2,buy,3878.61,BTC-29MAR19-3000-P,64.44,0.009000000000000001,0.2,1,1550622272078,15670526,598
2019-02-20 00:24:39.144,0.2,buy,3877.66,BTC-29MAR19-3000-P,64.38,0.009000000000000001,0.2,1,1550622279144,15670571,599
2019-02-20 00:24:40.480,0.2,buy,3877.66,BTC-29MAR19-3000-P,64.34,0.009000000000000001,0.2,1,1550622280480,15670573,600
2019-02-20 08:33:11.846,0.1,buy,3900.46,BTC-29MAR19-3000-P,66.91,0.0095,0.1,0,1550651591846,15681001,601
2019-02-20 08:46:19.442,0.1,buy,3908.57,BTC-29MAR19-3000-P,65.25,0.0085,0.1,2,1550652379442,15681499,602
2019-02-20 08:52:57.800,0.1,sell,3910.72,BTC-29MAR19-3000-P,63.21,0.0075,0.1,2,1550652777800,15681755,603
2019-02-20 09:03:27.438,0.1,sell,3911.82,BTC-29MAR19-3000-P,63.22,0.0075,0.1,3,1550653407438,15682316,604
2019-02-20 10:53:05.330,0.1,sell,3940.06,BTC-29MAR19-3000-P,63.74,0.006999999999999999,0.1,2,1550659985330,15688458,605
2019-02-20 11:10:45.260,14.9,sell,3929.45,BTC-29MAR19-3000-P,63.26,0.006999999999999999,14.9,3,1550661045260,15689491,606
2019-02-20 11:18:12.969,0.2,sell,3925.39,BTC-29MAR19-3000-P,63.03,0.006999999999999999,0.2,3,1550661492969,15690053,607
2019-02-20 11:19:40.870,0.2,sell,3925.94,BTC-29MAR19-3000-P,63.11,0.006999999999999999,0.2,3,1550661580870,15690115,608
2019-02-20 11:21:01.524,0.2,sell,3925.02,BTC-29MAR19-3000-P,63.12,0.006999999999999999,0.2,3,1550661661524,15690175,609
2019-02-20 12:36:39.874,0.1,buy,3935.08,BTC-29MAR19-3000-P,63.58,0.006999999999999999,0.1,3,1550666199874,15692052,610
2019-02-20 13:04:19.094,0.2,sell,3956.6,BTC-29MAR19-3000-P,61.94,0.006,0.2,2,1550667859094,15694542,611
2019-02-20 16:33:07.763,0.2,sell,3918.97,BTC-29MAR19-3000-P,62.71,0.006999999999999999,0.2,0,1550680387763,15705477,612
2019-02-20 16:33:29.097,0.2,sell,3920.24,BTC-29MAR19-3000-P,62.75,0.006999999999999999,0.2,1,1550680409097,15705486,613
2019-02-20 16:33:42.560,0.2,sell,3920.4,BTC-29MAR19-3000-P,62.74,0.006999999999999999,0.2,1,1550680422560,15705498,614
2019-02-20 16:38:51.138,0.2,sell,3920.32,BTC-29MAR19-3000-P,61.58,0.0065,0.2,2,1550680731138,15705694,615
2019-02-20 16:39:00.073,0.2,sell,3920.33,BTC-29MAR19-3000-P,61.58,0.0065,0.2,3,1550680740073,15705699,616
2019-02-20 16:41:37.165,0.2,sell,3921.32,BTC-29MAR19-3000-P,61.61,0.0065,0.2,3,1550680897165,15705707,617
2019-02-20 16:50:13.211,0.2,sell,3918.0,BTC-29MAR19-3000-P,61.57,0.0065,0.2,3,1550681413211,15705804,618
2019-02-20 16:52:58.044,0.2,sell,3918.71,BTC-29MAR19-3000-P,61.52,0.0065,0.2,3,1550681578044,15705840,619
2019-02-20 16:53:34.326,0.2,sell,3918.62,BTC-29MAR19-3000-P,61.53,0.0065,0.2,3,1550681614326,15705862,620
2019-02-20 17:15:32.335,0.2,sell,3925.07,BTC-29MAR19-3000-P,60.51,0.006,0.2,2,1550682932335,15706376,621
2019-02-20 17:20:46.622,0.2,sell,3924.23,BTC-29MAR19-3000-P,60.48,0.006,0.2,3,1550683246622,15706437,622
2019-02-20 17:20:46.622,3.8,sell,3924.23,BTC-29MAR19-3000-P,59.23,0.0055,3.8,2,1550683246622,15706438,623
2019-02-20 17:24:50.694,0.2,sell,3925.23,BTC-29MAR19-3000-P,60.53,0.006,0.2,0,1550683490694,15706490,624
2019-02-20 17:29:07.032,0.2,sell,3927.8,BTC-29MAR19-3000-P,60.74,0.006,0.2,1,1550683747032,15706594,625
2019-02-20 18:38:07.354,10.0,buy,3913.67,BTC-29MAR19-3000-P,62.37,0.006999999999999999,10.0,0,1550687887354,15708005,626
2019-02-20 18:38:47.249,2.1,sell,3915.74,BTC-29MAR19-3000-P,61.26,0.0065,2.1,2,1550687927249,15708033,627
2019-02-20 18:39:10.329,4.6000000000000005,sell,3917.7,BTC-29MAR19-3000-P,61.39,0.0065,4.6000000000000005,3,1550687950329,15708087,628
2019-02-20 19:14:59.060,5.6000000000000005,sell,3915.13,BTC-29MAR19-3000-P,61.36,0.0065,5.6000000000000005,3,1550690099060,15708764,629
2019-02-20 19:58:15.424,6.4,sell,3924.0,BTC-29MAR19-3000-P,59.42,0.0055,6.4,2,1550692695424,15709451,630
2019-02-21 00:05:29.150,1.0,buy,3927.55,BTC-29MAR19-3000-P,67.85,0.009000000000000001,1.0,0,1550707529150,15715881,631
2019-02-21 00:39:07.642,1.0,sell,3923.73,BTC-29MAR19-3000-P,59.51,0.0055,1.0,2,1550709547642,15717125,632
2019-02-21 06:49:30.088,0.1,buy,3927.01,BTC-29MAR19-3000-P,67.91,0.009000000000000001,0.1,0,1550731770088,15730554,633
2019-02-21 08:07:54.574,0.7000000000000001,sell,3929.75,BTC-29MAR19-3000-P,63.85,0.006999999999999999,0.7000000000000001,2,1550736474574,15731349,634
2019-02-21 09:32:34.466,10.0,sell,3916.17,BTC-29MAR19-3000-P,63.28,0.006999999999999999,10.0,3,1550741554466,15736283,635
2019-02-21 12:12:41.657,0.2,buy,3893.27,BTC-29MAR19-3000-P,64.87,0.008,0.2,0,1550751161657,15742311,636
2019-02-21 14:20:02.233,0.1,sell,3900.01,BTC-29MAR19-3000-P,62.93,0.006999999999999999,0.1,2,1550758802233,15745019,637
2019-02-21 21:24:55.727,0.1,sell,3899.43,BTC-29MAR19-3000-P,63.19,0.006999999999999999,0.1,3,1550784295727,15750362,638
2019-02-22 09:19:56.618,3.0,buy,3922.8,BTC-29MAR19-3000-P,63.47,0.0065,3.0,2,1550827196618,15765215,639
2019-02-22 09:21:41.009,2.0,buy,3920.65,BTC-29MAR19-3000-P,63.31,0.0065,2.0,3,1550827301009,15765246,640
2019-02-22 09:48:41.352,0.2,buy,3922.8,BTC-29MAR19-3000-P,66.03,0.0075,0.2,0,1550828921352,15766035,641
2019-02-22 09:48:41.352,4.8,buy,3922.8,BTC-29MAR19-3000-P,66.03,0.0075,4.8,1,1550828921352,15766036,642
2019-02-22 11:10:39.894,3.9,sell,3922.0,BTC-29MAR19-3000-P,63.89,0.0065,3.9,2,1550833839894,15767521,643
2019-02-22 13:08:53.697,50.0,sell,3936.14,BTC-29MAR19-3000-P,64.65,0.0065,50.0,3,1550840933697,15773018,644
2019-02-22 15:21:11.601,5.0,buy,3929.83,BTC-29MAR19-3000-P,66.65,0.0075,5.0,0,1550848871601,15779766,645
2019-02-22 15:21:20.131,5.0,buy,3932.5,BTC-29MAR19-3000-P,66.87,0.0075,5.0,1,1550848880131,15779804,646
2019-02-22 16:54:18.581,0.3,buy,3930.78,BTC-29MAR19-3000-P,67.81,0.008,0.3,0,1550854458581,15784150,647
2019-02-22 18:21:37.466,4.3,sell,3941.12,BTC-29MAR19-3000-P,65.86,0.006999999999999999,4.3,2,1550859697466,15785763,649
2019-02-22 18:21:37.466,10.0,sell,3941.12,BTC-29MAR19-3000-P,67.03,0.0075,10.0,2,1550859697466,15785762,648
2019-02-22 18:21:39.970,1.0,buy,3941.12,BTC-29MAR19-3000-P,68.16,0.008,1.0,0,1550859699970,15785771,650
2019-02-22 18:28:55.481,1.0,sell,3941.34,BTC-29MAR19-3000-P,67.03,0.0075,1.0,2,1550860135481,15785850,651
2019-02-23 01:11:30.360,6.7,buy,3938.21,BTC-29MAR19-3000-P,68.15,0.008,6.7,1,1550884290360,15791554,653
2019-02-23 01:11:30.360,8.700000000000001,buy,3938.21,BTC-29MAR19-3000-P,68.15,0.008,8.700000000000001,0,1550884290360,15791553,652
2019-02-23 01:37:34.838,0.1,sell,3944.55,BTC-29MAR19-3000-P,64.93,0.0065,0.1,2,1550885854838,15791843,654
2019-02-23 01:44:29.358,0.3,sell,3943.85,BTC-29MAR19-3000-P,64.94,0.0065,0.3,3,1550886269358,15791904,655
2019-02-23 01:44:30.870,0.3,sell,3943.85,BTC-29MAR19-3000-P,64.94,0.0065,0.3,3,1550886270870,15791905,656
2019-02-23 03:37:31.555,5.0,buy,3937.21,BTC-29MAR19-3000-P,67.11,0.0075,5.0,0,1550893051555,15793221,657
2019-02-23 03:38:03.195,5.0,buy,3938.2,BTC-29MAR19-3000-P,67.15,0.0075,5.0,1,1550893083195,15793225,658
2019-02-23 03:38:03.195,1.0,buy,3938.2,BTC-29MAR19-3000-P,67.15,0.0075,1.0,1,1550893083195,15793226,659
2019-02-23 03:38:03.791,1.0,sell,3938.18,BTC-29MAR19-3000-P,67.15,0.0075,1.0,1,1550893083791,15793232,660
2019-02-23 03:40:19.941,3.0,buy,3938.07,BTC-29MAR19-3000-P,68.29,0.008,3.0,1,1550893219941,15793248,662
2019-02-23 03:40:19.941,10.0,buy,3938.07,BTC-29MAR19-3000-P,68.29,0.008,10.0,0,1550893219941,15793247,661
2019-02-23 17:10:31.327,0.1,sell,3975.12,BTC-29MAR19-3000-P,66.55,0.0065,0.1,3,1550941831327,15814104,664
2019-02-23 17:10:31.327,0.3,sell,3975.12,BTC-29MAR19-3000-P,66.55,0.0065,0.3,2,1550941831327,15814103,663
2019-02-23 17:12:19.213,1.0,sell,3968.13,BTC-29MAR19-3000-P,65.94,0.0065,1.0,3,1550941939213,15815634,665
2019-02-23 17:17:13.564,0.1,sell,3977.47,BTC-29MAR19-3000-P,66.52,0.0065,0.1,3,1550942233564,15817437,667
2019-02-23 17:17:13.564,0.9,sell,3977.47,BTC-29MAR19-3000-P,66.52,0.0065,0.9,3,1550942233564,15817436,666
2019-02-23 17:20:36.247,1.0,buy,3987.9,BTC-29MAR19-3000-P,68.22,0.006999999999999999,1.0,0,1550942436247,15818077,668
2019-02-23 19:05:25.496,0.2,buy,4096.63,BTC-29MAR19-3000-P,69.54,0.0055,0.2,2,1550948725496,15839028,669
2019-02-23 20:39:33.700,2.2,sell,4142.28,BTC-29MAR19-3000-P,64.79,0.0035,2.2,2,1550954373700,15846399,670
2019-02-23 21:14:35.875,0.1,buy,4115.43,BTC-29MAR19-3000-P,69.08,0.005,0.1,0,1550956475875,15849593,671
2019-02-23 22:45:31.027,0.1,sell,4116.31,BTC-29MAR19-3000-P,67.75,0.0045,0.1,2,1550961931027,15852746,672
2019-02-23 22:45:41.387,0.1,sell,4116.65,BTC-29MAR19-3000-P,66.08,0.004,0.1,2,1550961941387,15852753,673
2019-02-23 23:15:45.794,2.0,buy,4113.18,BTC-29MAR19-3000-P,69.2,0.005,2.0,0,1550963745794,15853481,674
2019-02-24 07:50:59.143,1.0,sell,4157.62,BTC-29MAR19-3000-P,67.9,0.004,1.0,2,1550994659143,15871892,675
2019-02-24 08:05:07.219,25.0,sell,4159.63,BTC-29MAR19-3000-P,64.17,0.003,25.0,3,1550995507219,15872015,677
2019-02-24 08:05:07.219,45.0,sell,4159.63,BTC-29MAR19-3000-P,64.17,0.003,45.0,2,1550995507219,15872014,676
2019-02-24 08:05:45.113,5.0,sell,4159.32,BTC-29MAR19-3000-P,61.97,0.0025,5.0,2,1550995545113,15872021,678
2019-02-24 08:05:45.113,60.0,sell,4159.32,BTC-29MAR19-3000-P,61.97,0.0025,60.0,3,1550995545113,15872022,679
2019-02-24 12:35:04.541,4.0,buy,4116.61,BTC-29MAR19-3000-P,70.19,0.005,4.0,1,1551011704541,15880241,681
2019-02-24 12:35:04.541,1.0,buy,4116.61,BTC-29MAR19-3000-P,70.19,0.005,1.0,0,1551011704541,15880240,680
2019-02-24 14:04:14.473,5.0,buy,4038.26,BTC-29MAR19-3000-P,66.8,0.005,5.0,1,1551017054473,15886324,682
2019-02-24 14:05:28.131,5.0,buy,4019.16,BTC-29MAR19-3000-P,65.94,0.005,5.0,1,1551017128131,15888289,683
2019-02-24 14:11:45.960,10.0,buy,3967.6,BTC-29MAR19-3000-P,64.13,0.0055,10.0,0,1551017505960,15892262,684
2019-02-24 14:12:00.515,10.0,buy,3936.14,BTC-29MAR19-3000-P,63.5,0.006,10.0,0,1551017520515,15893016,685
2019-02-24 14:29:32.830,2.0,buy,3803.18,BTC-29MAR19-3000-P,66.81,0.0115,2.0,0,1551018572830,15915148,686
2019-02-24 14:40:37.529,6.3,sell,3814.64,BTC-29MAR19-3000-P,66.4,0.0105,6.3,2,1551019237529,15921693,687
2019-02-24 14:46:06.021,4.3,sell,3817.08,BTC-29MAR19-3000-P,63.57,0.009000000000000001,4.3,2,1551019566021,15924215,688
2019-02-24 16:26:36.203,1.1,buy,3755.11,BTC-29MAR19-3000-P,67.02,0.0125,1.1,0,1551025596203,15945261,689
2019-02-24 21:04:24.509,0.2,sell,3784.1,BTC-29MAR19-3000-P,64.86,0.0105,0.2,2,1551042264509,15957349,690
2019-02-25 05:54:48.616,5.0,sell,3780.82,BTC-29MAR19-3000-P,66.72,0.011,5.0,0,1551074088616,15976591,691
2019-02-25 07:15:37.044,0.1,buy,3774.03,BTC-29MAR19-3000-P,69.02,0.0125,0.1,0,1551078937044,15979057,692
2019-02-25 07:15:41.899,0.1,buy,3773.59,BTC-29MAR19-3000-P,69.0,0.0125,0.1,1,1551078941899,15979059,693
2019-02-25 11:27:46.618,0.1,sell,3780.13,BTC-29MAR19-3000-P,66.89,0.011000000000000001,0.1,2,1551094066618,15985910,694
2019-02-25 12:05:17.539,6.3,buy,3779.27,BTC-29MAR19-3000-P,67.84,0.0115,6.3,0,1551096317539,15986276,695
2019-02-25 12:05:17.539,0.1,buy,3779.27,BTC-29MAR19-3000-P,67.84,0.0115,0.1,1,1551096317539,15986277,696
2019-02-25 12:05:57.152,13.6,sell,3778.95,BTC-29MAR19-3000-P,67.85,0.0115,13.6,1,1551096357152,15986281,697
2019-02-25 12:16:38.838,10.0,buy,3784.62,BTC-29MAR19-3000-P,68.14,0.0115,10.0,1,1551096998838,15986423,698
2019-02-25 12:16:40.359,6.0,buy,3784.83,BTC-29MAR19-3000-P,68.18,0.0115,6.0,1,1551097000359,15986424,699
2019-02-25 13:16:18.660,5.6000000000000005,buy,3783.54,BTC-29MAR19-3000-P,68.2,0.0115,5.6000000000000005,1,1551100578660,15988160,700
2019-02-25 13:16:18.660,0.1,buy,3783.54,BTC-29MAR19-3000-P,68.2,0.0115,0.1,1,1551100578660,15988161,701
2019-02-25 16:25:07.634,1.0,buy,3797.48,BTC-29MAR19-3000-P,66.28,0.01,1.0,2,1551111907634,15993090,702
2019-02-25 16:28:31.687,0.1,buy,3810.48,BTC-29MAR19-3000-P,69.03,0.011000000000000001,0.1,0,1551112111687,15993856,703
2019-02-25 16:28:48.853,0.1,buy,3819.56,BTC-29MAR19-3000-P,69.48,0.011000000000000001,0.1,1,1551112128853,15994064,704
2019-02-25 16:29:39.480,0.1,buy,3816.01,BTC-29MAR19-3000-P,70.01,0.0115,0.1,0,1551112179480,15994585,705
2019-02-25 18:09:43.723,0.1,sell,3840.14,BTC-29MAR19-3000-P,67.27,0.0095,0.1,2,1551118183723,16003013,706
2019-02-25 18:10:50.232,3.0,sell,3841.72,BTC-29MAR19-3000-P,66.32,0.009000000000000001,3.0,2,1551118250232,16003041,707
2019-02-26 00:22:57.610,0.1,sell,3814.55,BTC-29MAR19-3000-P,67.4,0.01,0.1,0,1551140577610,16013503,708
2019-02-26 01:27:43.270,0.1,sell,3819.05,BTC-29MAR19-3000-P,67.79,0.01,0.1,1,1551144463270,16014058,709
2019-02-26 02:18:36.084,0.2,sell,3824.6,BTC-29MAR19-3000-P,67.04,0.0095,0.2,3,1551147516084,16014429,711
2019-02-26 02:18:36.084,0.1,sell,3824.6,BTC-29MAR19-3000-P,67.04,0.0095,0.1,3,1551147516084,16014430,712
2019-02-26 02:18:36.084,2.0,sell,3824.6,BTC-29MAR19-3000-P,67.04,0.0095,2.0,2,1551147516084,16014428,710
2019-02-26 05:06:26.135,0.1,buy,3787.52,BTC-29MAR19-3000-P,65.19,0.0095,0.1,3,1551157586135,16016849,713
2019-02-26 05:44:56.211,5.0,buy,3785.91,BTC-29MAR19-3000-P,68.01,0.011000000000000001,5.0,0,1551159896211,16019861,714
2019-02-26 05:45:04.324,0.3,buy,3785.8,BTC-29MAR19-3000-P,68.0,0.011,0.3,1,1551159904324,16019863,715
2019-02-26 17:16:17.036,5.0,buy,3792.26,BTC-29MAR19-3000-P,64.88,0.009000000000000001,5.0,2,1551201377036,16037109,716
2019-02-26 18:22:08.111,0.1,sell,3806.58,BTC-29MAR19-3000-P,64.68,0.0085,0.1,2,1551205328111,16038777,717
2019-02-26 19:27:12.385,0.1,buy,3801.92,BTC-29MAR19-3000-P,65.64,0.009000000000000001,0.1,0,1551209232385,16040371,718
2019-02-26 21:45:35.178,0.2,sell,3797.57,BTC-29MAR19-3000-P,64.62,0.0085,0.2,2,1551217535178,16042381,719
2019-02-26 22:40:10.852,1.7,sell,3794.7,BTC-29MAR19-3000-P,64.33,0.0085,1.7,3,1551220810852,16043317,720
2019-02-26 23:35:35.728,0.6,buy,3795.07,BTC-29MAR19-3000-P,63.23,0.008,0.6,2,1551224135728,16043971,721
2019-02-27 08:35:57.723,0.1,sell,3817.41,BTC-29MAR19-3000-P,63.86,0.0075,0.1,2,1551256557723,16051633,722
2019-02-27 11:14:06.819,1.0,sell,3806.96,BTC-29MAR19-3000-P,64.38,0.008,1.0,0,1551266046819,16053776,723
2019-02-27 15:39:50.968,0.2,sell,3799.78,BTC-29MAR19-3000-P,64.34,0.008,0.2,1,1551281990968,16061808,724
2019-02-27 19:41:01.062,0.1,sell,3799.73,BTC-29MAR19-3000-P,64.43,0.008,0.1,1,1551296461062,16064537,726
2019-02-27 19:41:01.062,0.4,sell,3799.73,BTC-29MAR19-3000-P,64.43,0.008,0.4,1,1551296461062,16064536,725
2019-02-27 20:34:26.999,0.5,buy,3716.12,BTC-29MAR19-3000-P,62.48,0.009000000000000001,0.5,1,1551299666999,16067622,728
2019-02-27 20:34:26.999,10.0,buy,3716.12,BTC-29MAR19-3000-P,62.48,0.009000000000000001,10.0,0,1551299666999,16067621,727
2019-02-27 20:35:23.707,5.0,buy,3674.35,BTC-29MAR19-3000-P,61.14,0.0095,5.0,0,1551299723707,16069142,729
2019-02-27 20:35:26.292,0.7000000000000001,buy,3676.89,BTC-29MAR19-3000-P,61.0,0.0095,0.7000000000000001,1,1551299726292,16069228,730
2019-02-27 20:35:26.861,0.3,buy,3676.7,BTC-29MAR19-3000-P,61.14,0.0095,0.3,1,1551299726861,16069240,731
2019-02-27 20:35:28.823,0.3,buy,3674.08,BTC-29MAR19-3000-P,60.98,0.0095,0.3,1,1551299728823,16069289,732
2019-02-27 20:35:32.268,3.7,buy,3670.39,BTC-29MAR19-3000-P,60.76,0.0095,3.7,1,1551299732268,16069349,733
2019-02-27 20:36:13.649,5.5,buy,3658.74,BTC-29MAR19-3000-P,61.12,0.01,5.5,0,1551299773649,16070043,734
2019-02-27 20:36:50.229,0.6,buy,3679.82,BTC-29MAR19-3000-P,62.52,0.01,0.6,1,1551299810229,16070905,735
2019-02-27 20:45:13.003,0.6,sell,3716.05,BTC-29MAR19-3000-P,64.19,0.01,0.6,1,1551300313003,16074990,736
2019-02-27 20:50:53.132,0.6,buy,3726.98,BTC-29MAR19-3000-P,63.68,0.0095,0.6,2,1551300653132,16076404,737
2019-02-27 20:51:08.957,0.6,buy,3721.99,BTC-29MAR19-3000-P,67.18,0.0115,0.6,0,1551300668957,16076458,738
2019-02-27 20:51:23.309,0.6,sell,3719.38,BTC-29MAR19-3000-P,62.29,0.009000000000000001,0.6,2,1551300683309,16076567,739
2019-02-27 23:12:52.368,0.1,sell,3792.54,BTC-29MAR19-3000-P,63.36,0.0075,0.1,2,1551309172368,16086453,740
2019-02-27 23:12:53.194,0.1,sell,3792.67,BTC-29MAR19-3000-P,63.37,0.0075,0.1,3,1551309173194,16086455,741
2019-02-27 23:14:13.211,0.1,sell,3801.52,BTC-29MAR19-3000-P,63.8,0.0075,0.1,3,1551309253211,16086940,742
2019-02-27 23:14:42.907,0.5,sell,3801.62,BTC-29MAR19-3000-P,63.89,0.0075,0.5,3,1551309282907,16087111,743
2019-02-27 23:15:25.052,0.5,sell,3804.06,BTC-29MAR19-3000-P,63.98,0.0075,0.5,3,1551309325052,16087296,744
2019-02-28 01:01:52.261,0.5,sell,3810.29,BTC-29MAR19-3000-P,64.43,0.0075,0.5,3,1551315712261,16090872,745
2019-02-28 01:01:52.485,0.5,sell,3810.29,BTC-29MAR19-3000-P,64.43,0.0075,0.5,3,1551315712485,16090906,746
2019-02-28 05:39:24.245,0.5,sell,3810.15,BTC-29MAR19-3000-P,64.51,0.0075,0.5,3,1551332364245,16094202,747
2019-02-28 07:44:56.182,1.0,buy,3805.54,BTC-29MAR19-3000-P,65.66,0.008,1.0,0,1551339896182,16095541,748
2019-02-28 07:46:23.992,1.0,buy,3805.61,BTC-29MAR19-3000-P,65.68,0.008,1.0,1,1551339983992,16095573,749
2019-02-28 08:55:46.661,0.5,sell,3832.73,BTC-29MAR19-3000-P,65.81,0.0075,0.5,2,1551344146661,16097210,750
2019-02-28 08:55:48.343,0.5,sell,3834.41,BTC-29MAR19-3000-P,65.86,0.0075,0.5,3,1551344148343,16097245,751
2019-02-28 08:55:51.047,0.5,sell,3833.81,BTC-29MAR19-3000-P,65.91,0.0075,0.5,3,1551344151047,16097279,752
2019-02-28 08:55:57.031,0.6,sell,3833.7,BTC-29MAR19-3000-P,65.94,0.0075,0.6,3,1551344157031,16097390,753
2019-02-28 11:25:47.328,0.1,buy,3817.26,BTC-29MAR19-3000-P,66.48,0.008,0.1,0,1551353147328,16101569,754
2019-02-28 15:33:27.684,0.1,sell,3795.07,BTC-29MAR19-3000-P,65.55,0.008,0.1,1,1551368007684,16110327,755
2019-02-28 15:33:28.025,0.1,sell,3795.07,BTC-29MAR19-3000-P,65.56,0.008,0.1,1,1551368008025,16110332,756
2019-02-28 15:40:01.030,0.5,sell,3865.9,BTC-29MAR19-3000-P,66.8,0.006999999999999999,0.5,2,1551368401030,16115655,757
2019-02-28 15:40:58.770,0.5,sell,3846.92,BTC-29MAR19-3000-P,66.01,0.006999999999999999,0.5,3,1551368458770,16116389,758
2019-02-28 15:56:48.073,4.0,sell,3839.45,BTC-29MAR19-3000-P,65.46,0.006999999999999999,4.0,3,1551369408073,16120091,759
2019-03-01 01:04:06.168,0.1,buy,3794.65,BTC-29MAR19-3000-P,64.87,0.0075,0.1,0,1551402246168,16141126,760
2019-03-01 10:01:00.912,50.0,buy,3813.73,BTC-29MAR19-3000-P,63.98,0.0065,50.0,2,1551434460912,16148177,761
2019-03-01 15:12:48.292,0.1,sell,3819.42,BTC-29MAR19-3000-P,63.04,0.006,0.1,2,1551453168292,16151245,762
2019-03-01 15:20:52.811,0.5,buy,3817.27,BTC-29MAR19-3000-P,64.28,0.0065,0.5,0,1551453652811,16151371,763
2019-03-01 15:20:52.811,100.0,buy,3817.27,BTC-29MAR19-3000-P,64.28,0.0065,100.0,1,1551453652811,16151372,764
2019-03-01 15:44:11.204,0.1,buy,3817.09,BTC-29MAR19-3000-P,65.58,0.006999999999999999,0.1,0,1551455051204,16151564,765
2019-03-01 18:30:13.413,56.3,buy,3829.81,BTC-29MAR19-3000-P,63.96,0.006,56.3,2,1551465013413,16155151,766
2019-03-01 22:13:18.820,34.4,sell,3828.78,BTC-29MAR19-3000-P,61.39,0.005,34.4,3,1551478398820,16157406,768
2019-03-01 22:13:18.820,0.1,sell,3828.78,BTC-29MAR19-3000-P,61.39,0.005,0.1,2,1551478398820,16157405,767
2019-03-01 22:13:19.405,0.1,buy,3828.78,BTC-29MAR19-3000-P,61.39,0.005,0.1,3,1551478399405,16157407,769
2019-03-01 22:13:23.998,0.1,buy,3828.46,BTC-29MAR19-3000-P,61.38,0.005,0.1,3,1551478403998,16157408,770
2019-03-01 22:13:24.552,0.1,buy,3828.46,BTC-29MAR19-3000-P,61.38,0.005,0.1,3,1551478404552,16157409,771
2019-03-01 22:13:27.682,6.2,buy,3828.44,BTC-29MAR19-3000-P,61.38,0.005,6.2,3,1551478407682,16157410,772
2019-03-02 02:06:13.542,2.0,buy,3815.08,BTC-29MAR19-3000-P,66.02,0.006999999999999999,2.0,0,1551492373542,16162693,773
2019-03-02 12:33:47.716,10.0,buy,3810.05,BTC-29MAR19-3000-P,65.01,0.0065,10.0,2,1551530027716,16175619,774
2019-03-02 13:37:14.543,0.1,buy,3815.24,BTC-29MAR19-3000-P,65.35,0.0065,0.1,3,1551533834543,16176331,775
2019-03-03 05:01:36.351,0.2,sell,3810.55,BTC-29MAR19-3000-P,64.76,0.006,0.2,2,1551589296351,16185043,776
2019-03-03 13:45:50.265,0.1,buy,3796.04,BTC-29MAR19-3000-P,65.32,0.0065,0.1,0,1551620750265,16190086,777
2019-03-03 13:45:50.689,0.1,buy,3796.04,BTC-29MAR19-3000-P,65.32,0.0065,0.1,1,1551620750689,16190095,778
2019-03-03 13:45:50.898,0.1,buy,3796.04,BTC-29MAR19-3000-P,65.32,0.0065,0.1,1,1551620750898,16190096,779
2019-03-03 13:45:51.089,0.1,buy,3796.04,BTC-29MAR19-3000-P,65.32,0.0065,0.1,1,1551620751089,16190103,780
2019-03-03 13:45:51.290,0.1,buy,3796.04,BTC-29MAR19-3000-P,65.32,0.0065,0.1,1,1551620751290,16190111,781
2019-03-03 15:56:26.327,0.5,buy,3783.26,BTC-29MAR19-3000-P,64.91,0.0065,0.5,1,1551628586327,16194223,782
2019-03-03 15:56:26.327,1.5,buy,3783.26,BTC-29MAR19-3000-P,64.91,0.0065,1.5,1,1551628586327,16194224,783
2019-03-03 15:56:26.328,2.7,buy,3783.26,BTC-29MAR19-3000-P,64.91,0.0065,2.7,1,1551628586328,16194225,784
2019-03-03 15:56:26.334,1.2,buy,3783.26,BTC-29MAR19-3000-P,64.91,0.0065,1.2,1,1551628586334,16194226,785
2019-03-03 15:56:26.342,1.0,buy,3783.26,BTC-29MAR19-3000-P,64.91,0.0065,1.0,1,1551628586342,16194227,786
2019-03-03 15:56:26.570,2.5,buy,3783.26,BTC-29MAR19-3000-P,64.91,0.0065,2.5,1,1551628586570,16194228,787
2019-03-03 15:56:26.573,1.1,buy,3783.26,BTC-29MAR19-3000-P,64.91,0.0065,1.1,1,1551628586573,16194229,788
2019-03-03 15:56:26.580,0.5,buy,3783.21,BTC-29MAR19-3000-P,66.18,0.006999999999999999,0.5,0,1551628586580,16194230,789
2019-03-03 15:56:26.589,1.2,buy,3783.21,BTC-29MAR19-3000-P,66.18,0.006999999999999999,1.2,1,1551628586589,16194231,790
2019-03-03 15:56:26.834,5.0,buy,3783.21,BTC-29MAR19-3000-P,66.18,0.006999999999999999,5.0,1,1551628586834,16194232,791
2019-03-04 00:09:36.178,4.9,buy,3794.68,BTC-29MAR19-3000-P,67.33,0.006999999999999999,4.9,1,1551658176178,16201807,792
2019-03-04 00:12:34.454,6.0,buy,3794.98,BTC-29MAR19-3000-P,68.61,0.0075,6.0,1,1551658354454,16201824,794
2019-03-04 00:12:34.454,10.0,buy,3794.98,BTC-29MAR19-3000-P,68.61,0.0075,10.0,0,1551658354454,16201823,793
2019-03-04 00:31:55.885,4.0,buy,3794.23,BTC-29MAR19-3000-P,68.62,0.0075,4.0,1,1551659515885,16202515,795
2019-03-04 02:52:58.730,5.1000000000000005,sell,3793.38,BTC-29MAR19-3000-P,67.5,0.006999999999999999,5.1000000000000005,2,1551667978730,16203787,796
2019-03-04 12:08:20.439,29.4,sell,3706.24,BTC-29MAR19-3000-P,61.64,0.0065,29.4,3,1551701300439,16234713,798
2019-03-04 12:08:20.439,4.0,sell,3706.24,BTC-29MAR19-3000-P,61.64,0.0065,4.0,2,1551701300439,16234712,797
2019-03-04 12:08:26.481,5.0,buy,3706.16,BTC-29MAR19-3000-P,61.65,0.0065,5.0,3,1551701306481,16234714,799
2019-03-04 12:09:06.587,1.7,sell,3706.06,BTC-29MAR19-3000-P,61.69,0.0065,1.7,3,1551701346587,16234723,800
2019-03-04 13:29:54.697,0.1,sell,3693.84,BTC-29MAR19-3000-P,63.15,0.0075,0.1,0,1551706194697,16236242,801
2019-03-04 18:39:53.669,1.0,sell,3708.59,BTC-29MAR19-3000-P,61.91,0.0065,1.0,2,1551724793669,16242146,802
2019-03-04 22:18:04.693,0.1,sell,3704.54,BTC-29MAR19-3000-P,61.92,0.0065,0.1,3,1551737884693,16244516,803
2019-03-05 02:26:13.142,0.9,sell,3697.38,BTC-29MAR19-3000-P,61.86,0.0065,0.9,3,1551752773142,16247770,804
2019-03-05 02:26:13.142,1.1,sell,3697.38,BTC-29MAR19-3000-P,61.86,0.0065,1.1,3,1551752773142,16247771,805
2019-03-05 07:32:18.880,9.9,sell,3712.86,BTC-29MAR19-3000-P,61.95,0.006,9.9,2,1551771138880,16250844,806
2019-03-05 08:36:37.962,0.1,sell,3725.0,BTC-29MAR19-3000-P,62.62,0.006,0.1,3,1551774997962,16252040,807
2019-03-05 13:13:50.673,0.1,sell,3757.86,BTC-29MAR19-3000-P,62.18,0.005,0.1,2,1551791630673,16258699,808
2019-03-05 13:14:48.363,0.4,sell,3777.71,BTC-29MAR19-3000-P,63.46,0.005,0.4,3,1551791688363,16259548,809
2019-03-05 15:11:09.627,0.1,sell,3819.2,BTC-29MAR19-3000-P,62.49,0.004,0.1,3,1551798669627,16279647,811
2019-03-05 15:11:09.627,4.1,sell,3819.2,BTC-29MAR19-3000-P,62.49,0.004,4.1,2,1551798669627,16279646,810
2019-03-05 15:11:09.668,0.1,buy,3819.2,BTC-29MAR19-3000-P,62.49,0.004,0.1,3,1551798669668,16279648,812
2019-03-05 15:11:09.731,0.1,buy,3819.2,BTC-29MAR19-3000-P,62.49,0.004,0.1,3,1551798669731,16279649,813
2019-03-05 15:11:09.845,0.1,buy,3819.2,BTC-29MAR19-3000-P,62.49,0.004,0.1,3,1551798669845,16279651,814
2019-03-05 15:11:09.991,0.1,buy,3819.2,BTC-29MAR19-3000-P,62.49,0.004,0.1,3,1551798669991,16279652,815
2019-03-05 15:11:10.048,0.1,buy,3819.2,BTC-29MAR19-3000-P,62.49,0.004,0.1,3,1551798670048,16279653,816
2019-03-05 15:11:10.183,0.1,buy,3819.2,BTC-29MAR19-3000-P,62.49,0.004,0.1,3,1551798670183,16279654,817
2019-03-05 15:11:10.360,0.1,buy,3819.2,BTC-29MAR19-3000-P,62.49,0.004,0.1,3,1551798670360,16279655,818
2019-03-05 15:11:27.424,5.1000000000000005,sell,3819.25,BTC-29MAR19-3000-P,60.67,0.0035,5.1000000000000005,2,1551798687424,16279675,819
2019-03-05 15:54:38.176,0.5,sell,3825.08,BTC-29MAR19-3000-P,62.79,0.004,0.5,0,1551801278176,16282856,820
2019-03-05 18:31:22.281,19.5,sell,3840.93,BTC-29MAR19-3000-P,63.83,0.004,19.5,1,1551810682281,16292861,821
2019-03-06 00:03:25.314,1.0,buy,3845.65,BTC-29MAR19-3000-P,66.33,0.0045,1.0,0,1551830605314,16297684,822
2019-03-06 00:20:33.506,1.1,sell,3856.06,BTC-29MAR19-3000-P,63.26,0.0035,1.1,2,1551831633506,16298396,823
2019-03-06 01:30:52.631,0.1,buy,3820.13,BTC-29MAR19-3000-P,64.82,0.0045,0.1,0,1551835852631,16301838,824
2019-03-06 11:32:52.177,2.0,sell,3842.39,BTC-29MAR19-3000-P,61.15,0.003,2.0,2,1551871972177,16317166,825
2019-03-06 19:50:22.403,0.1,sell,3843.28,BTC-29MAR19-3000-P,63.82,0.0035,0.1,0,1551901822403,16327137,826
2019-03-06 19:50:22.821,0.1,sell,3843.19,BTC-29MAR19-3000-P,63.82,0.0035,0.1,1,1551901822821,16327140,827
2019-03-06 19:50:24.315,0.1,sell,3843.19,BTC-29MAR19-3000-P,63.82,0.0035,0.1,1,1551901824315,16327143,828
2019-03-06 19:50:26.916,0.1,sell,3843.19,BTC-29MAR19-3000-P,63.81,0.0035,0.1,1,1551901826916,16327144,829
2019-03-06 23:33:40.646,0.5,sell,3854.31,BTC-29MAR19-3000-P,64.53,0.0035,0.5,1,1551915220646,16328654,830
2019-03-07 00:04:00.986,6.1000000000000005,buy,3870.2,BTC-29MAR19-3000-P,61.23,0.0025,6.1000000000000005,2,1551917040986,16329264,831
2019-03-07 10:21:37.423,0.1,sell,3837.96,BTC-29MAR19-3000-P,57.6,0.002,0.1,2,1551954097423,16348253,832
2019-03-07 11:43:12.582,0.9,sell,3850.86,BTC-29MAR19-3000-P,58.42,0.002,0.9,3,1551958992582,16349459,833
2019-03-07 11:43:12.582,0.1,sell,3850.86,BTC-29MAR19-3000-P,58.42,0.002,0.1,3,1551958992582,16349460,834
2019-03-07 11:43:12.582,23.8,sell,3850.86,BTC-29MAR19-3000-P,58.42,0.002,23.8,3,1551958992582,16349461,835
2019-03-07 19:20:06.770,3.1,buy,3869.18,BTC-29MAR19-3000-P,62.21,0.0025,3.1,0,1551986406770,16361357,836
2019-03-08 05:55:36.017,1.0,sell,3877.78,BTC-29MAR19-3000-P,57.58,0.0015,1.0,2,1552024536017,16368560,837
2019-03-08 05:56:06.281,1.0,sell,3878.9,BTC-29MAR19-3000-P,57.62,0.0015,1.0,3,1552024566281,16368569,838
2019-03-08 10:35:47.606,10.0,sell,3873.58,BTC-29MAR19-3000-P,53.78,0.001,10.0,2,1552041347606,16380543,839
2019-03-08 10:35:47.606,37.0,sell,3873.58,BTC-29MAR19-3000-P,53.78,0.001,37.0,3,1552041347606,16380544,840
2019-03-08 10:35:55.863,45.0,sell,3873.29,BTC-29MAR19-3000-P,53.77,0.001,45.0,3,1552041355863,16380550,841
2019-03-08 10:35:59.644,36.9,sell,3873.29,BTC-29MAR19-3000-P,53.77,0.001,36.9,3,1552041359644,16380551,842
2019-03-08 10:36:20.741,22.6,sell,3873.47,BTC-29MAR19-3000-P,53.8,0.001,22.6,3,1552041380741,16380563,844
2019-03-08 10:36:20.741,10.0,sell,3873.47,BTC-29MAR19-3000-P,53.8,0.001,10.0,3,1552041380741,16380562,843
2019-03-08 11:41:26.351,0.3,buy,3874.87,BTC-29MAR19-3000-P,57.5,0.0015,0.3,0,1552045286351,16382580,845
2019-03-08 11:58:18.136,0.3,buy,3874.87,BTC-29MAR19-3000-P,57.49,0.0015,0.3,1,1552046298136,16382764,846
2019-03-08 12:00:11.307,0.3,buy,3875.28,BTC-29MAR19-3000-P,57.44,0.0015,0.3,1,1552046411307,16382817,847
2019-03-08 12:00:49.015,0.3,buy,3874.31,BTC-29MAR19-3000-P,57.41,0.0015,0.3,1,1552046449015,16382858,848
2019-03-08 12:01:00.350,0.3,buy,3874.18,BTC-29MAR19-3000-P,57.4,0.0015,0.3,1,1552046460350,16382865,849
2019-03-08 12:02:38.827,0.3,buy,3870.22,BTC-29MAR19-3000-P,57.3,0.0015,0.3,1,1552046558827,16382893,850
2019-03-08 12:02:42.817,0.3,buy,3869.81,BTC-29MAR19-3000-P,57.28,0.0015,0.3,1,1552046562817,16382911,851
2019-03-08 12:02:47.768,0.3,buy,3868.95,BTC-29MAR19-3000-P,57.26,0.0015,0.3,1,1552046567768,16382913,852
2019-03-08 12:30:14.695,0.3,sell,3879.98,BTC-29MAR19-3000-P,54.19,0.001,0.3,2,1552048214695,16383433,853
2019-03-08 12:30:14.695,1.7,sell,3879.98,BTC-29MAR19-3000-P,54.19,0.001,1.7,3,1552048214695,16383434,854
2019-03-08 12:53:14.667,0.1,buy,3879.77,BTC-29MAR19-3000-P,57.72,0.0015,0.1,0,1552049594667,16383854,855
2019-03-08 13:23:09.882,2.1,buy,3876.96,BTC-29MAR19-3000-P,57.68,0.0015,2.1,1,1552051389882,16384228,856
2019-03-08 22:03:15.420,1.8,buy,3809.67,BTC-29MAR19-3000-P,57.79,0.002,1.8,0,1552082595420,16398572,857
2019-03-08 22:03:49.702,5.3,buy,3778.41,BTC-29MAR19-3000-P,56.13,0.002,5.3,1,1552082629702,16399780,858
2019-03-08 22:03:53.204,0.3,buy,3777.0,BTC-29MAR19-3000-P,56.1,0.002,0.3,1,1552082633204,16399877,859
2019-03-08 22:04:22.382,2.6,buy,3778.09,BTC-29MAR19-3000-P,56.3,0.002,2.6,1,1552082662382,16400464,860
2019-03-09 10:17:52.320,4.5,buy,3899.5,BTC-29MAR19-3000-P,60.22,0.0015,4.5,2,1552126672320,16423048,861
2019-03-09 13:20:51.588,8.0,sell,3905.24,BTC-29MAR19-3000-P,56.55,0.001,8.0,2,1552137651588,16426730,862
2019-03-09 13:20:51.588,5.0,sell,3905.24,BTC-29MAR19-3000-P,56.55,0.001,5.0,3,1552137651588,16426731,863
2019-03-09 13:36:27.326,1.0,buy,3906.19,BTC-29MAR19-3000-P,60.49,0.0015,1.0,0,1552138587326,16427366,864
2019-03-09 14:27:56.153,0.1,buy,3908.39,BTC-29MAR19-3000-P,60.72,0.0015,0.1,1,1552141676153,16429215,865
2019-03-09 15:26:16.326,3.0,buy,3915.03,BTC-29MAR19-3000-P,56.97,0.001,3.0,2,1552145176326,16435465,866
2019-03-09 22:14:29.695,1.0,sell,3887.85,BTC-29MAR19-3000-P,56.29,0.001,1.0,3,1552169669695,16447629,867
2019-03-09 22:14:29.695,1.1,sell,3887.85,BTC-29MAR19-3000-P,50.81,0.0005,1.1,2,1552169669695,16447630,868
2019-03-09 22:30:09.721,1.0,sell,3891.49,BTC-29MAR19-3000-P,56.45,0.001,1.0,0,1552170609721,16447809,869
2019-03-09 23:47:19.589,3.3000000000000003,buy,3909.51,BTC-29MAR19-3000-P,57.42,0.001,3.3000000000000003,1,1552175239589,16448740,870
2019-03-09 23:47:32.180,0.2,buy,3909.66,BTC-29MAR19-3000-P,57.43,0.001,0.2,1,1552175252180,16448745,871
2019-03-10 09:29:28.069,0.1,buy,3889.64,BTC-29MAR19-3000-P,60.97,0.0015,0.1,0,1552210168069,16458756,872
2019-03-11 13:48:31.598,0.1,buy,3846.16,BTC-29MAR19-3000-P,60.74,0.0015,0.1,1,1552312111598,16491212,873
2019-03-11 20:04:20.522,3.0,sell,3843.91,BTC-29MAR19-3000-P,57.09,0.001,3.0,2,1552334660522,16496899,874
2019-03-12 16:27:07.084,1.0,sell,3855.49,BTC-29MAR19-3000-P,53.25,0.0005,1.0,2,1552408027084,16523560,875
2019-03-12 16:47:45.077,1.0,buy,3856.06,BTC-29MAR19-3000-P,63.23,0.0015,1.0,0,1552409265077,16523833,876
2019-03-12 22:48:42.281,2.0,sell,3865.99,BTC-29MAR19-3000-P,59.93,0.001,2.0,2,1552430922281,16526024,877
