date_utc,amount,direction,indexPrice,instrument,iv,price,quantity,tickDirection,timeStamp,tradeId,tradeSeq
2019-04-26 13:52:59.776,0.1,sell,5170.36,BTC-10MAY19-6000-C,58.67,0.0055,0.1,1,1556286779776,18330137,1
2019-04-26 13:55:26.938,0.2,sell,5167.01,BTC-10MAY19-6000-C,58.85,0.0055,0.2,1,1556286926938,18330231,2
2019-04-26 16:02:45.131,5.0,sell,5118.72,BTC-10MAY19-6000-C,63.11,0.006,5.0,0,1556294565131,18335040,3
2019-04-26 16:43:40.969,25.0,sell,5090.17,BTC-10MAY19-6000-C,58.55,0.004,25.0,2,1556297020969,18340811,4
2019-04-26 16:43:40.969,5.0,sell,5090.17,BTC-10MAY19-6000-C,58.55,0.004,5.0,3,1556297020969,18340812,5
2019-04-26 21:53:47.410,0.2,buy,5122.96,BTC-10MAY19-6000-C,63.44,0.006,0.2,0,1556315627410,18349691,6
2019-04-27 13:49:21.474,0.1,buy,5152.13,BTC-10MAY19-6000-C,60.44,0.005,0.1,2,1556372961474,18364370,7
2019-04-27 20:55:11.844,5.9,buy,5202.46,BTC-10MAY19-6000-C,61.22,0.006,5.9,0,1556398511844,18372768,8
2019-04-27 21:01:58.562,2.0,buy,5202.59,BTC-10MAY19-6000-C,62.6,0.0065,2.0,0,1556398918562,18372831,9
2019-04-27 21:01:58.562,7.7,buy,5202.59,BTC-10MAY19-6000-C,62.6,0.0065,7.7,1,1556398918562,18372832,10
2019-04-27 21:03:47.748,5.9,buy,5204.19,BTC-10MAY19-6000-C,62.51,0.0065,5.9,1,1556399027748,18372854,11
2019-04-27 21:09:11.249,4.8,buy,5204.85,BTC-10MAY19-6000-C,62.48,0.0065,4.8,1,1556399351249,18372966,12
2019-04-28 03:33:37.140,0.1,sell,5167.71,BTC-10MAY19-6000-C,60.95,0.005,0.1,2,1556422417140,18379156,13
2019-04-28 11:36:47.689,3.0,buy,5198.89,BTC-10MAY19-6000-C,60.0,0.005,3.0,3,1556451407689,18384057,14
2019-04-28 21:27:20.356,0.1,sell,5127.77,BTC-10MAY19-6000-C,63.57,0.0045,0.1,2,1556486840356,18402307,15
2019-04-29 22:31:34.617,0.4,sell,5117.09,BTC-10MAY19-6000-C,67.34,0.0045,0.4,3,1556577094617,18440738,16
2019-04-30 10:17:13.357,5.0,buy,5187.14,BTC-10MAY19-6000-C,64.61,0.0045,5.0,3,1556619433357,18456861,17
2019-04-30 11:31:05.712,5.0,buy,5188.85,BTC-10MAY19-6000-C,64.67,0.0045,5.0,3,1556623865712,18459580,18
2019-04-30 13:22:26.573,10.0,buy,5274.03,BTC-10MAY19-6000-C,61.24,0.005,10.0,0,1556630546573,18467419,19
2019-04-30 19:06:51.383,0.1,buy,5249.3,BTC-10MAY19-6000-C,63.61,0.005,0.1,1,1556651211383,18481919,20
2019-05-01 02:52:15.704,0.1,buy,5325.62,BTC-10MAY19-6000-C,62.8,0.006,0.1,0,1556679135704,18495550,21
2019-05-01 02:52:15.704,0.2,buy,5325.62,BTC-10MAY19-6000-C,62.8,0.006,0.2,1,1556679135704,18495551,22
2019-05-01 08:54:19.544,3.0,buy,5290.63,BTC-10MAY19-6000-C,64.5,0.0055,3.0,2,1556700859544,18502417,23
2019-05-01 19:03:51.448,25.0,sell,5306.12,BTC-10MAY19-6000-C,61.54,0.0045,25.0,2,1556737431448,18519580,24
2019-05-01 19:03:51.448,5.0,sell,5306.12,BTC-10MAY19-6000-C,61.54,0.0045,5.0,3,1556737431448,18519581,25
2019-05-02 01:08:33.298,0.1,buy,5322.71,BTC-10MAY19-6000-C,63.11,0.005,0.1,0,1556759313298,18527009,26
2019-05-02 06:34:32.312,25.0,sell,5320.77,BTC-10MAY19-6000-C,62.33,0.0045,25.0,2,1556778872312,18533415,27
2019-05-02 07:18:00.116,24.9,buy,5351.39,BTC-10MAY19-6000-C,62.06,0.005,24.9,0,1556781480116,18535056,28
2019-05-02 14:47:10.421,1.0,sell,5379.72,BTC-10MAY19-6000-C,59.46,0.0045,1.0,2,1556808430421,18554669,29
2019-05-02 15:20:30.815,0.1,buy,5399.99,BTC-10MAY19-6000-C,61.51,0.0055,0.1,0,1556810430815,18558677,30
2019-05-02 15:20:37.175,0.9,sell,5399.99,BTC-10MAY19-6000-C,61.51,0.0055,0.9,1,1556810437175,18558678,31
2019-05-02 15:59:11.890,6.0,buy,5406.26,BTC-10MAY19-6000-C,61.15,0.0055,6.0,1,1556812751890,18559901,32
2019-05-02 16:16:59.333,20.0,sell,5402.35,BTC-10MAY19-6000-C,61.49,0.0055,20.0,1,1556813819333,18560686,33
2019-05-02 19:49:51.129,1.6,buy,5409.93,BTC-10MAY19-6000-C,59.83,0.005,1.6,2,1556826591129,18567197,34
2019-05-02 20:40:11.042,10.0,sell,5393.8,BTC-10MAY19-6000-C,61.18,0.005,10.0,3,1556829611042,18569490,35
2019-05-02 20:53:25.977,24.9,buy,5402.72,BTC-10MAY19-6000-C,63.88,0.006,24.9,1,1556830405977,18570434,37
2019-05-02 20:53:25.977,0.1,buy,5402.72,BTC-10MAY19-6000-C,63.88,0.006,0.1,0,1556830405977,18570433,36
2019-05-03 00:01:52.695,0.9,sell,5385.67,BTC-10MAY19-6000-C,64.1,0.0055,0.9,2,1556841712695,18576074,38
2019-05-03 00:03:44.245,25.0,sell,5376.48,BTC-10MAY19-6000-C,64.81,0.0055,25.0,3,1556841824245,18576343,39
2019-05-03 00:23:04.889,0.1,buy,5378.45,BTC-10MAY19-6000-C,66.4,0.006,0.1,0,1556842984889,18577818,40
2019-05-03 00:23:06.109,0.1,buy,5378.48,BTC-10MAY19-6000-C,66.4,0.006,0.1,1,1556842986109,18577819,41
2019-05-03 00:23:08.016,0.1,buy,5378.48,BTC-10MAY19-6000-C,66.4,0.006,0.1,1,1556842988016,18577820,42
2019-05-03 04:14:16.251,10.0,buy,5466.19,BTC-10MAY19-6000-C,64.75,0.0075,10.0,0,1556856856251,18594198,43
2019-05-03 05:09:50.571,1.0,buy,5476.67,BTC-10MAY19-6000-C,64.06,0.0075,1.0,1,1556860190571,18597805,44
2019-05-03 05:59:42.104,10.0,sell,5490.38,BTC-10MAY19-6000-C,57.02,0.0055,10.0,2,1556863182104,18599232,45
2019-05-03 06:31:49.643,0.5,sell,5538.41,BTC-10MAY19-6000-C,53.28,0.0055,0.5,3,1556865109643,18604025,46
2019-05-03 07:26:49.359,0.1,buy,5553.03,BTC-10MAY19-6000-C,59.42,0.008,0.1,0,1556868409359,18611359,47
2019-05-03 07:27:22.268,10.0,buy,5551.23,BTC-10MAY19-6000-C,62.24,0.009000000000000001,10.0,0,1556868442268,18611449,48
2019-05-03 07:27:39.153,9.9,sell,5551.02,BTC-10MAY19-6000-C,60.94,0.0085,9.9,2,1556868459153,18611484,49
2019-05-03 07:29:03.353,10.0,sell,5535.5,BTC-10MAY19-6000-C,60.93,0.008,10.0,2,1556868543353,18611783,50
2019-05-03 08:06:06.677,1.0,buy,5565.26,BTC-10MAY19-6000-C,58.48,0.008,1.0,3,1556870766677,18617393,51
2019-05-03 08:09:53.232,0.2,sell,5555.33,BTC-10MAY19-6000-C,57.99,0.0075,0.2,2,1556870993232,18618042,52
2019-05-03 08:13:21.205,1.0,buy,5576.0,BTC-10MAY19-6000-C,57.57,0.008,1.0,0,1556871201205,18618421,53
2019-05-03 08:16:35.427,0.3,buy,5578.45,BTC-10MAY19-6000-C,57.37,0.008,0.3,1,1556871395427,18618758,54
2019-05-03 08:16:40.795,2.7,buy,5578.39,BTC-10MAY19-6000-C,57.38,0.008,2.7,1,1556871400795,18618759,55
2019-05-03 08:22:45.826,2.0,sell,5570.49,BTC-10MAY19-6000-C,59.41,0.0085,2.0,0,1556871765826,18618995,56
2019-05-03 08:28:38.192,1.6,sell,5570.74,BTC-10MAY19-6000-C,60.71,0.009000000000000001,1.6,0,1556872118192,18619220,57
2019-05-03 08:37:46.533,4.5,buy,5611.07,BTC-10MAY19-6000-C,62.03,0.011,4.5,0,1556872666533,18621551,59
2019-05-03 08:37:46.533,0.5,buy,5611.07,BTC-10MAY19-6000-C,58.39,0.0095,0.5,0,1556872666533,18621550,58
2019-05-03 08:42:25.705,1.0,sell,5628.36,BTC-10MAY19-6000-C,60.43,0.011,1.0,1,1556872945705,18623931,60
2019-05-03 09:05:17.568,0.1,buy,5663.6,BTC-10MAY19-6000-C,60.58,0.0125,0.1,0,1556874317568,18638194,61
2019-05-03 09:17:50.795,0.2,buy,5678.41,BTC-10MAY19-6000-C,63.54,0.0145,0.2,0,1556875070795,18640992,62
2019-05-03 09:17:50.795,0.3,buy,5678.41,BTC-10MAY19-6000-C,63.54,0.0145,0.3,1,1556875070795,18640993,63
2019-05-03 09:32:54.854,1.0,sell,5708.66,BTC-10MAY19-6000-C,57.31,0.013,1.0,2,1556875974854,18644356,64
2019-05-03 09:44:51.211,6.9,sell,5763.88,BTC-10MAY19-6000-C,54.83,0.0145,6.9,1,1556876691211,18650209,67
2019-05-03 09:44:51.211,98.1,sell,5763.88,BTC-10MAY19-6000-C,52.76,0.0135,98.1,2,1556876691211,18650210,68
2019-05-03 09:44:51.211,20.0,sell,5763.88,BTC-10MAY19-6000-C,54.83,0.0145,20.0,0,1556876691211,18650207,65
2019-05-03 09:44:51.211,50.0,sell,5763.88,BTC-10MAY19-6000-C,54.83,0.0145,50.0,1,1556876691211,18650208,66
2019-05-03 09:45:20.488,0.9,buy,5752.78,BTC-10MAY19-6000-C,64.12,0.0185,0.9,1,1556876720488,18650480,70
2019-05-03 09:45:20.488,0.1,buy,5752.78,BTC-10MAY19-6000-C,64.12,0.0185,0.1,0,1556876720488,18650479,69
2019-05-03 09:45:21.779,8.0,sell,5752.49,BTC-10MAY19-6000-C,53.94,0.0135,8.0,2,1556876721779,18650483,71
2019-05-03 09:45:52.808,1.0,sell,5754.21,BTC-10MAY19-6000-C,53.77,0.0135,1.0,3,1556876752808,18650655,72
2019-05-03 09:51:30.242,0.1,buy,5755.05,BTC-10MAY19-6000-C,62.89,0.018000000000000002,0.1,0,1556877090242,18651998,73
2019-05-03 09:58:37.621,3.0,buy,5784.63,BTC-10MAY19-6000-C,63.59,0.02,3.0,0,1556877517621,18654275,74
2019-05-03 09:58:37.628,8.0,sell,5784.63,BTC-10MAY19-6000-C,63.59,0.02,8.0,1,1556877517628,18654276,75
2019-05-03 09:59:29.143,0.2,sell,5780.75,BTC-10MAY19-6000-C,57.11,0.0165,0.2,2,1556877569143,18654534,76
2019-05-03 10:04:10.630,5.0,sell,5720.35,BTC-10MAY19-6000-C,59.42,0.0145,5.0,2,1556877850630,18657350,77
2019-05-03 10:10:00.513,3.0,sell,5709.49,BTC-10MAY19-6000-C,59.49,0.014,3.0,2,1556878200513,18659099,78
2019-05-03 10:10:06.725,1.0,sell,5707.12,BTC-10MAY19-6000-C,59.73,0.014,1.0,3,1556878206725,18659106,79
2019-05-03 10:11:27.894,3.0,sell,5716.8,BTC-10MAY19-6000-C,58.74,0.014,3.0,3,1556878287894,18659458,80
2019-05-03 10:11:49.703,3.0,sell,5719.11,BTC-10MAY19-6000-C,59.57,0.0145,3.0,0,1556878309703,18659513,81
2019-05-03 10:13:33.154,2.0,sell,5714.2,BTC-10MAY19-6000-C,57.95,0.0135,2.0,2,1556878413154,18659867,82
2019-05-03 10:53:51.572,2.0,sell,5685.91,BTC-10MAY19-6000-C,60.92,0.0135,2.0,3,1556880831572,18664792,83
2019-05-03 11:08:00.114,2.4,buy,5687.25,BTC-10MAY19-6000-C,59.73,0.013,2.4,2,1556881680114,18667084,84
2019-05-03 11:11:10.302,0.3,buy,5698.26,BTC-10MAY19-6000-C,60.81,0.014,0.3,0,1556881870302,18667679,85
2019-05-03 11:39:38.892,1.0,buy,5712.13,BTC-10MAY19-6000-C,63.72,0.016,1.0,0,1556883578892,18671144,86
2019-05-03 12:49:37.057,2.0,sell,5724.32,BTC-10MAY19-6000-C,58.44,0.014,2.0,2,1556887777057,18675933,87
2019-05-03 13:19:36.461,2.0,sell,5731.17,BTC-10MAY19-6000-C,57.82,0.014,2.0,3,1556889576461,18677804,89
2019-05-03 13:19:36.461,16.0,sell,5731.17,BTC-10MAY19-6000-C,57.82,0.014,16.0,3,1556889576461,18677803,88
2019-05-03 13:29:27.854,1.0,buy,5749.79,BTC-10MAY19-6000-C,60.07,0.016,1.0,1,1556890167854,18678865,91
2019-05-03 13:29:27.854,4.0,buy,5749.79,BTC-10MAY19-6000-C,60.07,0.016,4.0,0,1556890167854,18678864,90
2019-05-03 13:44:02.031,2.0,buy,5750.42,BTC-10MAY19-6000-C,62.11,0.017,2.0,0,1556891042031,18680280,92
2019-05-03 14:15:00.758,1.0,sell,5761.72,BTC-10MAY19-6000-C,59.95,0.0165,1.0,2,1556892900758,18682401,93
2019-05-03 14:16:49.625,1.0,sell,5760.07,BTC-10MAY19-6000-C,60.13,0.0165,1.0,3,1556893009625,18682495,94
2019-05-03 14:17:05.659,1.0,sell,5758.6,BTC-10MAY19-6000-C,61.32,0.017,1.0,0,1556893025659,18682500,95
2019-05-03 14:27:39.786,1.0,buy,5765.81,BTC-10MAY19-6000-C,61.58,0.0175,1.0,0,1556893659786,18683248,96
2019-05-03 14:38:59.889,1.0,buy,5768.15,BTC-10MAY19-6000-C,61.35,0.0175,1.0,1,1556894339889,18683969,97
2019-05-03 14:41:32.510,2.0,sell,5758.28,BTC-10MAY19-6000-C,60.41,0.0165,2.0,2,1556894492510,18684111,98
2019-05-03 14:53:01.646,4.0,sell,5746.23,BTC-10MAY19-6000-C,57.58,0.0145,4.0,2,1556895181646,18684707,99
2019-05-03 14:55:58.279,1.0,sell,5716.13,BTC-10MAY19-6000-C,57.5,0.013,1.0,2,1556895358279,18685612,100
2019-05-03 15:33:00.315,0.2,buy,5732.92,BTC-10MAY19-6000-C,58.04,0.014,0.2,0,1556897580315,18689556,101
2019-05-03 16:18:14.705,0.2,sell,5716.53,BTC-10MAY19-6000-C,62.04,0.015,0.2,0,1556900294705,18692444,102
2019-05-03 17:21:02.954,1.0,sell,5659.98,BTC-10MAY19-6000-C,57.8,0.0105,1.0,2,1556904062954,18697620,103
2019-05-03 17:37:44.207,10.0,sell,5655.83,BTC-10MAY19-6000-C,55.82,0.0095,10.0,2,1556905064207,18700425,104
2019-05-03 18:10:42.458,5.0,buy,5658.35,BTC-10MAY19-6000-C,60.49,0.0115,5.0,0,1556907042458,18701621,105
2019-05-03 18:32:54.600,2.0,buy,5666.37,BTC-10MAY19-6000-C,60.94,0.012,2.0,0,1556908374600,18702051,106
2019-05-03 19:04:07.008,2.0,buy,5681.82,BTC-10MAY19-6000-C,60.64,0.0125,2.0,0,1556910247008,18703695,107
2019-05-03 19:04:47.460,4.0,buy,5684.39,BTC-10MAY19-6000-C,60.38,0.0125,4.0,1,1556910287460,18703742,108
2019-05-03 19:05:12.167,4.0,buy,5683.88,BTC-10MAY19-6000-C,60.43,0.0125,4.0,1,1556910312167,18703753,109
2019-05-03 19:09:42.222,3.0,sell,5677.3,BTC-10MAY19-6000-C,55.24,0.01,3.0,2,1556910582222,18704084,110
2019-05-03 19:10:01.941,8.0,buy,5677.97,BTC-10MAY19-6000-C,61.05,0.0125,8.0,0,1556910601941,18704086,111
2019-05-03 19:11:42.791,2.0,buy,5674.32,BTC-10MAY19-6000-C,61.42,0.0125,2.0,1,1556910702791,18704162,112
2019-05-03 21:04:30.570,4.0,buy,5684.89,BTC-10MAY19-6000-C,58.4,0.0115,4.0,2,1556917470570,18707774,113
2019-05-03 22:29:30.034,7.0,sell,5670.03,BTC-10MAY19-6000-C,55.32,0.0095,7.0,2,1556922570034,18713766,114
2019-05-03 22:47:09.027,0.5,buy,5653.61,BTC-10MAY19-6000-C,56.96,0.0095,0.5,3,1556923629027,18714970,115
2019-05-03 22:52:05.221,0.5,buy,5653.42,BTC-10MAY19-6000-C,56.99,0.0095,0.5,3,1556923925221,18715578,117
2019-05-03 22:52:05.221,0.5,buy,5653.42,BTC-10MAY19-6000-C,56.99,0.0095,0.5,3,1556923925221,18715577,116
2019-05-04 00:55:14.298,5.0,buy,5737.44,BTC-10MAY19-6000-C,57.1,0.013,5.0,0,1556931314298,18728759,118
2019-05-04 01:25:25.699,5.0,buy,5758.85,BTC-10MAY19-6000-C,54.89,0.013,5.0,1,1556933125699,18730647,119
2019-05-04 01:25:31.285,5.0,buy,5760.21,BTC-10MAY19-6000-C,54.74,0.013,5.0,1,1556933131285,18730662,120
2019-05-04 01:26:24.900,1.0,sell,5758.34,BTC-10MAY19-6000-C,52.73,0.012,1.0,2,1556933184900,18730804,121
2019-05-04 01:30:03.043,2.0,buy,5756.86,BTC-10MAY19-6000-C,55.12,0.013,2.0,0,1556933403043,18730935,122
2019-05-04 01:46:17.140,3.0,buy,5774.44,BTC-10MAY19-6000-C,53.25,0.013,3.0,1,1556934377140,18731734,123
2019-05-04 01:46:54.562,0.5,buy,5785.53,BTC-10MAY19-6000-C,54.18,0.014,0.5,0,1556934414562,18732651,124
2019-05-04 05:52:13.427,2.0,buy,5708.41,BTC-10MAY19-6000-C,56.49,0.011,2.0,2,1556949133427,18751169,125
2019-05-04 06:38:29.420,2.0,buy,5708.44,BTC-10MAY19-6000-C,56.64,0.011,2.0,3,1556951909420,18752759,126
2019-05-04 07:16:08.144,0.1,buy,5747.79,BTC-10MAY19-6000-C,58.34,0.0135,0.1,0,1556954168144,18753998,127
2019-05-04 07:54:06.959,2.0,buy,5754.89,BTC-10MAY19-6000-C,58.79,0.014,2.0,0,1556956446959,18755482,128
2019-05-04 08:40:34.191,0.3,sell,5720.59,BTC-10MAY19-6000-C,48.33,0.008,0.3,2,1556959234191,18756637,129
2019-05-04 08:40:34.191,0.7000000000000001,sell,5720.59,BTC-10MAY19-6000-C,42.98,0.006,0.7000000000000001,2,1556959234191,18756638,130
2019-05-04 10:28:48.733,0.1,buy,5713.53,BTC-10MAY19-6000-C,59.27,0.012,0.1,0,1556965728733,18759524,131
2019-05-04 13:43:32.157,2.0,buy,5667.87,BTC-10MAY19-6000-C,58.51,0.0095,2.0,2,1556977412157,18766378,132
2019-05-04 13:48:49.129,4.0,sell,5610.9,BTC-10MAY19-6000-C,57.16,0.006999999999999999,4.0,2,1556977729129,18769122,133
2019-05-04 13:49:33.489,2.2,sell,5556.96,BTC-10MAY19-6000-C,59.02,0.006,2.2,3,1556977773489,18770912,135
2019-05-04 13:49:33.489,1.3,sell,5556.96,BTC-10MAY19-6000-C,59.02,0.006,1.3,2,1556977773489,18770911,134
2019-05-04 13:49:39.858,0.5,sell,5554.95,BTC-10MAY19-6000-C,59.2,0.006,0.5,3,1556977779858,18771139,136
2019-05-04 13:49:49.757,13.6,sell,5548.58,BTC-10MAY19-6000-C,58.1,0.0055,13.6,2,1556977789757,18771534,138
2019-05-04 13:49:49.757,0.3,sell,5548.58,BTC-10MAY19-6000-C,59.78,0.006,0.3,3,1556977789757,18771533,137
2019-05-04 13:54:24.599,16.0,buy,5577.57,BTC-10MAY19-6000-C,58.76,0.0065,16.0,0,1556978064599,18774433,139
2019-05-04 13:56:18.279,9.0,sell,5579.19,BTC-10MAY19-6000-C,57.02,0.006,9.0,2,1556978178279,18775048,140
2019-05-04 14:12:25.153,1.0,sell,5539.55,BTC-10MAY19-6000-C,57.23,0.005,1.0,2,1556979145153,18778917,141
2019-05-04 14:17:51.819,2.0,sell,5568.49,BTC-10MAY19-6000-C,56.42,0.0055,2.0,0,1556979471819,18781564,142
2019-05-04 17:04:17.383,1.0,sell,5576.52,BTC-10MAY19-6000-C,56.27,0.0055,1.0,1,1556989457383,18788322,143
2019-05-04 19:33:22.082,0.1,buy,5593.15,BTC-10MAY19-6000-C,58.53,0.0065,0.1,0,1556998402082,18792211,144
2019-05-04 21:20:35.301,4.0,buy,5788.75,BTC-10MAY19-6000-C,56.56,0.0135,4.0,0,1557004835301,18808368,145
2019-05-04 21:22:09.216,4.0,buy,5805.33,BTC-10MAY19-6000-C,56.84,0.0145,4.0,0,1557004929216,18810303,146
2019-05-04 21:30:37.845,1.0,sell,5782.69,BTC-10MAY19-6000-C,50.23,0.0105,1.0,2,1557005437845,18813535,147
2019-05-04 21:42:05.265,16.0,sell,5787.58,BTC-10MAY19-6000-C,57.93,0.014,16.0,0,1557006125265,18815746,148
2019-05-04 21:42:05.439,3.0,sell,5787.58,BTC-10MAY19-6000-C,57.93,0.014,3.0,1,1557006125439,18815747,149
2019-05-04 21:50:08.678,15.0,buy,5799.77,BTC-10MAY19-6000-C,59.89,0.0155,15.0,0,1557006608678,18818020,150
2019-05-04 23:37:17.337,0.1,sell,5762.09,BTC-10MAY19-6000-C,54.23,0.011,0.1,2,1557013037337,18832814,151
2019-05-04 23:57:19.489,1.0,buy,5772.74,BTC-10MAY19-6000-C,60.23,0.014,1.0,0,1557014239489,18834545,152
2019-05-05 00:15:22.237,1.0,sell,5713.37,BTC-10MAY19-6000-C,54.66,0.009000000000000001,1.0,2,1557015322237,18837651,153
2019-05-05 00:40:31.945,0.5,sell,5731.74,BTC-10MAY19-6000-C,56.65,0.0105,0.5,0,1557016831945,18843037,154
2019-05-05 00:41:13.353,0.3,sell,5732.47,BTC-10MAY19-6000-C,55.29,0.01,0.3,2,1557016873353,18843060,155
2019-05-05 03:45:59.082,0.1,buy,5752.32,BTC-10MAY19-6000-C,59.98,0.0125,0.1,0,1557027959082,18851277,156
2019-05-05 06:46:41.050,0.1,sell,5726.69,BTC-10MAY19-6000-C,57.32,0.01,0.1,2,1557038801050,18856901,157
2019-05-05 07:35:51.709,0.9,sell,5704.37,BTC-10MAY19-6000-C,60.03,0.01,0.9,3,1557041751709,18858594,158
2019-05-05 12:09:21.464,0.5,buy,5718.05,BTC-10MAY19-6000-C,59.63,0.01,0.5,3,1557058161464,18871243,159
2019-05-05 13:13:04.969,0.1,buy,5736.82,BTC-10MAY19-6000-C,60.39,0.011,0.1,0,1557061984969,18873871,160
2019-05-05 13:25:51.891,0.2,buy,5733.75,BTC-10MAY19-6000-C,60.81,0.011,0.2,1,1557062751891,18874233,161
2019-05-05 17:01:49.124,1.0,sell,5695.41,BTC-10MAY19-6000-C,57.77,0.008,1.0,2,1557075709124,18883253,162
2019-05-05 18:36:33.223,0.1,buy,5676.96,BTC-10MAY19-6000-C,60.25,0.008,0.1,3,1557081393223,18891590,163
2019-05-05 18:46:02.118,1.0,buy,5697.98,BTC-10MAY19-6000-C,60.9,0.009000000000000001,1.0,0,1557081962118,18892498,164
2019-05-05 21:01:47.859,2.0,buy,5773.06,BTC-10MAY19-6000-C,56.69,0.0105,2.0,0,1557090107859,18900318,165
2019-05-06 01:11:34.052,1.0,sell,5672.17,BTC-10MAY19-6000-C,56.11,0.006,1.0,2,1557105094052,18915701,166
2019-05-06 01:11:34.052,16.0,sell,5672.17,BTC-10MAY19-6000-C,56.11,0.006,16.0,3,1557105094052,18915702,167
2019-05-06 01:12:17.344,0.1,sell,5667.37,BTC-10MAY19-6000-C,54.87,0.0055,0.1,2,1557105137344,18915800,168
2019-05-06 01:19:05.488,0.2,sell,5644.96,BTC-10MAY19-6000-C,55.45,0.005,0.2,2,1557105545488,18917544,169
2019-05-06 01:36:25.976,0.1,buy,5603.09,BTC-10MAY19-6000-C,65.49,0.0065,0.1,0,1557106585976,18924145,170
2019-05-06 01:51:49.084,3.0,sell,5625.42,BTC-10MAY19-6000-C,57.64,0.005,3.0,2,1557107509084,18926203,171
2019-05-06 04:15:53.695,2.5,buy,5620.48,BTC-10MAY19-6000-C,62.64,0.006,2.5,0,1557116153695,18931256,172
2019-05-06 04:39:29.125,0.1,sell,5635.49,BTC-10MAY19-6000-C,59.28,0.0055,0.1,2,1557117569125,18931637,173
2019-05-06 06:13:43.392,0.1,buy,5645.14,BTC-10MAY19-6000-C,67.47,0.008,0.1,0,1557123223392,18934532,174
2019-05-06 06:41:45.493,0.1,sell,5624.91,BTC-10MAY19-6000-C,61.05,0.0055,0.1,2,1557124905493,18935810,175
2019-05-06 06:41:45.493,0.1,sell,5624.91,BTC-10MAY19-6000-C,61.05,0.0055,0.1,3,1557124905493,18935811,176
2019-05-06 06:50:27.173,0.2,sell,5608.93,BTC-10MAY19-6000-C,60.86,0.005,0.2,2,1557125427173,18937537,177
2019-05-06 06:51:05.233,0.2,sell,5611.48,BTC-10MAY19-6000-C,60.59,0.005,0.2,3,1557125465233,18937575,178
2019-05-06 07:21:24.856,1.0,sell,5608.43,BTC-10MAY19-6000-C,61.07,0.005,1.0,3,1557127284856,18938348,179
2019-05-06 07:55:56.523,1.0,buy,5580.73,BTC-10MAY19-6000-C,66.23,0.0055,1.0,0,1557129356523,18940699,180
2019-05-06 08:28:09.757,1.0,buy,5612.94,BTC-10MAY19-6000-C,64.84,0.006,1.0,0,1557131289757,18943269,181
2019-05-06 09:18:02.942,0.1,sell,5623.59,BTC-10MAY19-6000-C,63.93,0.006,0.1,1,1557134282942,18944881,182
2019-05-06 12:55:15.850,2.0,sell,5621.84,BTC-10MAY19-6000-C,61.44,0.005,2.0,2,1557147315850,18951132,183
2019-05-06 13:22:19.348,1.0,buy,5635.57,BTC-10MAY19-6000-C,63.98,0.006,1.0,0,1557148939348,18951718,184
2019-05-06 13:53:37.402,5.9,buy,5637.88,BTC-10MAY19-6000-C,65.78,0.0065,5.9,0,1557150817402,18952293,185
2019-05-06 13:53:44.207,0.1,sell,5637.85,BTC-10MAY19-6000-C,65.78,0.0065,0.1,1,1557150824207,18952294,186
2019-05-06 13:56:45.421,1.0,sell,5637.45,BTC-10MAY19-6000-C,63.97,0.006,1.0,2,1557151005421,18952328,187
2019-05-06 14:20:38.602,0.5,buy,5657.46,BTC-10MAY19-6000-C,65.45,0.006999999999999999,0.5,0,1557152438602,18953332,188
2019-05-06 14:20:54.917,0.1,sell,5657.78,BTC-10MAY19-6000-C,63.61,0.0065,0.1,2,1557152454917,18953340,189
2019-05-06 14:39:26.483,1.0,sell,5648.07,BTC-10MAY19-6000-C,62.99,0.006,1.0,2,1557153566483,18954260,190
2019-05-06 15:09:25.019,9.5,buy,5663.72,BTC-10MAY19-6000-C,64.99,0.006999999999999999,9.5,0,1557155365019,18956380,191
2019-05-06 15:20:07.158,1.0,sell,5651.13,BTC-10MAY19-6000-C,64.75,0.0065,1.0,2,1557156007158,18956932,192
2019-05-06 16:03:07.445,10.0,buy,5674.8,BTC-10MAY19-6000-C,63.98,0.006999999999999999,10.0,0,1557158587445,18958067,193
2019-05-06 16:08:49.061,1.0,buy,5687.42,BTC-10MAY19-6000-C,65.92,0.008,1.0,0,1557158929061,18959151,194
2019-05-06 16:09:03.572,0.1,buy,5688.76,BTC-10MAY19-6000-C,65.76,0.008,0.1,1,1557158943572,18959162,195
2019-05-06 16:30:48.281,5.0,buy,5700.58,BTC-10MAY19-6000-C,64.41,0.008,5.0,1,1557160248281,18961739,196
2019-05-06 17:01:19.369,10.0,buy,5705.44,BTC-10MAY19-6000-C,65.64,0.0085,10.0,0,1557162079369,18964877,197
2019-05-06 17:01:19.369,24.0,buy,5705.44,BTC-10MAY19-6000-C,65.64,0.0085,24.0,1,1557162079369,18964878,198
2019-05-06 17:01:19.369,8.700000000000001,buy,5705.44,BTC-10MAY19-6000-C,65.64,0.0085,8.700000000000001,1,1557162079369,18964880,200
2019-05-06 17:01:19.369,4.0,buy,5705.44,BTC-10MAY19-6000-C,65.64,0.0085,4.0,1,1557162079369,18964879,199
2019-05-06 17:01:26.317,0.3,sell,5705.88,BTC-10MAY19-6000-C,65.58,0.0085,0.3,1,1557162086317,18964885,201
2019-05-06 17:01:58.380,24.0,buy,5710.57,BTC-10MAY19-6000-C,66.61,0.009000000000000001,24.0,1,1557162118380,18964910,203
2019-05-06 17:01:58.380,8.3,buy,5710.57,BTC-10MAY19-6000-C,66.61,0.009000000000000001,8.3,0,1557162118380,18964909,202
2019-05-06 17:05:48.602,10.0,buy,5720.02,BTC-10MAY19-6000-C,68.58,0.01,10.0,1,1557162348602,18965110,205
2019-05-06 17:05:48.602,24.0,buy,5720.02,BTC-10MAY19-6000-C,68.58,0.01,24.0,0,1557162348602,18965109,204
2019-05-06 17:05:48.602,4.0,buy,5720.02,BTC-10MAY19-6000-C,68.58,0.01,4.0,1,1557162348602,18965112,207
2019-05-06 17:05:48.602,6.3,buy,5720.02,BTC-10MAY19-6000-C,68.58,0.01,6.3,1,1557162348602,18965111,206
2019-05-06 18:38:05.913,5.0,buy,5732.09,BTC-10MAY19-6000-C,64.39,0.009000000000000001,5.0,2,1557167885913,18969705,208
2019-05-06 19:15:22.011,5.0,sell,5734.79,BTC-10MAY19-6000-C,67.45,0.01,5.0,0,1557170122011,18973466,209
2019-05-06 20:29:54.832,0.5,sell,5670.38,BTC-10MAY19-6000-C,64.36,0.0065,0.5,2,1557174594832,18980069,210
2019-05-07 00:16:26.056,3.0,buy,5739.08,BTC-10MAY19-6000-C,60.6,0.0075,3.0,0,1557188186056,18989123,211
2019-05-07 00:24:08.164,2.0,buy,5730.36,BTC-10MAY19-6000-C,61.81,0.0075,2.0,1,1557188648164,18989709,212
2019-05-07 00:29:53.650,8.5,buy,5734.19,BTC-10MAY19-6000-C,68.09,0.0095,8.5,1,1557188993650,18989893,214
2019-05-07 00:29:53.650,24.0,buy,5734.19,BTC-10MAY19-6000-C,68.09,0.0095,24.0,0,1557188993650,18989892,213
2019-05-07 01:03:35.192,3.8,buy,5762.2,BTC-10MAY19-6000-C,62.76,0.009000000000000001,3.8,2,1557191015192,18992188,215
2019-05-07 01:17:12.899,1.0,sell,5762.92,BTC-10MAY19-6000-C,61.11,0.0085,1.0,2,1557191832899,18993805,216
2019-05-07 02:21:21.973,0.1,buy,5788.64,BTC-10MAY19-6000-C,62.66,0.01,0.1,0,1557195681973,18996659,217
2019-05-07 02:22:16.415,7.0,buy,5798.97,BTC-10MAY19-6000-C,62.69,0.0105,7.0,0,1557195736415,18996872,218
2019-05-07 02:23:53.112,0.2,buy,5806.75,BTC-10MAY19-6000-C,63.07,0.011,0.2,0,1557195833112,18997429,219
2019-05-07 02:29:20.616,0.1,buy,5822.69,BTC-10MAY19-6000-C,62.16,0.0115,0.1,0,1557196160616,18998311,220
2019-05-07 02:29:36.655,0.1,buy,5835.17,BTC-10MAY19-6000-C,61.69,0.012,0.1,0,1557196176655,18998692,221
2019-05-07 02:29:39.455,0.1,buy,5842.55,BTC-10MAY19-6000-C,61.97,0.0125,0.1,0,1557196179455,18998782,222
2019-05-07 02:33:21.778,0.1,buy,5850.92,BTC-10MAY19-6000-C,62.09,0.013,0.1,0,1557196401778,19000291,223
2019-05-07 02:33:29.597,1.0,buy,5855.52,BTC-10MAY19-6000-C,65.63,0.0145,1.0,0,1557196409597,19000417,224
2019-05-07 02:33:31.157,4.0,sell,5856.02,BTC-10MAY19-6000-C,65.55,0.0145,4.0,1,1557196411157,19000449,225
2019-05-07 02:39:14.119,2.5,sell,5839.83,BTC-10MAY19-6000-C,65.39,0.0135,2.5,2,1557196754119,19003701,226
2019-05-07 02:49:10.694,0.5,sell,5846.52,BTC-10MAY19-6000-C,61.46,0.0125,0.5,2,1557197350694,19005787,227
2019-05-07 02:55:52.689,1.0,buy,5880.24,BTC-10MAY19-6000-C,61.6,0.0145,1.0,0,1557197752689,19006800,228
2019-05-07 02:56:15.306,24.0,buy,5882.15,BTC-10MAY19-6000-C,66.86,0.0165,24.0,0,1557197775306,19007290,229
2019-05-07 02:56:15.311,6.0,sell,5882.15,BTC-10MAY19-6000-C,66.86,0.0165,6.0,1,1557197775311,19007291,230
2019-05-07 03:01:36.391,1.0,buy,5940.84,BTC-10MAY19-6000-C,62.93,0.019,1.0,0,1557198096391,19011082,231
2019-05-07 03:01:36.391,0.1,buy,5940.84,BTC-10MAY19-6000-C,62.93,0.019,0.1,1,1557198096391,19011083,232
2019-05-07 03:01:45.545,0.1,buy,5948.66,BTC-10MAY19-6000-C,64.1,0.02,0.1,0,1557198105545,19011238,233
2019-05-07 03:01:52.783,0.1,buy,5954.81,BTC-10MAY19-6000-C,64.23,0.0205,0.1,0,1557198112783,19011367,234
2019-05-07 03:02:07.176,0.1,buy,5960.58,BTC-10MAY19-6000-C,68.44,0.0225,0.1,1,1557198127176,19011644,236
2019-05-07 03:02:07.176,3.3000000000000003,buy,5960.58,BTC-10MAY19-6000-C,68.44,0.0225,3.3000000000000003,0,1557198127176,19011643,235
2019-05-07 03:02:07.378,16.6,sell,5960.58,BTC-10MAY19-6000-C,68.44,0.0225,16.6,1,1557198127378,19011652,237
2019-05-07 03:02:12.477,18.0,buy,5956.72,BTC-10MAY19-6000-C,70.55,0.023,18.0,0,1557198132477,19011880,238
2019-05-07 03:02:12.629,2.0,sell,5956.72,BTC-10MAY19-6000-C,70.55,0.023,2.0,1,1557198132629,19011881,239
2019-05-07 03:05:41.395,10.0,buy,5905.64,BTC-10MAY19-6000-C,72.33,0.02,10.0,2,1557198341395,19014834,240
2019-05-07 03:07:40.682,1.0,sell,5927.68,BTC-10MAY19-6000-C,65.49,0.019,1.0,2,1557198460682,19015887,241
2019-05-07 03:18:42.325,1.0,buy,5895.4,BTC-10MAY19-6000-C,70.2,0.0185,1.0,2,1557199122325,19018428,242
2019-05-07 03:51:57.469,1.0,sell,5898.65,BTC-10MAY19-6000-C,64.32,0.0165,1.0,2,1557201117469,19021410,243
2019-05-07 03:52:16.043,2.0,sell,5897.3,BTC-10MAY19-6000-C,64.57,0.0165,2.0,3,1557201136043,19021428,244
2019-05-07 04:02:09.818,0.1,sell,5875.73,BTC-10MAY19-6000-C,65.65,0.0155,0.1,2,1557201729818,19022213,245
2019-05-07 04:25:32.759,5.0,sell,5863.55,BTC-10MAY19-6000-C,65.08,0.0145,5.0,2,1557203132759,19024338,246
2019-05-07 04:27:20.811,0.1,sell,5862.2,BTC-10MAY19-6000-C,65.32,0.0145,0.1,3,1557203240811,19024485,247
2019-05-07 04:38:21.543,1.0,buy,5869.02,BTC-10MAY19-6000-C,72.75,0.0175,1.0,0,1557203901543,19025159,248
2019-05-07 04:38:21.543,1.0,buy,5869.02,BTC-10MAY19-6000-C,72.75,0.0175,1.0,1,1557203901543,19025160,249
2019-05-07 05:20:47.247,0.5,buy,5909.46,BTC-10MAY19-6000-C,65.76,0.0175,0.5,1,1557206447247,19027264,250
2019-05-07 06:16:05.781,0.1,sell,5869.48,BTC-10MAY19-6000-C,67.74,0.0155,0.1,2,1557209765781,19029970,251
2019-05-07 06:20:07.215,1.0,sell,5884.79,BTC-10MAY19-6000-C,70.75,0.0175,1.0,0,1557210007215,19030178,252
2019-05-07 06:20:16.838,1.0,sell,5885.03,BTC-10MAY19-6000-C,70.7,0.0175,1.0,1,1557210016838,19030179,253
2019-05-07 06:49:34.446,1.0,sell,5893.55,BTC-10MAY19-6000-C,70.8,0.018000000000000002,1.0,0,1557211774446,19031020,254
2019-05-07 06:49:43.491,1.0,sell,5893.58,BTC-10MAY19-6000-C,69.38,0.0175,1.0,2,1557211783491,19031027,255
2019-05-07 07:52:12.423,1.0,sell,5876.39,BTC-10MAY19-6000-C,64.35,0.0145,1.0,2,1557215532423,19032963,256
2019-05-07 08:36:14.878,2.0,buy,5875.7,BTC-10MAY19-6000-C,72.08,0.017,2.0,0,1557218174878,19033710,257
2019-05-07 08:42:45.948,1.0,sell,5876.08,BTC-10MAY19-6000-C,72.07,0.017,1.0,1,1557218565948,19033820,258
2019-05-07 08:54:14.957,1.0,buy,5868.64,BTC-10MAY19-6000-C,73.52,0.017,1.0,1,1557219254957,19034142,259
2019-05-07 09:37:58.513,0.5,buy,5905.63,BTC-10MAY19-6000-C,72.76,0.019,0.5,0,1557221878513,19035925,260
2019-05-07 09:56:35.408,1.0,buy,5905.39,BTC-10MAY19-6000-C,72.97,0.019,1.0,1,1557222995408,19036847,261
2019-05-07 11:34:38.068,0.3,buy,5871.66,BTC-10MAY19-6000-C,71.42,0.016,0.3,2,1557228878068,19038926,262
2019-05-07 11:35:37.820,0.7000000000000001,buy,5877.23,BTC-10MAY19-6000-C,73.36,0.017,0.7000000000000001,0,1557228937820,19038968,263
2019-05-07 12:59:02.348,1.0,buy,5908.46,BTC-10MAY19-6000-C,71.07,0.018000000000000002,1.0,0,1557233942348,19040980,264
2019-05-07 13:59:31.440,1.0,buy,5948.55,BTC-10MAY19-6000-C,72.14,0.021,1.0,0,1557237571440,19045420,265
2019-05-07 14:07:44.307,2.0,sell,5880.49,BTC-10MAY19-6000-C,66.58,0.0145,2.0,2,1557238064307,19050791,266
2019-05-07 14:16:56.601,1.0,buy,5825.32,BTC-10MAY19-6000-C,75.07,0.013999999999999999,1.0,2,1557238616601,19057385,267
2019-05-07 15:23:48.855,4.0,buy,5840.55,BTC-10MAY19-6000-C,74.58,0.0145,4.0,0,1557242628855,19063736,269
2019-05-07 15:23:48.855,1.0,buy,5840.55,BTC-10MAY19-6000-C,73.0,0.013999999999999999,1.0,3,1557242628855,19063735,268
2019-05-07 15:57:18.232,2.0,sell,5855.36,BTC-10MAY19-6000-C,73.76,0.015,2.0,0,1557244638232,19064976,270
2019-05-07 16:34:56.222,0.1,sell,5888.77,BTC-10MAY19-6000-C,66.28,0.0145,0.1,2,1557246896222,19066802,271
2019-05-07 19:23:55.370,1.0,buy,5799.68,BTC-10MAY19-6000-C,74.31,0.0115,1.0,2,1557257035370,19076274,272
2019-05-07 19:23:55.700,0.1,sell,5799.68,BTC-10MAY19-6000-C,72.58,0.011000000000000001,0.1,2,1557257035700,19076275,273
2019-05-07 19:23:55.700,1.9,sell,5799.68,BTC-10MAY19-6000-C,72.58,0.011000000000000001,1.9,3,1557257035700,19076276,274
2019-05-07 19:27:59.395,7.0,buy,5825.96,BTC-10MAY19-6000-C,78.1,0.013999999999999999,7.0,0,1557257279395,19076691,275
2019-05-07 19:28:59.796,0.7000000000000001,buy,5839.11,BTC-10MAY19-6000-C,78.95,0.015,0.7000000000000001,0,1557257339796,19076824,276
2019-05-07 21:52:18.206,0.7000000000000001,buy,5872.79,BTC-10MAY19-6000-C,70.76,0.013999999999999999,0.7000000000000001,2,1557265938206,19081931,277
2019-05-07 21:53:59.778,1.0,sell,5877.7,BTC-10MAY19-6000-C,71.44,0.0145,1.0,0,1557266039778,19082078,278
2019-05-07 21:55:22.655,2.9,sell,5884.43,BTC-10MAY19-6000-C,71.73,0.015,2.9,0,1557266122655,19082167,279
2019-05-07 21:56:25.551,4.1,sell,5884.66,BTC-10MAY19-6000-C,70.08,0.0145,4.1,2,1557266185551,19082206,280
2019-05-07 22:46:01.189,2.5,sell,5873.37,BTC-10MAY19-6000-C,69.56,0.0135,2.5,2,1557269161189,19083716,281
2019-05-07 22:59:04.352,1.0,buy,5890.64,BTC-10MAY19-6000-C,75.99,0.0165,1.0,0,1557269944352,19084064,282
2019-05-07 22:59:26.561,1.0,buy,5894.42,BTC-10MAY19-6000-C,75.21,0.0165,1.0,1,1557269966561,19084091,283
2019-05-07 23:00:18.866,0.2,buy,5889.55,BTC-10MAY19-6000-C,76.22,0.0165,0.2,1,1557270018866,19084195,284
2019-05-07 23:40:22.840,2.0,sell,5851.73,BTC-10MAY19-6000-C,67.53,0.0115,2.0,2,1557272422840,19088683,285
2019-05-07 23:44:28.766,0.5,buy,5828.37,BTC-10MAY19-6000-C,77.12,0.013000000000000001,0.5,0,1557272668766,19090449,286
2019-05-07 23:50:33.358,0.1,sell,5805.0,BTC-10MAY19-6000-C,74.45,0.011000000000000001,0.1,2,1557273033358,19093121,287
2019-05-07 23:50:59.384,0.5,sell,5784.12,BTC-10MAY19-6000-C,74.47,0.01,0.5,3,1557273059384,19093934,289
2019-05-07 23:50:59.384,0.1,sell,5784.12,BTC-10MAY19-6000-C,74.47,0.01,0.1,2,1557273059384,19093933,288
2019-05-07 23:52:12.440,0.1,sell,5754.2,BTC-10MAY19-6000-C,75.76,0.009000000000000001,0.1,2,1557273132440,19095530,290
2019-05-07 23:53:20.630,0.1,sell,5724.46,BTC-10MAY19-6000-C,76.62,0.008,0.1,2,1557273200630,19096981,291
2019-05-08 00:03:29.734,0.4,buy,5712.02,BTC-10MAY19-6000-C,74.49,0.006999999999999999,0.4,2,1557273809734,19107490,292
2019-05-08 00:28:11.373,5.0,buy,5740.7,BTC-10MAY19-6000-C,82.32,0.01,5.0,0,1557275291373,19116447,293
2019-05-08 00:32:56.224,5.0,buy,5761.56,BTC-10MAY19-6000-C,82.61,0.011000000000000001,5.0,0,1557275576224,19117213,294
2019-05-08 01:54:31.821,3.0,sell,5797.49,BTC-10MAY19-6000-C,69.73,0.009000000000000001,3.0,2,1557280471821,19124853,295
2019-05-08 02:40:54.278,1.0,sell,5807.46,BTC-10MAY19-6000-C,68.47,0.009000000000000001,1.0,3,1557283254278,19126500,296
2019-05-08 03:54:02.813,10.0,sell,5781.56,BTC-10MAY19-6000-C,73.87,0.009000000000000001,10.0,3,1557287642813,19128768,297
2019-05-08 05:20:54.432,0.1,buy,5796.67,BTC-10MAY19-6000-C,79.95,0.011000000000000001,0.1,0,1557292854432,19131045,298
2019-05-08 05:23:12.725,10.0,buy,5795.36,BTC-10MAY19-6000-C,80.22,0.011000000000000001,10.0,1,1557292992725,19131078,299
2019-05-08 06:07:17.603,0.1,buy,5813.13,BTC-10MAY19-6000-C,75.54,0.0105,0.1,2,1557295637603,19131848,300
2019-05-08 06:18:17.432,0.1,sell,5816.05,BTC-10MAY19-6000-C,75.13,0.0105,0.1,3,1557296297432,19132182,301
2019-05-08 06:22:39.105,2.0,sell,5815.63,BTC-10MAY19-6000-C,75.27,0.0105,2.0,3,1557296559105,19132222,302
2019-05-08 06:32:45.303,7.8,sell,5834.37,BTC-10MAY19-6000-C,75.53,0.0115,7.8,0,1557297165303,19133210,303
2019-05-08 06:34:11.499,0.2,buy,5833.92,BTC-10MAY19-6000-C,77.49,0.012,0.2,0,1557297251499,19133265,304
2019-05-08 06:45:35.162,0.2,sell,5833.18,BTC-10MAY19-6000-C,74.06,0.011000000000000001,0.2,2,1557297935162,19133504,305
2019-05-08 06:45:44.842,0.3,sell,5833.37,BTC-10MAY19-6000-C,74.02,0.011000000000000001,0.3,3,1557297944842,19133508,306
2019-05-08 06:46:09.297,0.5,sell,5834.91,BTC-10MAY19-6000-C,73.72,0.011000000000000001,0.5,3,1557297969297,19133521,307
2019-05-08 06:49:23.662,0.1,buy,5840.97,BTC-10MAY19-6000-C,78.11,0.0125,0.1,0,1557298163662,19133622,308
2019-05-08 06:54:02.204,0.1,buy,5833.48,BTC-10MAY19-6000-C,79.69,0.0125,0.1,1,1557298442204,19133702,309
2019-05-08 06:56:30.682,0.1,sell,5827.3,BTC-10MAY19-6000-C,75.34,0.011000000000000001,0.1,2,1557298590682,19133754,310
2019-05-08 06:58:05.881,0.2,sell,5827.55,BTC-10MAY19-6000-C,75.31,0.011000000000000001,0.2,3,1557298685881,19133781,311
2019-05-08 07:23:27.373,0.2,sell,5828.23,BTC-10MAY19-6000-C,75.5,0.011000000000000001,0.2,3,1557300207373,19134233,312
2019-05-08 10:05:55.589,3.6,buy,5823.68,BTC-10MAY19-6000-C,74.68,0.01,3.6,2,1557309955589,19140124,313
2019-05-08 10:46:38.587,4.2,buy,5826.51,BTC-10MAY19-6000-C,74.68,0.01,4.2,3,1557312398587,19141354,314
2019-05-08 11:12:45.586,0.7000000000000001,buy,5838.34,BTC-10MAY19-6000-C,74.63,0.0105,0.7000000000000001,0,1557313965586,19142247,315
2019-05-08 11:16:38.709,3.0,buy,5839.37,BTC-10MAY19-6000-C,74.47,0.0105,3.0,1,1557314198709,19142546,316
2019-05-08 11:45:42.778,1.2,buy,5859.78,BTC-10MAY19-6000-C,74.49,0.0115,1.2,0,1557315942778,19144062,317
2019-05-08 11:50:47.243,0.8,sell,5849.06,BTC-10MAY19-6000-C,76.85,0.0115,0.8,1,1557316247243,19145035,318
2019-05-08 11:55:23.443,0.2,buy,5851.16,BTC-10MAY19-6000-C,76.46,0.0115,0.2,1,1557316523443,19145275,319
2019-05-08 12:21:12.389,0.1,buy,5864.36,BTC-10MAY19-6000-C,74.0,0.0115,0.1,1,1557318072389,19146057,320
2019-05-08 12:54:21.443,0.2,sell,5844.6,BTC-10MAY19-6000-C,68.69,0.009000000000000001,0.2,2,1557320061443,19146903,321
2019-05-08 14:53:38.654,0.3,sell,5860.96,BTC-10MAY19-6000-C,68.94,0.0095,0.3,0,1557327218654,19151068,322
2019-05-08 15:27:06.635,4.5,buy,5898.17,BTC-10MAY19-6000-C,69.01,0.0115,4.5,0,1557329226635,19153096,323
2019-05-08 15:32:18.110,0.1,buy,5892.34,BTC-10MAY19-6000-C,70.45,0.0115,0.1,1,1557329538110,19153816,324
2019-05-08 15:33:49.964,4.0,buy,5898.78,BTC-10MAY19-6000-C,70.92,0.012,4.0,0,1557329629964,19154041,325
2019-05-08 15:35:59.056,2.0,buy,5895.82,BTC-10MAY19-6000-C,75.54,0.013000000000000001,2.0,0,1557329759056,19154290,327
2019-05-08 15:35:59.056,3.0,buy,5895.82,BTC-10MAY19-6000-C,71.65,0.012,3.0,1,1557329759056,19154289,326
2019-05-08 15:39:44.027,5.0,buy,5888.8,BTC-10MAY19-6000-C,75.32,0.0125,5.0,2,1557329984027,19154454,328
2019-05-08 17:26:58.599,5.0,buy,5879.9,BTC-10MAY19-6000-C,68.99,0.01,5.0,2,1557336418599,19161705,329
2019-05-08 18:09:27.011,2.2,buy,5885.84,BTC-10MAY19-6000-C,68.24,0.01,2.2,3,1557338967011,19162919,330
2019-05-08 18:09:57.351,0.1,sell,5884.99,BTC-10MAY19-6000-C,60.05,0.008,0.1,2,1557338997351,19162924,331
2019-05-08 19:23:02.605,0.9,buy,5887.43,BTC-10MAY19-6000-C,60.48,0.008,0.9,3,1557343382605,19165656,332
2019-05-08 19:24:37.877,2.6,buy,5888.99,BTC-10MAY19-6000-C,60.15,0.008,2.6,3,1557343477877,19165696,333
2019-05-08 19:41:34.328,1.0,buy,5906.88,BTC-10MAY19-6000-C,60.41,0.009000000000000001,1.0,0,1557344494328,19166838,334
2019-05-08 19:42:51.579,0.1,buy,5908.37,BTC-10MAY19-6000-C,62.15,0.0095,0.1,0,1557344571579,19166916,335
2019-05-08 21:41:33.703,1.0,buy,5906.3,BTC-10MAY19-6000-C,57.95,0.008,1.0,2,1557351693703,19171558,336
2019-05-08 21:51:32.034,1.0,buy,5905.37,BTC-10MAY19-6000-C,58.3,0.008,1.0,3,1557352292034,19171980,337
2019-05-08 22:32:47.426,2.0,buy,5936.62,BTC-10MAY19-6000-C,63.62,0.011000000000000001,2.0,0,1557354767426,19174156,338
2019-05-08 22:54:11.228,0.8,buy,5937.64,BTC-10MAY19-6000-C,65.77,0.0115,0.8,0,1557356051228,19177154,339
2019-05-08 22:57:08.918,0.7000000000000001,buy,5931.79,BTC-10MAY19-6000-C,65.33,0.011000000000000001,0.7000000000000001,2,1557356228918,19177229,340
2019-05-08 23:25:21.124,3.0,buy,5981.98,BTC-10MAY19-6000-C,67.56,0.015,3.0,0,1557357921124,19180248,341
2019-05-08 23:32:59.044,2.3000000000000003,sell,5910.86,BTC-10MAY19-6000-C,53.93,0.006999999999999999,2.3000000000000003,3,1557358379044,19187924,343
2019-05-08 23:32:59.044,0.7000000000000001,sell,5910.86,BTC-10MAY19-6000-C,53.93,0.006999999999999999,0.7000000000000001,2,1557358379044,19187923,342
2019-05-08 23:48:05.307,24.0,buy,5929.48,BTC-10MAY19-6000-C,68.97,0.0115,24.0,0,1557359285307,19190675,344
2019-05-08 23:48:36.991,0.1,sell,5931.15,BTC-10MAY19-6000-C,57.76,0.009000000000000001,0.1,2,1557359316991,19190728,345
2019-05-08 23:48:48.879,1.0,buy,5931.13,BTC-10MAY19-6000-C,70.67,0.012,1.0,0,1557359328879,19190738,346
2019-05-08 23:51:45.259,5.7,sell,5932.14,BTC-10MAY19-6000-C,59.71,0.0095,5.7,2,1557359505259,19190853,347
2019-05-09 00:40:19.060,0.1,sell,5964.26,BTC-10MAY19-6000-C,59.75,0.0115,0.1,0,1557362419060,19197040,348
2019-05-09 00:54:03.616,0.5,buy,5981.89,BTC-10MAY19-6000-C,69.19,0.015,0.5,0,1557363243616,19197754,349
2019-05-09 00:55:15.022,0.3,sell,5977.62,BTC-10MAY19-6000-C,66.37,0.013999999999999999,0.3,2,1557363315022,19198068,350
2019-05-09 00:57:45.267,5.3,buy,6001.93,BTC-10MAY19-6000-C,68.82,0.0165,5.3,0,1557363465267,19198970,351
2019-05-09 00:57:47.078,10.0,sell,6003.72,BTC-10MAY19-6000-C,72.42,0.0175,10.0,0,1557363467078,19199129,352
2019-05-09 01:08:06.863,10.0,buy,6062.91,BTC-10MAY19-6000-C,60.34,0.02,10.0,0,1557364086863,19205105,353
2019-05-09 01:14:35.096,10.0,buy,6055.73,BTC-10MAY19-6000-C,72.28,0.022000000000000002,10.0,0,1557364475096,19209932,354
2019-05-09 01:20:53.253,3.1,buy,6057.23,BTC-10MAY19-6000-C,76.14,0.023,3.1,0,1557364853253,19211324,355
2019-05-09 01:26:05.835,1.0,buy,6044.48,BTC-10MAY19-6000-C,74.86,0.0215,1.0,2,1557365165835,19212248,356
2019-05-09 02:49:29.739,1.0,buy,6050.48,BTC-10MAY19-6000-C,63.01,0.019,1.0,2,1557370169739,19217012,357
2019-05-09 03:52:42.277,0.5,buy,6036.75,BTC-10MAY19-6000-C,60.99,0.017,0.5,2,1557373962277,19219211,358
2019-05-09 03:57:14.589,0.5,sell,6037.33,BTC-10MAY19-6000-C,72.08,0.0195,0.5,0,1557374234589,19219275,359
2019-05-09 04:35:34.919,0.1,buy,6043.52,BTC-10MAY19-6000-C,61.16,0.0175,0.1,2,1557376534919,19220031,360
2019-05-09 05:10:46.825,0.1,buy,6082.68,BTC-10MAY19-6000-C,59.74,0.021,0.1,0,1557378646825,19221576,361
2019-05-09 06:22:12.015,0.1,sell,6053.94,BTC-10MAY19-6000-C,55.97,0.017,0.1,2,1557382932015,19225077,362
2019-05-09 06:32:14.583,1.9,buy,6055.15,BTC-10MAY19-6000-C,58.0,0.0175,1.9,0,1557383534583,19225220,363
2019-05-09 06:35:02.958,2.1,buy,6057.11,BTC-10MAY19-6000-C,57.1,0.0175,2.1,1,1557383702958,19225253,364
2019-05-09 06:40:14.190,2.0,buy,6058.11,BTC-10MAY19-6000-C,59.15,0.018000000000000002,2.0,0,1557384014190,19225309,365
2019-05-09 06:52:18.139,1.0,buy,6071.01,BTC-10MAY19-6000-C,57.79,0.019,1.0,0,1557384738139,19225631,366
2019-05-09 07:05:36.853,1.0,sell,6071.22,BTC-10MAY19-6000-C,55.39,0.0185,1.0,2,1557385536853,19225873,367
2019-05-09 07:13:36.859,0.1,buy,6068.6,BTC-10MAY19-6000-C,64.52,0.02,0.1,0,1557386016859,19225964,368
2019-05-09 07:13:57.081,0.2,buy,6064.78,BTC-10MAY19-6000-C,66.44,0.02,0.2,1,1557386037081,19226032,369
2019-05-09 07:42:09.458,0.1,sell,6052.97,BTC-10MAY19-6000-C,67.87,0.019,0.1,2,1557387729458,19226918,370
2019-05-09 08:03:11.319,10.0,buy,6059.65,BTC-10MAY19-6000-C,54.97,0.017,10.0,2,1557388991319,19227367,371
2019-05-09 08:03:35.497,10.0,buy,6063.68,BTC-10MAY19-6000-C,52.83,0.017,10.0,3,1557389015497,19227400,372
2019-05-09 08:48:47.934,10.2,sell,6062.46,BTC-10MAY19-6000-C,49.06,0.016,10.2,2,1557391727934,19228950,373
2019-05-09 09:03:22.855,10.4,buy,6028.39,BTC-10MAY19-6000-C,61.38,0.015,10.4,2,1557392602855,19230469,374
2019-05-09 09:03:23.067,0.4,buy,6028.39,BTC-10MAY19-6000-C,61.38,0.015,0.4,3,1557392603067,19230478,375
2019-05-09 09:03:23.114,1.5,buy,6028.39,BTC-10MAY19-6000-C,61.38,0.015,1.5,3,1557392603114,19230483,376
2019-05-09 09:03:23.128,0.8,buy,6028.39,BTC-10MAY19-6000-C,61.38,0.015,0.8,3,1557392603128,19230485,377
2019-05-09 12:54:10.268,1.0,sell,5995.08,BTC-10MAY19-6000-C,55.84,0.01,1.0,2,1557406450268,19242897,378
2019-05-09 12:57:28.498,1.0,buy,6003.43,BTC-10MAY19-6000-C,57.6,0.011000000000000001,1.0,0,1557406648498,19243046,379
2019-05-09 13:07:55.900,2.0,sell,5971.12,BTC-10MAY19-6000-C,52.42,0.0075,2.0,2,1557407275900,19244431,380
2019-05-09 13:14:57.864,1.0,buy,5966.05,BTC-10MAY19-6000-C,62.8,0.009000000000000001,1.0,0,1557407697864,19246001,381
2019-05-09 13:15:33.148,4.0,sell,5960.79,BTC-10MAY19-6000-C,62.08,0.0085,4.0,2,1557407733148,19246156,382
2019-05-09 13:22:42.162,1.0,buy,5987.55,BTC-10MAY19-6000-C,62.52,0.0105,1.0,0,1557408162162,19247005,383
2019-05-09 13:23:26.213,1.0,buy,5990.12,BTC-10MAY19-6000-C,61.42,0.0105,1.0,1,1557408206213,19247040,384
2019-05-09 13:25:14.706,1.0,buy,5988.44,BTC-10MAY19-6000-C,62.2,0.0105,1.0,1,1557408314706,19247212,385
2019-05-09 16:06:28.628,9.0,sell,5995.1,BTC-10MAY19-6000-C,52.36,0.0085,9.0,2,1557417988628,19252483,386
2019-05-09 16:06:28.695,6.9,buy,5995.1,BTC-10MAY19-6000-C,52.36,0.0085,6.9,3,1557417988695,19252484,387
2019-05-09 16:07:32.670,4.1,sell,5994.65,BTC-10MAY19-6000-C,49.68,0.008,4.1,2,1557418052670,19252521,388
2019-05-09 16:10:00.368,2.0,sell,6001.71,BTC-10MAY19-6000-C,49.28,0.0085,2.0,0,1557418200368,19252618,389
2019-05-09 18:49:35.204,4.0,buy,6053.51,BTC-10MAY19-6000-C,54.2,0.0135,4.0,0,1557427775204,19258891,390
2019-05-09 21:33:10.637,1.0,buy,6096.71,BTC-10MAY19-6000-C,49.97,0.0175,1.0,0,1557437590637,19265400,391
2019-05-09 21:40:03.306,0.2,sell,6126.25,BTC-10MAY19-6000-C,62.72,0.0225,0.2,0,1557438003306,19269017,392
2019-05-09 21:44:43.334,2.0,sell,6120.87,BTC-10MAY19-6000-C,80.65,0.0235,2.0,0,1557438283334,19269738,393
2019-05-09 21:50:45.164,3.5,sell,6117.99,BTC-10MAY19-6000-C,44.67,0.02,3.5,2,1557438645164,19270328,394
2019-05-09 21:50:45.164,0.1,sell,6117.99,BTC-10MAY19-6000-C,44.67,0.02,0.1,3,1557438645164,19270329,395
2019-05-09 21:59:16.919,3.0,buy,6112.4,BTC-10MAY19-6000-C,29.08,0.0185,3.0,2,1557439156919,19271285,396
2019-05-09 22:00:50.468,1.0,buy,6113.82,BTC-10MAY19-6000-C,46.59,0.0195,1.0,0,1557439250468,19271370,397
2019-05-09 22:04:36.862,5.0,buy,6111.27,BTC-10MAY19-6000-C,0.0,0.0175,5.0,2,1557439476862,19271594,398
2019-05-09 22:26:30.627,1.0,sell,6131.07,BTC-10MAY19-6000-C,0.0,0.02,1.0,0,1557440790627,19273107,399
2019-05-09 22:43:33.994,0.1,buy,6148.59,BTC-10MAY19-6000-C,0.0,0.024,0.1,0,1557441813994,19274458,400
2019-05-09 22:43:33.994,0.1,buy,6148.59,BTC-10MAY19-6000-C,0.0,0.024,0.1,1,1557441813994,19274459,401
2019-05-09 23:05:20.156,1.0,buy,6169.47,BTC-10MAY19-6000-C,68.41,0.0285,1.0,0,1557443120156,19277219,402
2019-05-09 23:14:04.178,1.0,buy,6130.75,BTC-10MAY19-6000-C,73.2,0.0235,1.0,2,1557443644178,19278499,403
2019-05-09 23:14:15.650,1.0,buy,6128.96,BTC-10MAY19-6000-C,63.22,0.0225,1.0,2,1557443655650,19278533,404
2019-05-09 23:39:19.790,0.2,sell,6156.41,BTC-10MAY19-6000-C,0.0,0.0245,0.2,0,1557445159790,19280172,405
2019-05-09 23:55:37.495,2.0,buy,6150.85,BTC-10MAY19-6000-C,65.14,0.0255,2.0,0,1557446137495,19281026,406
2019-05-10 00:55:11.408,5.0,sell,6125.46,BTC-10MAY19-6000-C,0.0,0.02,5.0,2,1557449711408,19283648,407
2019-05-10 01:00:37.318,0.1,buy,6112.52,BTC-10MAY19-6000-C,73.62,0.0205,0.1,0,1557450037318,19284353,408
2019-05-10 01:45:14.389,0.1,buy,6137.82,BTC-10MAY19-6000-C,0.0,0.021,0.1,0,1557452714389,19286178,409
2019-05-10 01:59:32.806,6.0,buy,6174.84,BTC-10MAY19-6000-C,98.32,0.03,6.0,0,1557453572806,19288493,410
2019-05-10 02:03:25.856,0.5,buy,6169.77,BTC-10MAY19-6000-C,144.96,0.0325,0.5,0,1557453805856,19289100,411
2019-05-10 02:03:25.856,18.8,buy,6169.77,BTC-10MAY19-6000-C,144.96,0.0325,18.8,1,1557453805856,19289101,412
2019-05-10 02:14:29.845,1.0,buy,6192.25,BTC-10MAY19-6000-C,91.37,0.032,1.0,2,1557454469845,19290554,413
2019-05-10 02:21:02.721,1.0,buy,6194.89,BTC-10MAY19-6000-C,106.31,0.033,1.0,0,1557454862721,19291387,414
2019-05-10 02:21:08.364,1.0,buy,6200.82,BTC-10MAY19-6000-C,85.84,0.033,1.0,1,1557454868364,19291621,415
2019-05-10 02:21:08.818,1.0,buy,6200.82,BTC-10MAY19-6000-C,85.84,0.033,1.0,1,1557454868818,19291631,416
2019-05-10 02:21:09.272,1.0,buy,6200.82,BTC-10MAY19-6000-C,85.84,0.033,1.0,1,1557454869272,19291638,417
2019-05-10 02:21:24.361,1.0,buy,6202.88,BTC-10MAY19-6000-C,74.37,0.033,1.0,1,1557454884361,19291804,418
2019-05-10 02:22:02.288,1.0,sell,6207.2,BTC-10MAY19-6000-C,139.38,0.0365,1.0,0,1557454922288,19292027,419
2019-05-10 02:22:08.965,1.0,sell,6208.26,BTC-10MAY19-6000-C,152.67,0.0375,1.0,0,1557454928965,19292112,420
2019-05-10 02:22:46.754,1.0,sell,6209.66,BTC-10MAY19-6000-C,142.51,0.037000000000000005,1.0,2,1557454966754,19292434,421
2019-05-10 02:22:52.223,0.3,sell,6215.19,BTC-10MAY19-6000-C,154.83,0.0385,0.3,0,1557454972223,19292487,422
2019-05-10 02:22:52.375,0.7000000000000001,sell,6215.19,BTC-10MAY19-6000-C,169.4,0.0395,0.7000000000000001,0,1557454972375,19292488,423
2019-05-10 02:22:53.434,1.0,sell,6215.19,BTC-10MAY19-6000-C,169.4,0.0395,1.0,1,1557454973434,19292490,424
2019-05-10 02:26:27.460,1.0,buy,6217.16,BTC-10MAY19-6000-C,116.23,0.0365,1.0,2,1557455187460,19293617,425
2019-05-10 02:27:10.478,1.0,sell,6219.63,BTC-10MAY19-6000-C,146.89,0.0385,1.0,0,1557455230478,19293736,426
2019-05-10 02:27:20.027,1.0,sell,6222.29,BTC-10MAY19-6000-C,157.36,0.0395,1.0,0,1557455240027,19293780,427
2019-05-10 02:27:24.360,0.5,buy,6224.19,BTC-10MAY19-6000-C,161.36,0.04,0.5,0,1557455244360,19293842,428
2019-05-10 02:27:24.368,0.5,sell,6224.19,BTC-10MAY19-6000-C,161.36,0.04,0.5,1,1557455244368,19293843,429
2019-05-10 02:27:28.048,1.0,buy,6230.44,BTC-10MAY19-6000-C,108.16,0.038,1.0,2,1557455248048,19293963,430
2019-05-10 02:27:28.883,1.0,sell,6231.74,BTC-10MAY19-6000-C,145.71,0.04,1.0,0,1557455248883,19293979,431
2019-05-10 02:27:32.502,1.0,buy,6233.97,BTC-10MAY19-6000-C,149.54,0.0405,1.0,0,1557455252502,19294031,432
2019-05-10 02:27:33.260,1.0,buy,6233.95,BTC-10MAY19-6000-C,149.58,0.0405,1.0,1,1557455253260,19294054,433
2019-05-10 02:28:22.607,6.0,buy,6232.08,BTC-10MAY19-6000-C,101.69,0.038,6.0,2,1557455302607,19294344,434
2019-05-10 02:28:24.964,2.0,sell,6231.97,BTC-10MAY19-6000-C,115.48,0.0385,2.0,0,1557455304964,19294359,435
2019-05-10 02:33:54.603,0.7000000000000001,buy,6207.93,BTC-10MAY19-6000-C,0.0,0.0325,0.7000000000000001,2,1557455634603,19295702,436
2019-05-10 02:33:58.698,6.0,buy,6208.0,BTC-10MAY19-6000-C,100.85,0.0345,6.0,0,1557455638698,19295703,437
2019-05-10 02:33:58.698,2.0,buy,6208.0,BTC-10MAY19-6000-C,100.85,0.0345,2.0,1,1557455638698,19295704,438
2019-05-10 02:41:05.853,1.0,sell,6231.84,BTC-10MAY19-6000-C,0.0,0.036000000000000004,1.0,0,1557456065853,19296601,439
2019-05-10 02:43:33.251,6.0,buy,6239.72,BTC-10MAY19-6000-C,116.18,0.0395,6.0,0,1557456213251,19297323,440
2019-05-10 02:45:12.564,4.0,sell,6243.96,BTC-10MAY19-6000-C,0.0,0.0375,4.0,2,1557456312564,19297693,441
2019-05-10 02:46:07.826,3.0,buy,6249.79,BTC-10MAY19-6000-C,102.44,0.0405,3.0,0,1557456367826,19297922,442
2019-05-10 02:46:20.376,6.0,buy,6249.02,BTC-10MAY19-6000-C,121.75,0.040999999999999995,6.0,0,1557456380376,19298064,443
2019-05-10 02:46:20.376,2.0,buy,6249.02,BTC-10MAY19-6000-C,121.75,0.040999999999999995,2.0,1,1557456380376,19298065,444
2019-05-10 02:51:16.124,5.1000000000000005,sell,6246.34,BTC-10MAY19-6000-C,103.32,0.04,5.1000000000000005,2,1557456676124,19298862,445
2019-05-10 02:51:27.310,4.8,sell,6232.88,BTC-10MAY19-6000-C,148.55,0.04,4.8,3,1557456687310,19298971,446
2019-05-10 02:51:31.720,10.0,sell,6226.46,BTC-10MAY19-6000-C,163.16,0.04,10.0,3,1557456691720,19299007,447
2019-05-10 02:51:33.431,10.1,sell,6226.09,BTC-10MAY19-6000-C,163.92,0.04,10.1,3,1557456693431,19299016,448
2019-05-10 02:51:35.282,10.1,sell,6225.34,BTC-10MAY19-6000-C,165.46,0.04,10.1,3,1557456695282,19299038,449
2019-05-10 02:51:35.290,11.1,sell,6225.34,BTC-10MAY19-6000-C,165.46,0.04,11.1,3,1557456695290,19299039,450
2019-05-10 02:51:37.127,4.0,sell,6223.1,BTC-10MAY19-6000-C,169.93,0.04,4.0,3,1557456697127,19299049,451
2019-05-10 02:51:37.541,5.0,sell,6223.1,BTC-10MAY19-6000-C,169.93,0.04,5.0,3,1557456697541,19299055,452
2019-05-10 02:51:41.644,12.0,sell,6225.21,BTC-10MAY19-6000-C,165.73,0.04,12.0,3,1557456701644,19299074,453
2019-05-10 02:51:41.889,11.9,sell,6225.21,BTC-10MAY19-6000-C,165.73,0.04,11.9,3,1557456701889,19299089,454
2019-05-10 02:57:37.041,6.0,buy,6231.48,BTC-10MAY19-6000-C,109.29,0.038,6.0,2,1557457057041,19299836,455
2019-05-10 02:57:37.041,2.0,buy,6231.48,BTC-10MAY19-6000-C,109.29,0.038,2.0,3,1557457057041,19299837,456
2019-05-10 02:59:44.188,1.0,buy,6222.89,BTC-10MAY19-6000-C,0.0,0.0345,1.0,2,1557457184188,19300190,457
2019-05-10 03:07:26.218,1.0,buy,6258.26,BTC-10MAY19-6000-C,116.49,0.042,1.0,0,1557457646218,19301331,458
2019-05-10 03:13:21.710,1.0,buy,6280.1,BTC-10MAY19-6000-C,110.89,0.045,1.0,0,1557458001710,19303156,459
2019-05-10 03:18:58.961,1.0,sell,6302.69,BTC-10MAY19-6000-C,0.0,0.0465,1.0,0,1557458338961,19304780,460
2019-05-10 03:25:09.914,2.0,buy,6299.9,BTC-10MAY19-6000-C,140.97,0.0485,2.0,0,1557458709914,19306617,461
2019-05-10 03:26:22.236,0.1,buy,6296.16,BTC-10MAY19-6000-C,192.42,0.05,0.1,0,1557458782236,19306738,462
2019-05-10 03:26:22.388,0.4,sell,6296.16,BTC-10MAY19-6000-C,192.42,0.05,0.4,1,1557458782388,19306739,463
2019-05-10 03:34:21.837,3.0,buy,6279.72,BTC-10MAY19-6000-C,138.0,0.0455,3.0,2,1557459261837,19308912,464
2019-05-10 03:38:13.353,3.0,sell,6286.61,BTC-10MAY19-6000-C,155.63,0.047,3.0,0,1557459493353,19309237,465
2019-05-10 03:45:48.934,6.0,sell,6266.63,BTC-10MAY19-6000-C,0.0,0.0415,6.0,2,1557459948934,19310161,466
2019-05-10 03:49:52.305,1.0,sell,6281.83,BTC-10MAY19-6000-C,0.0,0.04,1.0,2,1557460192305,19310682,467
2019-05-10 03:50:43.196,1.0,buy,6276.96,BTC-10MAY19-6000-C,0.0,0.04,1.0,3,1557460243196,19310772,468
2019-05-10 03:50:55.414,1.0,buy,6279.61,BTC-10MAY19-6000-C,0.0,0.04,1.0,3,1557460255414,19310781,469
2019-05-10 03:52:24.743,6.0,sell,6272.15,BTC-10MAY19-6000-C,0.0,0.042,6.0,0,1557460344743,19310864,470
2019-05-10 03:56:30.035,2.5,sell,6283.97,BTC-10MAY19-6000-C,0.0,0.044000000000000004,2.5,0,1557460590035,19311055,471
2019-05-10 03:59:10.512,1.0,buy,6277.17,BTC-10MAY19-6000-C,0.0,0.04,1.0,2,1557460750512,19311395,472
2019-05-10 03:59:32.628,1.0,buy,6279.05,BTC-10MAY19-6000-C,0.0,0.042,1.0,0,1557460772628,19311399,473
2019-05-10 03:59:45.277,1.0,buy,6277.54,BTC-10MAY19-6000-C,0.0,0.042,1.0,1,1557460785277,19311414,474
2019-05-10 04:00:58.993,0.3,buy,6268.02,BTC-10MAY19-6000-C,0.0,0.040999999999999995,0.3,2,1557460858993,19311595,475
2019-05-10 04:01:54.280,0.5,buy,6260.31,BTC-10MAY19-6000-C,0.0,0.04,0.5,2,1557460914280,19311638,476
2019-05-10 04:02:48.142,1.0,buy,6260.38,BTC-10MAY19-6000-C,0.0,0.039,1.0,2,1557460968142,19311719,477
2019-05-10 04:15:18.447,1.0,sell,6269.5,BTC-10MAY19-6000-C,0.0,0.0415,1.0,0,1557461718447,19314220,478
2019-05-10 04:28:46.683,0.5,sell,6242.6,BTC-10MAY19-6000-C,0.0,0.0365,0.5,2,1557462526683,19317808,479
2019-05-10 04:31:57.322,1.0,buy,6241.55,BTC-10MAY19-6000-C,109.75,0.039,1.0,0,1557462717322,19318086,480
