date_utc,amount,direction,indexPrice,instrument,iv,price,quantity,tickDirection,timeStamp,tradeId,tradeSeq
2019-02-14 10:11:35.079,1.0,buy,3565.45,BTC-27SEP19-6000-C,58.86,0.0365,1.0,0,1550139095079,15360003,84
2019-02-14 10:40:51.868,3.0,buy,3565.24,BTC-27SEP19-6000-C,58.88,0.0365,3.0,1,1550140851868,15361864,85
2019-02-14 17:33:52.732,0.1,buy,3572.62,BTC-27SEP19-6000-C,58.74,0.0365,0.1,1,1550165632732,15371724,86
2019-02-15 03:53:28.735,1.0,buy,3577.91,BTC-27SEP19-6000-C,58.43,0.036000000000000004,1.0,2,1550202808735,15378216,87
2019-02-16 09:17:57.515,0.5,buy,3590.23,BTC-27SEP19-6000-C,59.05,0.038,0.5,0,1550308677515,15410982,88
2019-02-16 12:40:14.201,1.0,buy,3584.72,BTC-27SEP19-6000-C,59.31,0.0385,1.0,0,1550320814201,15414826,89
2019-02-16 12:42:28.515,1.0,buy,3584.64,BTC-27SEP19-6000-C,59.31,0.0385,1.0,1,1550320948515,15414842,90
2019-02-16 15:34:13.546,0.1,buy,3597.77,BTC-27SEP19-6000-C,59.07,0.0385,0.1,1,1550331253546,15419927,91
2019-02-18 12:59:32.410,0.5,buy,3731.96,BTC-27SEP19-6000-C,57.57,0.0405,0.5,0,1550494772410,15520051,92
2019-02-18 13:23:00.878,0.1,buy,3761.7,BTC-27SEP19-6000-C,57.93,0.0425,0.1,0,1550496180878,15523759,93
2019-02-18 13:25:16.798,1.5,buy,3749.16,BTC-27SEP19-6000-C,57.81,0.0415,1.5,2,1550496316798,15524629,94
2019-02-18 14:25:01.061,0.1,buy,3821.85,BTC-27SEP19-6000-C,57.21,0.0435,0.1,0,1550499901061,15540597,95
2019-02-18 16:20:26.131,0.1,buy,3837.12,BTC-27SEP19-6000-C,56.76,0.0435,0.1,1,1550506826131,15550445,96
2019-02-18 17:17:31.635,0.1,buy,3869.58,BTC-27SEP19-6000-C,57.9,0.048,0.1,0,1550510251635,15568542,97
2019-02-19 00:37:22.984,1.0,buy,3911.44,BTC-27SEP19-6000-C,58.61,0.052000000000000005,1.0,0,1550536642984,15591455,98
2019-02-19 09:52:00.365,1.0,sell,3858.33,BTC-27SEP19-6000-C,59.19,0.051,1.0,2,1550569920365,15617493,99
2019-02-19 14:08:23.038,0.3,sell,3958.82,BTC-27SEP19-6000-C,58.43,0.0535,0.3,0,1550585303038,15638865,100
2019-02-19 16:19:50.005,0.1,buy,3948.14,BTC-27SEP19-6000-C,59.64,0.0555,0.1,0,1550593190005,15653420,101
2019-02-20 07:20:53.435,2.0,sell,3889.69,BTC-27SEP19-6000-C,59.03,0.0515,2.0,2,1550647253435,15679351,102
2019-02-20 12:30:02.976,0.1,buy,3927.89,BTC-27SEP19-6000-C,58.26,0.0515,0.1,3,1550665802976,15691856,103
2019-02-21 15:28:17.709,1.0,sell,3893.47,BTC-27SEP19-6000-C,57.75,0.0485,1.0,2,1550762897709,15745880,104
2019-02-22 14:19:47.437,2.0,buy,3937.84,BTC-27SEP19-6000-C,58.61,0.0525,2.0,0,1550845187437,15777169,105
2019-02-23 15:26:36.044,6.6000000000000005,sell,3922.79,BTC-27SEP19-6000-C,59.02,0.0515,6.6000000000000005,2,1550935596044,15804685,106
2019-02-23 15:29:40.903,6.6000000000000005,buy,3924.29,BTC-27SEP19-6000-C,58.91,0.0515,6.6000000000000005,3,1550935780903,15804786,107
2019-02-23 15:43:03.830,6.7,sell,3917.95,BTC-27SEP19-6000-C,58.83,0.051,6.7,2,1550936583830,15805432,108
2019-02-23 15:53:25.617,6.7,buy,3924.99,BTC-27SEP19-6000-C,58.97,0.0515,6.7,0,1550937205617,15805646,109
2019-02-23 15:53:53.378,6.7,buy,3924.99,BTC-27SEP19-6000-C,58.98,0.0515,6.7,1,1550937233378,15805651,110
2019-02-23 15:55:38.206,6.6000000000000005,buy,3925.24,BTC-27SEP19-6000-C,58.9,0.0515,6.6000000000000005,1,1550937338206,15805703,111
2019-02-23 15:55:56.156,6.6000000000000005,sell,3925.11,BTC-27SEP19-6000-C,58.92,0.0515,6.6000000000000005,1,1550937356156,15805720,112
2019-02-23 16:31:11.696,0.2,buy,3929.8,BTC-27SEP19-6000-C,60.54,0.0555,0.2,0,1550939471696,15806115,113
2019-02-23 17:29:20.200,2.0,buy,4008.85,BTC-27SEP19-6000-C,60.29,0.0585,2.0,0,1550942960200,15819593,114
2019-02-24 03:47:12.450,2.0,sell,4160.24,BTC-27SEP19-6000-C,58.82,0.062,2.0,0,1550980032450,15865093,115
2019-02-24 11:25:51.816,0.2,buy,4139.65,BTC-27SEP19-6000-C,60.58,0.0665,0.2,0,1551007551816,15877346,116
2019-02-24 14:04:46.990,1.0,sell,4016.37,BTC-27SEP19-6000-C,60.97,0.061,1.0,2,1551017086990,15887336,117
2019-02-24 17:12:05.231,0.1,sell,3750.87,BTC-27SEP19-6000-C,60.45,0.045,0.1,2,1551028325231,15950397,118
2019-02-25 03:05:03.306,5.7,buy,3777.6,BTC-27SEP19-6000-C,59.62,0.0445,5.7,2,1551063903306,15972592,119
2019-02-25 03:05:51.965,5.3,buy,3774.54,BTC-27SEP19-6000-C,59.65,0.0445,5.3,3,1551063951965,15972637,120
2019-02-25 17:01:01.179,0.1,buy,3830.17,BTC-27SEP19-6000-C,60.89,0.0495,0.1,0,1551114061179,15998491,121
2019-02-25 18:34:28.211,0.1,buy,3843.8,BTC-27SEP19-6000-C,60.89,0.05,0.1,0,1551119668211,16003943,122
2019-02-25 19:34:00.789,2.0,buy,3849.25,BTC-27SEP19-6000-C,60.74,0.05,2.0,1,1551123240789,16006235,123
2019-02-26 00:45:12.790,0.1,sell,3818.8,BTC-27SEP19-6000-C,58.88,0.0445,0.1,2,1551141912790,16013661,124
2019-02-27 16:06:53.663,3.0,sell,3795.58,BTC-27SEP19-6000-C,58.43,0.042,3.0,2,1551283613663,16062407,125
2019-02-27 21:26:05.286,0.1,buy,3740.22,BTC-27SEP19-6000-C,59.48,0.042,0.1,3,1551302765286,16079505,126
2019-02-27 22:06:46.974,0.1,buy,3746.11,BTC-27SEP19-6000-C,60.66,0.045,0.1,0,1551305206974,16081333,127
2019-02-28 00:10:00.732,0.1,buy,3794.08,BTC-27SEP19-6000-C,60.43,0.0465,0.1,0,1551312600732,16089642,128
2019-02-28 00:30:10.012,0.1,buy,3794.71,BTC-27SEP19-6000-C,59.3,0.044,0.1,2,1551313810012,16089980,129
2019-02-28 19:01:56.785,6.4,buy,3814.34,BTC-27SEP19-6000-C,59.21,0.0445,6.4,0,1551380516785,16134076,130
2019-03-01 14:15:01.805,0.1,buy,3813.1,BTC-27SEP19-6000-C,58.66,0.043,0.1,2,1551449701805,16150572,131
2019-03-01 17:46:53.136,0.1,buy,3840.42,BTC-27SEP19-6000-C,58.56,0.044,0.1,0,1551462413136,16154288,132
2019-03-03 04:01:02.579,0.1,buy,3810.09,BTC-27SEP19-6000-C,57.96,0.040999999999999995,0.1,2,1551585662579,16184726,133
2019-03-03 15:51:57.704,1.0,buy,3787.12,BTC-27SEP19-6000-C,58.51,0.041,1.0,3,1551628317704,16193984,134
2019-03-03 23:59:42.973,0.1,buy,3787.95,BTC-27SEP19-6000-C,58.61,0.041,0.1,3,1551657582973,16201375,135
2019-03-04 00:19:29.282,0.1,buy,3801.56,BTC-27SEP19-6000-C,58.54,0.0415,0.1,0,1551658769282,16202335,136
2019-03-04 00:39:00.784,0.1,buy,3802.8,BTC-27SEP19-6000-C,58.48,0.0415,0.1,1,1551659940784,16202706,137
2019-03-04 05:35:40.194,0.1,buy,3722.05,BTC-27SEP19-6000-C,58.73,0.0385,0.1,2,1551677740194,16218388,138
2019-03-04 14:33:36.498,1.0,sell,3705.94,BTC-27SEP19-6000-C,57.59,0.0355,1.0,2,1551710016498,16237482,139
2019-03-04 17:55:05.736,0.1,buy,3719.06,BTC-27SEP19-6000-C,58.36,0.0375,0.1,0,1551722105736,16240537,140
2019-03-04 22:06:09.994,3.0,buy,3701.77,BTC-27SEP19-6000-C,58.47,0.037000000000000005,3.0,2,1551737169994,16244363,141
2019-03-05 03:27:01.241,0.1,buy,3697.84,BTC-27SEP19-6000-C,58.44,0.037000000000000005,0.1,3,1551756421241,16248359,142
2019-03-05 03:52:48.864,0.2,buy,3695.69,BTC-27SEP19-6000-C,58.49,0.037000000000000005,0.2,3,1551757968864,16248615,143
2019-03-05 03:52:50.530,0.2,buy,3695.69,BTC-27SEP19-6000-C,58.49,0.037000000000000005,0.2,3,1551757970530,16248616,144
2019-03-05 04:33:58.505,0.1,buy,3701.7,BTC-27SEP19-6000-C,59.1,0.0385,0.1,0,1551760438505,16249037,145
2019-03-05 05:12:05.206,0.1,buy,3707.39,BTC-27SEP19-6000-C,58.5,0.0375,0.1,2,1551762725206,16249538,146
2019-03-05 19:25:01.733,2.0,buy,3843.64,BTC-27SEP19-6000-C,58.67,0.0435,2.0,0,1551813901733,16293277,147
2019-03-05 21:59:53.397,0.1,buy,3834.45,BTC-27SEP19-6000-C,59.24,0.0445,0.1,0,1551823193397,16295889,148
2019-03-06 00:08:25.178,0.1,buy,3846.95,BTC-27SEP19-6000-C,59.22,0.045,0.1,0,1551830905178,16297775,149
2019-03-06 15:09:43.792,0.1,buy,3840.25,BTC-27SEP19-6000-C,59.59,0.0455,0.1,0,1551884983792,16323241,150
2019-03-07 01:17:32.493,0.1,buy,3871.59,BTC-27SEP19-6000-C,59.07,0.0455,0.1,1,1551921452493,16332146,151
2019-03-07 09:04:37.529,4.8,sell,3842.16,BTC-27SEP19-6000-C,57.86,0.0415,4.8,2,1551949477529,16346275,152
2019-03-07 09:04:37.529,0.5,sell,3842.16,BTC-27SEP19-6000-C,57.86,0.0415,0.5,3,1551949477529,16346276,153
2019-03-07 18:20:41.072,0.4,sell,3861.98,BTC-27SEP19-6000-C,57.01,0.0405,0.4,2,1551982841072,16360935,154
2019-03-08 20:07:33.473,0.1,buy,3900.88,BTC-27SEP19-6000-C,57.46,0.0425,0.1,0,1552075653473,16393067,155
2019-03-08 21:17:55.536,0.5,buy,3893.52,BTC-27SEP19-6000-C,57.34,0.042,0.5,3,1552079875536,16394057,157
2019-03-08 21:17:55.536,2.9,buy,3893.52,BTC-27SEP19-6000-C,57.34,0.042,2.9,2,1552079875536,16394056,156
2019-03-10 00:00:46.299,0.1,buy,3915.85,BTC-27SEP19-6000-C,57.94,0.0435,0.1,0,1552176046299,16449409,158
2019-03-10 23:21:58.794,0.1,buy,3906.03,BTC-27SEP19-6000-C,58.22,0.0435,0.1,1,1552260118794,16468471,159
2019-03-12 03:23:10.039,0.1,buy,3816.06,BTC-27SEP19-6000-C,58.42,0.04,0.1,2,1552360990039,16507196,160
2019-03-12 13:44:44.930,0.1,buy,3863.33,BTC-27SEP19-6000-C,58.37,0.0415,0.1,0,1552398284930,16520774,161
2019-03-12 20:06:16.533,0.1,buy,3859.59,BTC-27SEP19-6000-C,58.53,0.0415,0.1,1,1552421176533,16525184,162
2019-03-12 22:00:45.691,0.1,buy,3864.89,BTC-27SEP19-6000-C,58.51,0.0415,0.1,1,1552428045691,16525792,163
2019-03-13 19:24:01.030,0.1,buy,3858.03,BTC-27SEP19-6000-C,58.65,0.040999999999999995,0.1,2,1552505041030,16544543,164
2019-03-14 14:12:37.261,0.1,buy,3896.88,BTC-27SEP19-6000-C,58.55,0.042,0.1,0,1552572757261,16558293,165
2019-03-14 15:05:36.353,0.1,buy,3863.26,BTC-27SEP19-6000-C,58.83,0.0415,0.1,2,1552575936353,16570516,166
2019-03-14 20:19:50.500,0.1,buy,3855.02,BTC-27SEP19-6000-C,59.45,0.0425,0.1,0,1552594790500,16573207,167
2019-03-15 00:50:37.826,1.0,buy,3859.17,BTC-27SEP19-6000-C,58.93,0.0415,1.0,2,1552611037826,16575285,168
2019-03-15 00:52:11.205,4.0,buy,3859.09,BTC-27SEP19-6000-C,58.92,0.0415,4.0,3,1552611131205,16575290,169
2019-03-15 01:23:54.218,0.1,buy,3865.96,BTC-27SEP19-6000-C,59.04,0.042,0.1,0,1552613034218,16576300,170
2019-03-15 13:19:27.499,10.0,buy,3883.98,BTC-27SEP19-6000-C,58.42,0.0415,10.0,2,1552655967499,16591414,171
2019-03-15 14:01:32.465,2.0,sell,3884.8,BTC-27SEP19-6000-C,57.69,0.04,2.0,2,1552658492465,16592119,172
2019-03-15 15:00:29.355,0.1,buy,3887.03,BTC-27SEP19-6000-C,58.84,0.0425,0.1,0,1552662029355,16592981,173
2019-03-15 15:26:16.162,0.1,buy,3895.9,BTC-27SEP19-6000-C,58.7,0.0425,0.1,1,1552663576162,16593959,174
2019-03-15 16:41:27.911,1.0,sell,3896.21,BTC-27SEP19-6000-C,57.22,0.0395,1.0,2,1552668087911,16597880,175
2019-03-16 01:09:22.674,0.2,buy,3909.86,BTC-27SEP19-6000-C,58.66,0.043,0.2,0,1552698562674,16604636,176
2019-03-17 12:50:51.253,0.3,sell,3957.06,BTC-27SEP19-6000-C,56.73,0.0405,0.3,2,1552827051253,16662683,177
2019-03-17 19:53:32.400,0.1,buy,3972.98,BTC-27SEP19-6000-C,58.16,0.044000000000000004,0.1,0,1552852412400,16666593,178
2019-03-19 14:01:49.385,0.1,sell,3972.42,BTC-27SEP19-6000-C,55.9,0.039,0.1,2,1553004109385,16705022,179
2019-03-20 19:53:10.039,2.0,buy,4012.97,BTC-27SEP19-6000-C,57.07,0.0425,2.0,0,1553111590039,16738820,180
2019-03-20 19:53:43.913,1.5,buy,4013.05,BTC-27SEP19-6000-C,57.07,0.0425,1.5,1,1553111623913,16738824,181
2019-03-20 20:54:19.170,2.0,buy,4011.0,BTC-27SEP19-6000-C,56.96,0.042,2.0,2,1553115259170,16739466,182
2019-03-22 08:27:55.077,6.6000000000000005,sell,3977.78,BTC-27SEP19-6000-C,56.94,0.04,6.6000000000000005,2,1553243275077,16776098,183
2019-03-22 12:46:52.305,0.5,sell,3983.22,BTC-27SEP19-6000-C,56.42,0.039,0.5,2,1553258812305,16777607,184
2019-03-22 13:42:00.717,5.0,buy,3989.27,BTC-27SEP19-6000-C,57.71,0.042,5.0,0,1553262120717,16778476,185
2019-03-22 16:44:25.324,2.0,buy,3984.12,BTC-27SEP19-6000-C,57.69,0.0415,2.0,2,1553273065324,16780111,186
2019-03-22 20:34:15.228,1.0,buy,3983.88,BTC-27SEP19-6000-C,57.7,0.0415,1.0,3,1553286855228,16781546,187
2019-03-22 20:34:20.950,1.0,buy,3983.88,BTC-27SEP19-6000-C,57.7,0.0415,1.0,3,1553286860950,16781551,188
2019-03-23 16:50:30.595,1.0,buy,3972.33,BTC-27SEP19-6000-C,56.64,0.039,1.0,2,1553359830595,16794807,189
2019-03-23 23:42:23.131,5.0,sell,3981.69,BTC-27SEP19-6000-C,56.11,0.038,5.0,2,1553384543131,16796290,190
2019-03-24 16:17:57.983,0.1,buy,3967.65,BTC-27SEP19-6000-C,56.87,0.039,0.1,0,1553444277983,16801679,191
2019-03-25 01:38:46.239,1.0,sell,3967.58,BTC-27SEP19-6000-C,55.69,0.0365,1.0,2,1553477926239,16807073,192
2019-03-25 03:31:07.571,1.0,sell,3975.9,BTC-27SEP19-6000-C,55.58,0.0365,1.0,3,1553484667571,16807768,193
2019-03-25 03:33:31.128,1.0,sell,3975.9,BTC-27SEP19-6000-C,55.57,0.0365,1.0,3,1553484811128,16807775,194
2019-03-25 03:36:11.241,1.0,sell,3975.52,BTC-27SEP19-6000-C,55.58,0.0365,1.0,3,1553484971241,16807782,195
2019-03-25 03:38:15.091,1.0,sell,3976.09,BTC-27SEP19-6000-C,55.58,0.0365,1.0,3,1553485095091,16807788,196
2019-03-26 03:06:43.906,0.1,buy,3919.74,BTC-27SEP19-6000-C,57.27,0.037000000000000005,0.1,0,1553569603906,16831914,197
2019-03-26 14:00:06.526,1.0,buy,3887.41,BTC-27SEP19-6000-C,57.78,0.0365,1.0,2,1553608806526,16837482,198
2019-03-26 14:39:18.233,0.1,buy,3905.03,BTC-27SEP19-6000-C,58.07,0.0365,0.1,3,1553611158233,16838141,199
2019-03-27 00:21:49.633,13.5,sell,3914.85,BTC-27SEP19-6000-C,57.11,0.035,13.5,2,1553646109633,16843359,200
2019-03-27 01:16:24.240,0.5,buy,3936.98,BTC-27SEP19-6000-C,57.25,0.0365,0.5,0,1553649384240,16846602,201
2019-03-27 01:20:15.034,0.1,buy,3949.86,BTC-27SEP19-6000-C,57.26,0.037000000000000005,0.1,0,1553649615034,16847271,202
2019-03-27 12:56:46.847,1.0,sell,4010.42,BTC-27SEP19-6000-C,55.84,0.0365,1.0,2,1553691406847,16863048,203
2019-03-27 13:40:28.556,0.1,buy,4010.44,BTC-27SEP19-6000-C,57.06,0.039,0.1,0,1553694028556,16863612,204
2019-03-29 13:55:54.915,0.8,buy,4083.0,BTC-27SEP19-6000-C,57.2,0.0425,0.8,0,1553867754915,16958432,205
2019-03-29 14:46:42.062,1.0,buy,4075.42,BTC-27SEP19-6000-C,57.12,0.042,1.0,2,1553870802062,16959055,206
2019-03-29 21:19:04.752,100.0,sell,4080.65,BTC-27SEP19-6000-C,56.27,0.0405,100.0,2,1553894344752,16962144,207
2019-03-29 21:19:11.645,100.0,sell,4080.5,BTC-27SEP19-6000-C,56.27,0.0405,100.0,3,1553894351645,16962145,208
2019-03-29 21:42:15.105,100.0,sell,4077.49,BTC-27SEP19-6000-C,56.31,0.0405,100.0,3,1553895735105,16962214,209
2019-03-29 21:42:21.936,100.0,sell,4077.33,BTC-27SEP19-6000-C,56.3,0.0405,100.0,3,1553895741936,16962215,210
2019-03-29 21:47:17.340,100.0,buy,4080.06,BTC-27SEP19-6000-C,56.27,0.0405,100.0,3,1553896037340,16962291,211
2019-03-29 21:47:30.091,100.0,buy,4080.07,BTC-27SEP19-6000-C,56.27,0.0405,100.0,3,1553896050091,16962292,212
2019-03-31 00:16:41.969,5.5,sell,4102.09,BTC-27SEP19-6000-C,55.19,0.039,5.5,2,1553991401969,16984702,213
2019-03-31 00:17:20.591,5.7,sell,4101.81,BTC-27SEP19-6000-C,54.69,0.038,5.7,2,1553991440591,16984708,214
2019-03-31 00:17:50.574,0.5,sell,4101.64,BTC-27SEP19-6000-C,54.45,0.0375,0.5,2,1553991470574,16984756,215
2019-03-31 00:17:50.574,8.3,sell,4101.64,BTC-27SEP19-6000-C,54.45,0.0375,8.3,3,1553991470574,16984757,216
2019-03-31 15:27:55.982,5.5,buy,4092.9,BTC-27SEP19-6000-C,56.5,0.041,5.5,0,1554046075982,16989658,217
2019-03-31 15:27:55.982,7.5,buy,4092.9,BTC-27SEP19-6000-C,56.5,0.041,7.5,1,1554046075982,16989659,218
2019-03-31 23:10:06.521,0.1,buy,4093.13,BTC-27SEP19-6000-C,57.61,0.043,0.1,0,1554073806521,16992311,219
2019-04-01 06:44:08.040,10.0,sell,4124.27,BTC-27SEP19-6000-C,57.55,0.044,10.0,0,1554101048040,17001340,220
2019-04-01 07:14:31.627,10.0,sell,4126.69,BTC-27SEP19-6000-C,57.0,0.043,10.0,2,1554102871627,17001506,221
2019-04-01 09:17:51.983,0.2,sell,4123.38,BTC-27SEP19-6000-C,56.46,0.0415,0.2,2,1554110271983,17003022,222
2019-04-01 16:31:32.369,1.0,buy,4142.74,BTC-27SEP19-6000-C,57.69,0.0445,1.0,0,1554136292369,17008678,223
2019-04-01 21:24:52.891,2.0,buy,4127.29,BTC-27SEP19-6000-C,57.35,0.043,2.0,2,1554153892891,17011012,224
2019-04-02 02:17:29.603,1.0,sell,4165.95,BTC-27SEP19-6000-C,56.56,0.043,1.0,3,1554171449603,17016298,225
2019-04-02 02:17:48.362,0.5,sell,4165.91,BTC-27SEP19-6000-C,56.54,0.043,0.5,3,1554171468362,17016319,226
2019-04-02 05:25:23.208,0.5,buy,5000.12,BTC-27SEP19-6000-C,56.25,0.08900000000000001,0.5,1,1554182723208,17063274,228
2019-04-02 05:25:23.208,0.5,buy,5000.12,BTC-27SEP19-6000-C,56.25,0.08900000000000001,0.5,0,1554182723208,17063273,227
2019-04-02 06:38:07.527,0.1,sell,4667.83,BTC-27SEP19-6000-C,54.13,0.065,0.1,2,1554187087527,17085708,229
2019-04-02 08:00:59.704,1.0,buy,4698.56,BTC-27SEP19-6000-C,60.18,0.0815,1.0,0,1554192059704,17093110,230
2019-04-02 20:13:41.571,1.0,buy,4799.54,BTC-27SEP19-6000-C,57.5,0.08,1.0,2,1554236021571,17130172,231
2019-04-02 20:13:42.741,1.0,buy,4799.54,BTC-27SEP19-6000-C,57.5,0.08,1.0,3,1554236022741,17130175,232
2019-04-02 20:16:30.300,1.2,buy,4812.68,BTC-27SEP19-6000-C,57.2,0.08,1.2,3,1554236190300,17130675,233
2019-04-02 20:16:48.230,0.1,buy,4813.49,BTC-27SEP19-6000-C,57.39,0.0805,0.1,0,1554236208230,17130686,234
2019-04-02 22:00:15.930,1.5,sell,4788.82,BTC-27SEP19-6000-C,56.12,0.0755,1.5,3,1554242415930,17139695,236
2019-04-02 22:00:15.930,0.5,sell,4788.82,BTC-27SEP19-6000-C,56.12,0.0755,0.5,2,1554242415930,17139694,235
2019-04-03 00:56:33.088,0.3,buy,4972.87,BTC-27SEP19-6000-C,60.96,0.0985,0.3,0,1554252993088,17162265,237
2019-04-03 02:25:36.070,0.7000000000000001,buy,5014.87,BTC-27SEP19-6000-C,60.47,0.1,0.7000000000000001,0,1554258336070,17169241,238
2019-04-03 02:27:40.213,12.3,buy,5025.76,BTC-27SEP19-6000-C,60.27,0.1,12.3,1,1554258460213,17169461,239
2019-04-03 15:32:32.649,5.0,buy,5018.22,BTC-27SEP19-6000-C,65.31,0.114,5.0,0,1554305552649,17204999,240
2019-04-03 16:10:23.196,1.0,sell,5129.15,BTC-27SEP19-6000-C,63.49,0.1165,1.0,0,1554307823196,17208086,241
2019-04-03 16:49:10.192,1.0,buy,5142.81,BTC-27SEP19-6000-C,65.83,0.1235,1.0,0,1554310150192,17214218,242
2019-04-03 16:59:16.884,0.1,sell,5131.24,BTC-27SEP19-6000-C,59.75,0.106,0.1,2,1554310756884,17214710,243
2019-04-04 03:07:52.685,0.5,buy,4998.49,BTC-27SEP19-6000-C,66.02,0.114,0.5,0,1554347272685,17288821,244
2019-04-04 06:31:28.038,0.4,sell,5051.63,BTC-27SEP19-6000-C,65.37,0.1155,0.4,0,1554359488038,17294258,245
2019-04-04 19:14:59.746,0.2,buy,4877.39,BTC-27SEP19-6000-C,63.26,0.101,0.2,2,1554405299746,17326196,246
2019-04-05 12:31:32.499,0.7000000000000001,buy,5022.88,BTC-27SEP19-6000-C,63.86,0.11,0.7000000000000001,0,1554467492499,17361914,247
2019-04-06 15:59:31.186,0.1,buy,5116.48,BTC-27SEP19-6000-C,61.39,0.1095,0.1,2,1554566371186,17402041,248
2019-04-06 23:28:58.472,5.0,buy,5038.4,BTC-27SEP19-6000-C,64.1,0.113,5.0,0,1554593338472,17445584,249
2019-04-07 00:36:21.520,0.2,buy,5046.39,BTC-27SEP19-6000-C,64.37,0.114,0.2,0,1554597381520,17447747,250
2019-04-07 00:41:45.065,0.1,buy,5034.54,BTC-27SEP19-6000-C,64.45,0.1135,0.1,2,1554597705065,17447798,251
2019-04-07 02:41:17.804,0.2,buy,5068.2,BTC-27SEP19-6000-C,64.35,0.1155,0.2,0,1554604877804,17449430,252
2019-04-07 03:05:07.233,0.5,buy,5136.39,BTC-27SEP19-6000-C,64.34,0.1195,0.5,0,1554606307233,17451379,253
2019-04-07 04:53:51.919,0.1,buy,5138.12,BTC-27SEP19-6000-C,64.33,0.1205,0.1,0,1554612831919,17455985,254
2019-04-07 07:45:10.827,2.0,buy,5142.35,BTC-27SEP19-6000-C,64.37,0.1205,2.0,1,1554623110827,17459808,255
2019-04-07 10:02:58.386,4.0,sell,5135.55,BTC-27SEP19-6000-C,61.01,0.111,4.0,2,1554631378386,17463354,256
2019-04-07 14:38:20.559,0.1,sell,5139.77,BTC-27SEP19-6000-C,60.97,0.1115,0.1,0,1554647900559,17468342,257
2019-04-08 01:06:58.950,0.6,buy,5282.76,BTC-27SEP19-6000-C,64.48,0.13,0.6,0,1554685618950,17500412,258
2019-04-08 06:57:29.770,118.2,sell,5271.83,BTC-27SEP19-6000-C,62.58,0.1255,118.2,2,1554706649770,17516245,259
2019-04-08 07:01:44.043,400.0,sell,5265.76,BTC-27SEP19-6000-C,62.7,0.1255,400.0,3,1554706904043,17516262,260
2019-04-08 14:16:26.155,0.2,buy,5208.79,BTC-27SEP19-6000-C,64.42,0.1245,0.2,2,1554732986155,17532398,261
2019-04-09 05:39:03.587,0.1,sell,5168.35,BTC-27SEP19-6000-C,64.92,0.1225,0.1,2,1554788343587,17560938,262
2019-04-09 22:24:46.077,0.1,sell,5202.81,BTC-27SEP19-6000-C,62.58,0.1175,0.1,2,1554848686077,17583345,263
2019-04-09 23:07:18.835,0.2,buy,5205.31,BTC-27SEP19-6000-C,63.78,0.1215,0.2,0,1554851238835,17586135,264
2019-04-10 01:54:07.241,0.1,sell,5222.44,BTC-27SEP19-6000-C,62.36,0.1185,0.1,2,1554861247241,17590370,265
2019-04-10 16:08:24.956,0.1,sell,5279.64,BTC-27SEP19-6000-C,61.24,0.1185,0.1,3,1554912504956,17604665,266
2019-04-10 16:28:50.587,0.5,sell,5273.3,BTC-27SEP19-6000-C,61.31,0.118,0.5,2,1554913730587,17605184,267
2019-04-10 16:29:08.969,0.5,sell,5272.8,BTC-27SEP19-6000-C,61.32,0.118,0.5,3,1554913748969,17605185,268
2019-04-10 19:13:26.788,1.5,sell,5409.84,BTC-27SEP19-6000-C,61.45,0.127,1.5,0,1554923606788,17623247,269
2019-04-10 19:47:17.883,0.1,sell,5414.35,BTC-27SEP19-6000-C,61.33,0.127,0.1,1,1554925637883,17625824,270
2019-04-10 20:13:41.896,0.1,buy,5417.97,BTC-27SEP19-6000-C,63.79,0.1335,0.1,0,1554927221896,17626714,271
2019-04-10 20:16:09.932,1.0,buy,5413.09,BTC-27SEP19-6000-C,63.91,0.1335,1.0,1,1554927369932,17626773,272
2019-04-10 20:27:01.149,0.1,sell,5391.42,BTC-27SEP19-6000-C,61.61,0.126,0.1,2,1554928021149,17627543,273
2019-04-10 20:43:09.725,0.1,sell,5276.29,BTC-27SEP19-6000-C,60.39,0.117,0.1,2,1554928989725,17637116,274
2019-04-11 01:11:38.946,0.1,sell,5299.48,BTC-27SEP19-6000-C,61.43,0.12,0.1,0,1554945098946,17655052,275
2019-04-11 03:22:51.941,0.1,sell,5273.59,BTC-27SEP19-6000-C,61.57,0.118,0.1,2,1554952971941,17658430,276
2019-04-11 04:21:42.317,0.1,sell,5212.84,BTC-27SEP19-6000-C,61.13,0.1125,0.1,2,1554956502317,17668380,277
2019-04-11 05:19:32.272,0.1,sell,5203.81,BTC-27SEP19-6000-C,62.22,0.1145,0.1,0,1554959972272,17669782,278
2019-04-11 17:45:58.190,3.2,sell,5041.07,BTC-27SEP19-6000-C,60.81,0.099,3.2,2,1555004758190,17709546,279
2019-04-12 00:27:50.883,0.1,sell,5036.54,BTC-27SEP19-6000-C,60.61,0.0975,0.1,2,1555028870883,17723021,280
2019-04-12 01:15:36.859,0.1,sell,5008.87,BTC-27SEP19-6000-C,62.52,0.101,0.1,0,1555031736859,17724769,281
2019-04-12 01:28:04.471,0.1,sell,4976.53,BTC-27SEP19-6000-C,62.55,0.0995,0.1,2,1555032484471,17728430,282
2019-04-12 17:24:06.302,0.5,buy,5082.5,BTC-27SEP19-6000-C,60.06,0.0995,0.5,3,1555089846302,17752629,283
2019-04-12 19:59:21.571,0.1,sell,5059.26,BTC-27SEP19-6000-C,60.08,0.0975,0.1,2,1555099161571,17758401,284
2019-04-12 20:30:15.268,0.1,sell,5038.24,BTC-27SEP19-6000-C,59.89,0.096,0.1,2,1555101015268,17759704,285
2019-04-13 20:24:40.265,0.1,sell,5073.73,BTC-27SEP19-6000-C,59.81,0.095,0.1,2,1555187080265,17784177,286
2019-04-14 01:17:04.332,0.1,sell,5083.92,BTC-27SEP19-6000-C,59.84,0.0955,0.1,0,1555204624332,17788620,287
2019-04-14 17:01:19.962,6.9,buy,5082.51,BTC-27SEP19-6000-C,60.3,0.0965,6.9,0,1555261279962,17799520,288
2019-04-14 19:06:06.715,2.0,buy,5102.65,BTC-27SEP19-6000-C,61.38,0.1005,2.0,0,1555268766715,17800799,289
2019-04-14 22:42:27.729,3.0,buy,5173.29,BTC-27SEP19-6000-C,61.39,0.1055,3.0,0,1555281747729,17807946,290
2019-04-15 09:56:21.250,5.0,buy,5161.26,BTC-27SEP19-6000-C,61.68,0.1055,5.0,1,1555322181250,17816443,291
2019-04-15 17:30:26.442,0.1,sell,5053.75,BTC-27SEP19-6000-C,60.03,0.0945,0.1,2,1555349426442,17824966,292
2019-04-15 17:38:06.682,0.1,sell,5028.55,BTC-27SEP19-6000-C,59.94,0.093,0.1,2,1555349886682,17829285,293
2019-04-15 20:08:55.610,0.1,sell,4985.6,BTC-27SEP19-6000-C,60.02,0.092,0.1,2,1555358935610,17840575,294
2019-04-15 20:35:46.781,0.1,sell,5002.2,BTC-27SEP19-6000-C,60.14,0.094,0.1,0,1555360546781,17843678,295
2019-04-16 01:52:41.965,0.2,buy,5051.75,BTC-27SEP19-6000-C,61.74,0.1005,0.2,0,1555379561965,17850190,296
2019-04-16 05:09:47.464,0.4,buy,5056.2,BTC-27SEP19-6000-C,61.81,0.1005,0.4,1,1555391387464,17851990,297
2019-04-16 17:47:51.643,1.5,buy,5204.12,BTC-27SEP19-6000-C,61.94,0.1105,1.5,0,1555436871643,17873797,298
2019-04-16 21:04:19.640,1.0,buy,5182.78,BTC-27SEP19-6000-C,60.9,0.1065,1.0,2,1555448659640,17879872,299
2019-04-17 20:46:10.871,0.2,buy,5238.5,BTC-27SEP19-6000-C,61.85,0.1125,0.2,0,1555533970871,17908038,300
2019-04-18 02:13:30.484,0.1,sell,5261.72,BTC-27SEP19-6000-C,59.97,0.109,0.1,2,1555553610484,17914975,301
2019-04-18 03:02:44.489,0.2,buy,5264.07,BTC-27SEP19-6000-C,61.97,0.1145,0.2,0,1555556564489,17915476,302
2019-04-18 03:03:42.368,0.2,buy,5266.19,BTC-27SEP19-6000-C,61.93,0.1145,0.2,1,1555556622368,17915481,303
2019-04-18 14:26:47.830,5.2,buy,5243.47,BTC-27SEP19-6000-C,61.61,0.1115,5.2,3,1555597607830,17923743,305
2019-04-18 14:26:47.830,10.0,buy,5243.47,BTC-27SEP19-6000-C,61.61,0.1115,10.0,2,1555597607830,17923742,304
2019-04-18 14:29:57.188,7.2,buy,5238.41,BTC-27SEP19-6000-C,62.2,0.113,7.2,1,1555597797188,17923801,307
2019-04-18 14:29:57.188,10.0,buy,5238.41,BTC-27SEP19-6000-C,62.2,0.113,10.0,0,1555597797188,17923800,306
2019-04-18 15:07:10.227,5.0,buy,5254.31,BTC-27SEP19-6000-C,61.61,0.1125,5.0,2,1555600030227,17924139,308
2019-04-19 01:52:37.814,0.1,sell,5219.59,BTC-27SEP19-6000-C,60.26,0.106,0.1,2,1555638757814,17942676,309
2019-04-19 17:28:23.173,3.5,buy,5280.56,BTC-27SEP19-6000-C,61.57,0.113,3.5,0,1555694903173,17963102,310
2019-04-19 19:56:32.031,0.8,buy,5294.91,BTC-27SEP19-6000-C,62.66,0.11699999999999999,0.8,0,1555703792031,17965512,313
2019-04-19 19:56:32.031,1.3,buy,5294.91,BTC-27SEP19-6000-C,61.33,0.1135,1.3,0,1555703792031,17965510,311
2019-04-19 19:56:32.031,0.4,buy,5294.91,BTC-27SEP19-6000-C,61.52,0.114,0.4,0,1555703792031,17965511,312
2019-04-21 16:20:07.776,0.1,sell,5275.4,BTC-27SEP19-6000-C,60.23,0.1075,0.1,2,1555863607776,18017118,314
2019-04-21 18:51:07.263,0.1,sell,5239.51,BTC-27SEP19-6000-C,60.37,0.106,0.1,2,1555872667263,18020078,315
2019-04-21 23:11:45.007,1.0,buy,5287.1,BTC-27SEP19-6000-C,61.44,0.1115,1.0,0,1555888305007,18026323,316
2019-04-22 02:41:49.739,0.1,sell,5275.66,BTC-27SEP19-6000-C,60.22,0.1075,0.1,2,1555900909739,18029823,317
2019-04-22 16:26:30.367,0.1,sell,5299.61,BTC-27SEP19-6000-C,60.29,0.1095,0.1,0,1555950390367,18051441,318
2019-04-22 21:47:09.968,2.5,buy,5393.27,BTC-27SEP19-6000-C,62.55,0.1215,2.5,0,1555969629968,18069959,319
2019-04-23 04:09:26.977,10.0,buy,5472.4,BTC-27SEP19-6000-C,60.78,0.122,10.0,0,1555992566977,18078604,320
2019-04-23 08:16:33.974,0.2,buy,5556.26,BTC-27SEP19-6000-C,63.13,0.1335,0.2,0,1556007393974,18101412,321
2019-04-23 10:34:09.162,1.0,sell,5545.44,BTC-27SEP19-6000-C,60.7,0.1265,1.0,2,1556015649162,18105993,322
2019-04-23 10:38:08.336,2.0,sell,5545.82,BTC-27SEP19-6000-C,60.7,0.1265,2.0,3,1556015888336,18106040,323
2019-04-23 15:32:26.497,0.1,sell,5559.22,BTC-27SEP19-6000-C,61.26,0.1285,0.1,0,1556033546497,18114016,324
2019-04-23 18:53:02.459,3.0,buy,5606.34,BTC-27SEP19-6000-C,63.26,0.1365,3.0,0,1556045582459,18120676,325
2019-04-23 22:31:08.225,0.1,sell,5512.31,BTC-27SEP19-6000-C,60.45,0.12300000000000001,0.1,2,1556058668225,18129023,326
2019-04-24 01:20:22.986,0.1,sell,5506.51,BTC-27SEP19-6000-C,60.22,0.1215,0.1,2,1556068822986,18137000,327
2019-04-24 02:34:08.335,2.0,buy,5551.13,BTC-27SEP19-6000-C,63.1,0.132,2.0,0,1556073248335,18140538,328
2019-04-24 14:01:04.142,0.1,sell,5437.55,BTC-27SEP19-6000-C,61.23,0.11800000000000001,0.1,2,1556114464142,18178575,329
2019-04-24 16:27:17.173,0.1,sell,5442.12,BTC-27SEP19-6000-C,61.22,0.1185,0.1,0,1556123237173,18182290,330
2019-04-24 16:43:40.915,0.1,sell,5432.08,BTC-27SEP19-6000-C,60.86,0.11699999999999999,0.1,2,1556124220915,18183505,331
2019-04-25 03:08:28.972,0.1,sell,5416.16,BTC-27SEP19-6000-C,60.44,0.1145,0.1,2,1556161708972,18204509,332
2019-04-25 21:48:18.693,0.1,sell,5404.59,BTC-27SEP19-6000-C,59.47,0.1105,0.1,2,1556228898693,18234894,333
2019-04-25 22:09:23.355,0.1,sell,5108.85,BTC-27SEP19-6000-C,59.04,0.0895,0.1,2,1556230163355,18251053,334
2019-04-25 22:28:56.893,0.1,sell,5088.56,BTC-27SEP19-6000-C,58.84,0.087,0.1,2,1556231336893,18271756,335
2019-04-26 00:18:38.071,5.0,sell,5081.34,BTC-27SEP19-6000-C,60.69,0.0925,5.0,0,1556237918071,18288981,336
2019-04-26 00:22:43.180,10.0,sell,5072.26,BTC-27SEP19-6000-C,60.59,0.092,10.0,2,1556238163180,18289584,337
2019-04-26 00:22:43.186,5.0,buy,5072.26,BTC-27SEP19-6000-C,60.59,0.092,5.0,3,1556238163186,18289585,338
2019-04-26 11:01:13.382,0.1,sell,5155.79,BTC-27SEP19-6000-C,60.77,0.09699999999999999,0.1,0,1556276473382,18323615,339
2019-04-26 15:50:25.274,0.1,sell,5141.07,BTC-27SEP19-6000-C,60.76,0.096,0.1,2,1556293825274,18333238,340
2019-04-26 16:04:46.391,0.1,sell,5106.32,BTC-27SEP19-6000-C,61.02,0.0945,0.1,2,1556294686391,18335457,341
2019-04-26 16:39:47.219,0.1,sell,5084.88,BTC-27SEP19-6000-C,60.55,0.092,0.1,2,1556296787219,18340437,342
2019-04-26 19:44:25.106,0.1,sell,5091.07,BTC-27SEP19-6000-C,59.88,0.091,0.1,2,1556307865106,18346032,343
2019-04-27 14:21:07.366,10.0,buy,5172.43,BTC-27SEP19-6000-C,62.42,0.1015,10.0,0,1556374867366,18365568,344
2019-04-28 01:29:41.992,0.1,sell,5178.98,BTC-27SEP19-6000-C,60.01,0.095,0.1,2,1556414981992,18377472,345
2019-04-28 16:42:16.881,0.1,sell,5179.65,BTC-27SEP19-6000-C,60.47,0.0955,0.1,0,1556469736881,18391539,346
2019-04-29 12:53:31.287,0.1,sell,5134.11,BTC-27SEP19-6000-C,60.64,0.0925,0.1,2,1556542411287,18420307,347
2019-04-29 12:59:58.483,5.3,buy,5128.24,BTC-27SEP19-6000-C,62.58,0.09699999999999999,5.3,0,1556542798483,18420708,348
2019-04-29 13:09:13.183,0.1,sell,5114.43,BTC-27SEP19-6000-C,60.68,0.0915,0.1,2,1556543353183,18421334,349
2019-04-29 20:52:45.974,0.1,sell,5128.64,BTC-27SEP19-6000-C,60.86,0.092,0.1,0,1556571165974,18437038,350
2019-04-30 00:16:24.267,5.6000000000000005,buy,5160.63,BTC-27SEP19-6000-C,62.1,0.0975,5.6000000000000005,0,1556583384267,18444411,351
2019-04-30 00:16:24.267,0.3,buy,5160.63,BTC-27SEP19-6000-C,62.1,0.0975,0.3,1,1556583384267,18444412,352
2019-05-01 19:18:15.981,0.1,sell,5287.61,BTC-27SEP19-6000-C,60.16,0.0975,0.1,1,1556738295981,18520950,353
2019-05-03 12:47:22.098,7.0,buy,5723.81,BTC-27SEP19-6000-C,61.83,0.1335,7.0,0,1556887642098,18675903,354
2019-05-03 16:24:54.368,1.0,buy,5720.49,BTC-27SEP19-6000-C,61.85,0.134,1.0,0,1556900694368,18692730,355
2019-05-03 16:25:26.566,0.7000000000000001,buy,5722.77,BTC-27SEP19-6000-C,62.01,0.1345,0.7000000000000001,0,1556900726566,18692752,357
2019-05-03 16:25:26.566,2.0,buy,5722.77,BTC-27SEP19-6000-C,61.81,0.134,2.0,1,1556900726566,18692751,356
2019-05-03 16:28:00.701,1.0,buy,5721.55,BTC-27SEP19-6000-C,62.47,0.1355,1.0,0,1556900880701,18692897,358
2019-05-03 16:30:52.492,0.3,buy,5725.59,BTC-27SEP19-6000-C,62.51,0.136,0.3,0,1556901052492,18692968,359
2019-05-03 16:30:52.492,0.7000000000000001,buy,5725.59,BTC-27SEP19-6000-C,62.51,0.136,0.7000000000000001,1,1556901052492,18692969,360
2019-05-03 16:52:13.003,1.0,buy,5707.58,BTC-27SEP19-6000-C,62.69,0.135,1.0,2,1556902333003,18693322,361
2019-05-03 16:53:56.204,0.7000000000000001,buy,5706.42,BTC-27SEP19-6000-C,62.52,0.1345,0.7000000000000001,2,1556902436204,18693407,362
2019-05-03 16:53:56.204,0.3,buy,5706.42,BTC-27SEP19-6000-C,62.52,0.1345,0.3,3,1556902436204,18693408,363
2019-05-04 03:38:31.756,0.7000000000000001,buy,5745.62,BTC-27SEP19-6000-C,61.72,0.1355,0.7000000000000001,0,1556941111756,18742015,364
2019-05-04 03:39:16.220,7.2,sell,5739.45,BTC-27SEP19-6000-C,61.85,0.1355,7.2,1,1556941156220,18742055,365
2019-05-04 03:42:37.535,2.1,sell,5735.05,BTC-27SEP19-6000-C,62.02,0.1355,2.1,1,1556941357535,18742102,366
2019-05-04 13:49:37.255,0.1,sell,5556.58,BTC-27SEP19-6000-C,63.88,0.127,0.1,2,1556977777255,18771025,367
2019-05-04 16:09:54.899,0.1,sell,5555.33,BTC-27SEP19-6000-C,62.02,0.1225,0.1,2,1556986194899,18786685,368
2019-05-04 17:04:28.480,0.1,sell,5576.91,BTC-27SEP19-6000-C,61.36,0.122,0.1,2,1556989468480,18788323,369
2019-05-04 18:00:54.257,0.1,sell,5592.15,BTC-27SEP19-6000-C,61.1,0.122,0.1,3,1556992854257,18789676,370
2019-05-05 17:55:39.661,0.1,sell,5678.16,BTC-27SEP19-6000-C,60.67,0.1275,0.1,0,1557078939661,18885159,371
2019-05-05 18:04:37.821,0.1,sell,5635.17,BTC-27SEP19-6000-C,60.54,0.124,0.1,2,1557079477821,18887875,372
2019-05-06 00:33:20.494,0.1,sell,5708.27,BTC-27SEP19-6000-C,60.67,0.129,0.1,0,1557102800494,18909473,373
2019-05-06 00:57:57.079,0.1,sell,5653.67,BTC-27SEP19-6000-C,60.69,0.1255,0.1,2,1557104277079,18913557,374
2019-05-06 01:23:22.731,0.1,sell,5609.36,BTC-27SEP19-6000-C,59.74,0.1205,0.1,2,1557105802731,18920509,375
2019-05-06 09:55:24.927,0.3,sell,5622.05,BTC-27SEP19-6000-C,60.62,0.1225,0.3,0,1557136524927,18946345,376
2019-05-06 09:58:31.897,0.1,sell,5628.26,BTC-27SEP19-6000-C,60.4,0.1225,0.1,1,1557136711897,18946432,377
2019-05-06 10:09:13.796,0.1,sell,5634.16,BTC-27SEP19-6000-C,60.88,0.124,0.1,0,1557137353796,18946669,378
2019-05-06 10:44:36.246,0.2,sell,5626.65,BTC-27SEP19-6000-C,61.02,0.124,0.2,1,1557139476246,18947862,379
2019-05-06 10:53:28.880,0.1,sell,5617.64,BTC-27SEP19-6000-C,61.11,0.1235,0.1,2,1557140008880,18948053,380
2019-05-06 11:00:37.010,0.1,sell,5620.92,BTC-27SEP19-6000-C,60.65,0.1225,0.1,2,1557140437010,18948104,381
2019-05-06 20:26:00.196,0.1,sell,5683.93,BTC-27SEP19-6000-C,61.56,0.13,0.1,0,1557174360196,18979728,382
2019-05-07 01:13:41.481,0.2,buy,5771.81,BTC-27SEP19-6000-C,63.45,0.1405,0.2,0,1557191621481,18993522,383
2019-05-07 04:01:05.868,0.1,sell,5878.08,BTC-27SEP19-6000-C,62.13,0.1445,0.1,0,1557201665868,19022070,384
2019-05-07 04:58:12.459,0.1,buy,5883.9,BTC-27SEP19-6000-C,64.51,0.151,0.1,0,1557205092459,19026229,385
2019-05-07 06:49:13.609,2.0,sell,5892.13,BTC-27SEP19-6000-C,62.02,0.1455,2.0,2,1557211753609,19030997,386
2019-05-07 14:17:07.363,3.0,buy,5825.06,BTC-27SEP19-6000-C,65.08,0.14800000000000002,3.0,0,1557238627363,19057498,387
2019-05-07 14:17:07.365,1.0,sell,5825.06,BTC-27SEP19-6000-C,65.08,0.14800000000000002,1.0,1,1557238627365,19057499,388
2019-05-07 15:51:38.673,0.1,sell,5850.98,BTC-27SEP19-6000-C,62.54,0.14300000000000002,0.1,2,1557244298673,19064802,389
2019-05-07 17:37:38.113,0.1,sell,5886.87,BTC-27SEP19-6000-C,62.47,0.145,0.1,0,1557250658113,19069358,390
2019-05-07 19:09:36.663,0.1,sell,5873.44,BTC-27SEP19-6000-C,62.47,0.14400000000000002,0.1,2,1557256176663,19071677,391
2019-05-08 23:59:03.440,1.1,sell,5937.1,BTC-27SEP19-6000-C,63.64,0.147,1.1,0,1557359943440,19191812,392
2019-05-09 02:06:01.870,5.0,sell,6038.71,BTC-27SEP19-6000-C,63.05,0.1525,5.0,0,1557367561870,19215771,393
2019-05-09 07:34:12.667,2.0,sell,6063.31,BTC-27SEP19-6000-C,61.69,0.1505,2.0,2,1557387252667,19226539,394
2019-05-09 10:38:21.003,1.0,buy,6058.24,BTC-27SEP19-6000-C,64.46,0.1565,1.0,0,1557398301003,19233986,395
2019-05-09 10:38:48.980,1.0,buy,6057.98,BTC-27SEP19-6000-C,64.7,0.157,1.0,0,1557398328980,19233990,396
2019-05-09 20:01:30.264,2.0,sell,6059.28,BTC-27SEP19-6000-C,62.98,0.1525,2.0,2,1557432090264,19261104,397
2019-05-10 05:24:20.846,1.1,sell,6266.07,BTC-27SEP19-6000-C,64.38,0.16899999999999998,1.1,0,1557465860846,19323695,398
2019-05-10 08:36:04.753,0.1,sell,6278.34,BTC-27SEP19-6000-C,63.72,0.1685,0.1,2,1557477364753,19341752,399
2019-05-10 13:14:58.930,10.0,sell,6274.04,BTC-27SEP19-6000-C,64.72,0.17,10.0,0,1557494098930,19357417,400
2019-05-10 13:15:02.788,1.0,sell,6273.99,BTC-27SEP19-6000-C,64.72,0.17,1.0,1,1557494102788,19357425,401
2019-05-10 14:41:24.772,0.1,sell,6248.26,BTC-27SEP19-6000-C,63.8,0.1665,0.1,2,1557499284772,19362282,402
2019-05-10 16:55:55.328,1.0,sell,6366.01,BTC-27SEP19-6000-C,65.96,0.18,1.0,0,1557507355328,19380121,403
2019-05-10 18:12:39.497,0.1,sell,6382.28,BTC-27SEP19-6000-C,64.49,0.1765,0.1,2,1557511959497,19388556,404
2019-05-10 20:35:42.888,0.1,sell,6345.9,BTC-27SEP19-6000-C,63.59,0.172,0.1,2,1557520542888,19397415,405
2019-05-10 20:43:05.924,0.1,sell,6293.15,BTC-27SEP19-6000-C,63.45,0.1685,0.1,2,1557520985924,19400752,406
2019-05-10 21:19:02.861,0.1,sell,6294.55,BTC-27SEP19-6000-C,63.94,0.16899999999999998,0.1,0,1557523142861,19408866,407
2019-05-11 00:58:22.815,1.0,buy,6377.23,BTC-27SEP19-6000-C,64.75,0.177,1.0,0,1557536302815,19418590,408
2019-05-11 06:23:01.735,5.0,sell,6906.95,BTC-27SEP19-6000-C,62.99,0.21100000000000002,5.0,0,1557555781735,19491952,409
2019-05-11 07:33:09.243,0.5,buy,6845.3,BTC-27SEP19-6000-C,71.17,0.2245,0.5,0,1557559989243,19525768,410
2019-05-11 15:08:44.266,0.1,sell,6769.4,BTC-27SEP19-6000-C,68.53,0.2175,0.1,2,1557587324266,19576930,411
2019-05-11 15:44:20.393,6.4,sell,6864.06,BTC-27SEP19-6000-C,69.19,0.2255,6.4,0,1557589460393,19583764,412
2019-05-11 15:44:20.395,3.6,buy,6864.06,BTC-27SEP19-6000-C,69.19,0.2255,3.6,1,1557589460395,19583765,413
2019-05-11 16:01:25.179,1.0,buy,6900.84,BTC-27SEP19-6000-C,70.83,0.2325,1.0,0,1557590485179,19590070,414
2019-05-11 18:27:41.795,0.1,sell,6979.2,BTC-27SEP19-6000-C,70.27,0.2365,0.1,0,1557599261795,19624479,415
2019-05-11 19:03:26.544,0.1,sell,6936.73,BTC-27SEP19-6000-C,70.07,0.2335,0.1,2,1557601406544,19629110,416
2019-05-11 22:38:39.721,0.1,sell,7278.88,BTC-27SEP19-6000-C,71.73,0.2635,0.1,0,1557614319721,19678246,417
2019-05-11 22:49:01.525,0.1,sell,7229.81,BTC-27SEP19-6000-C,73.96,0.264,0.1,0,1557614941525,19685889,418
2019-05-11 23:23:14.572,0.1,sell,7378.82,BTC-27SEP19-6000-C,71.4,0.2655,0.1,0,1557616994572,19708302,419
2019-05-11 23:42:09.075,0.1,sell,7297.29,BTC-27SEP19-6000-C,81.55,0.281,0.1,0,1557618129075,19719209,420
2019-05-12 00:14:52.042,3.1,sell,7293.17,BTC-27SEP19-6000-C,81.48,0.2805,3.1,2,1557620092042,19737542,421
2019-05-12 00:18:26.747,0.4,sell,7292.07,BTC-27SEP19-6000-C,80.6,0.2785,0.4,2,1557620306747,19738461,422
2019-05-12 00:21:48.845,0.5,sell,7251.11,BTC-27SEP19-6000-C,80.76,0.2765,0.5,2,1557620508845,19740084,423
2019-05-12 00:31:08.883,0.5,sell,7182.85,BTC-27SEP19-6000-C,83.93,0.27899999999999997,0.5,0,1557621068883,19744350,424
2019-05-12 01:57:13.872,0.3,buy,7193.46,BTC-27SEP19-6000-C,84.67,0.28,0.3,0,1557626233872,19782528,425
2019-05-12 03:40:16.843,0.3,buy,7166.64,BTC-27SEP19-6000-C,87.7,0.285,0.3,0,1557632416843,19799450,426
2019-05-12 03:50:14.813,0.2,buy,7156.17,BTC-27SEP19-6000-C,87.92,0.285,0.2,1,1557633014813,19801302,427
