date_utc,amount,direction,indexPrice,instrument,iv,price,quantity,tickDirection,timeStamp,tradeId,tradeSeq
2019-02-14 10:11:35.079,1.0,buy,3565.45,BTC-27SEP19-6000-C,58.86,0.0365,1.0,0,1550139095079,15360003,84
2019-02-14 10:40:51.868,3.0,buy,3565.24,BTC-27SEP19-6000-C,58.88,0.0365,3.0,1,1550140851868,15361864,85
2019-02-14 17:33:52.732,0.1,buy,3572.62,BTC-27SEP19-6000-C,58.74,0.0365,0.1,1,1550165632732,15371724,86
2019-02-15 03:53:28.735,1.0,buy,3577.91,BTC-27SEP19-6000-C,58.43,0.036000000000000004,1.0,2,1550202808735,15378216,87
2019-02-16 09:17:57.515,0.5,buy,3590.23,BTC-27SEP19-6000-C,59.05,0.038,0.5,0,1550308677515,15410982,88
2019-02-16 12:40:14.201,1.0,buy,3584.72,BTC-27SEP19-6000-C,59.31,0.0385,1.0,0,1550320814201,15414826,89
2019-02-16 12:42:28.515,1.0,buy,3584.64,BTC-27SEP19-6000-C,59.31,0.0385,1.0,1,1550320948515,15414842,90
2019-02-16 15:34:13.546,0.1,buy,3597.77,BTC-27SEP19-6000-C,59.07,0.0385,0.1,1,1550331253546,15419927,91
2019-02-18 12:59:32.410,0.5,buy,3731.96,BTC-27SEP19-6000-C,57.57,0.0405,0.5,0,1550494772410,15520051,92
2019-02-18 13:23:00.878,0.1,buy,3761.7,BTC-27SEP19-6000-C,57.93,0.0425,0.1,0,1550496180878,15523759,93
2019-02-18 13:25:16.798,1.5,buy,3749.16,BTC-27SEP19-6000-C,57.81,0.0415,1.5,2,1550496316798,15524629,94
2019-02-18 14:25:01.061,0.1,buy,3821.85,BTC-27SEP19-6000-C,57.21,0.0435,0.1,0,1550499901061,15540597,95
2019-02-18 16:20:26.131,0.1,buy,3837.12,BTC-27SEP19-6000-C,56.76,0.0435,0.1,1,1550506826131,15550445,96
2019-02-18 17:17:31.635,0.1,buy,3869.58,BTC-27SEP19-6000-C,57.9,0.048,0.1,0,1550510251635,15568542,97
2019-02-19 00:37:22.984,1.0,buy,3911.44,BTC-27SEP19-6000-C,58.61,0.052000000000000005,1.0,0,1550536642984,15591455,98
2019-02-19 09:52:00.365,1.0,sell,3858.33,BTC-27SEP19-6000-C,59.19,0.051,1.0,2,1550569920365,15617493,99
2019-02-19 14:08:23.038,0.3,sell,3958.82,BTC-27SEP19-6000-C,58.43,0.0535,0.3,0,1550585303038,15638865,100
2019-02-19 16:19:50.005,0.1,buy,3948.14,BTC-27SEP19-6000-C,59.64,0.0555,0.1,0,1550593190005,15653420,101
2019-02-20 07:20:53.435,2.0,sell,3889.69,BTC-27SEP19-6000-C,59.03,0.0515,2.0,2,1550647253435,15679351,102
2019-02-20 12:30:02.976,0.1,buy,3927.89,BTC-27SEP19-6000-C,58.26,0.0515,0.1,3,1550665802976,15691856,103
2019-02-21 15:28:17.709,1.0,sell,3893.47,BTC-27SEP19-6000-C,57.75,0.0485,1.0,2,1550762897709,15745880,104
2019-02-22 14:19:47.437,2.0,buy,3937.84,BTC-27SEP19-6000-C,58.61,0.0525,2.0,0,1550845187437,15777169,105
2019-02-23 15:26:36.044,6.6000000000000005,sell,3922.79,BTC-27SEP19-6000-C,59.02,0.0515,6.6000000000000005,2,1550935596044,15804685,106
2019-02-23 15:29:40.903,6.6000000000000005,buy,3924.29,BTC-27SEP19-6000-C,58.91,0.0515,6.6000000000000005,3,1550935780903,15804786,107
2019-02-23 15:43:03.830,6.7,sell,3917.95,BTC-27SEP19-6000-C,58.83,0.051,6.7,2,1550936583830,15805432,108
2019-02-23 15:53:25.617,6.7,buy,3924.99,BTC-27SEP19-6000-C,58.97,0.0515,6.7,0,1550937205617,15805646,109
2019-02-23 15:53:53.378,6.7,buy,3924.99,BTC-27SEP19-6000-C,58.98,0.0515,6.7,1,1550937233378,15805651,110
2019-02-23 15:55:38.206,6.6000000000000005,buy,3925.24,BTC-27SEP19-6000-C,58.9,0.0515,6.6000000000000005,1,1550937338206,15805703,111
2019-02-23 15:55:56.156,6.6000000000000005,sell,3925.11,BTC-27SEP19-6000-C,58.92,0.0515,6.6000000000000005,1,1550937356156,15805720,112
2019-02-23 16:31:11.696,0.2,buy,3929.8,BTC-27SEP19-6000-C,60.54,0.0555,0.2,0,1550939471696,15806115,113
2019-02-23 17:29:20.200,2.0,buy,4008.85,BTC-27SEP19-6000-C,60.29,0.0585,2.0,0,1550942960200,15819593,114
2019-02-24 03:47:12.450,2.0,sell,4160.24,BTC-27SEP19-6000-C,58.82,0.062,2.0,0,1550980032450,15865093,115
2019-02-24 11:25:51.816,0.2,buy,4139.65,BTC-27SEP19-6000-C,60.58,0.0665,0.2,0,1551007551816,15877346,116
2019-02-24 14:04:46.990,1.0,sell,4016.37,BTC-27SEP19-6000-C,60.97,0.061,1.0,2,1551017086990,15887336,117
2019-02-24 17:12:05.231,0.1,sell,3750.87,BTC-27SEP19-6000-C,60.45,0.045,0.1,2,1551028325231,15950397,118
2019-02-25 03:05:03.306,5.7,buy,3777.6,BTC-27SEP19-6000-C,59.62,0.0445,5.7,2,1551063903306,15972592,119
2019-02-25 03:05:51.965,5.3,buy,3774.54,BTC-27SEP19-6000-C,59.65,0.0445,5.3,3,1551063951965,15972637,120
2019-02-25 17:01:01.179,0.1,buy,3830.17,BTC-27SEP19-6000-C,60.89,0.0495,0.1,0,1551114061179,15998491,121
2019-02-25 18:34:28.211,0.1,buy,3843.8,BTC-27SEP19-6000-C,60.89,0.05,0.1,0,1551119668211,16003943,122
2019-02-25 19:34:00.789,2.0,buy,3849.25,BTC-27SEP19-6000-C,60.74,0.05,2.0,1,1551123240789,16006235,123
2019-02-26 00:45:12.790,0.1,sell,3818.8,BTC-27SEP19-6000-C,58.88,0.0445,0.1,2,1551141912790,16013661,124
2019-02-27 16:06:53.663,3.0,sell,3795.58,BTC-27SEP19-6000-C,58.43,0.042,3.0,2,1551283613663,16062407,125
2019-02-27 21:26:05.286,0.1,buy,3740.22,BTC-27SEP19-6000-C,59.48,0.042,0.1,3,1551302765286,16079505,126
2019-02-27 22:06:46.974,0.1,buy,3746.11,BTC-27SEP19-6000-C,60.66,0.045,0.1,0,1551305206974,16081333,127
2019-02-28 00:10:00.732,0.1,buy,3794.08,BTC-27SEP19-6000-C,60.43,0.0465,0.1,0,1551312600732,16089642,128
2019-02-28 00:30:10.012,0.1,buy,3794.71,BTC-27SEP19-6000-C,59.3,0.044000000000000004,0.1,2,1551313810012,16089980,129
2019-02-28 19:01:56.785,6.4,buy,3814.34,BTC-27SEP19-6000-C,59.21,0.0445,6.4,0,1551380516785,16134076,130
2019-03-01 14:15:01.805,0.1,buy,3813.1,BTC-27SEP19-6000-C,58.66,0.043,0.1,2,1551449701805,16150572,131
2019-03-01 17:46:53.136,0.1,buy,3840.42,BTC-27SEP19-6000-C,58.56,0.044000000000000004,0.1,0,1551462413136,16154288,132
2019-03-03 04:01:02.579,0.1,buy,3810.09,BTC-27SEP19-6000-C,57.96,0.041,0.1,2,1551585662579,16184726,133
2019-03-03 15:51:57.704,1.0,buy,3787.12,BTC-27SEP19-6000-C,58.51,0.040999999999999995,1.0,3,1551628317704,16193984,134
2019-03-03 23:59:42.973,0.1,buy,3787.95,BTC-27SEP19-6000-C,58.61,0.040999999999999995,0.1,3,1551657582973,16201375,135
2019-03-04 00:19:29.282,0.1,buy,3801.56,BTC-27SEP19-6000-C,58.54,0.0415,0.1,0,1551658769282,16202335,136
2019-03-04 00:39:00.784,0.1,buy,3802.8,BTC-27SEP19-6000-C,58.48,0.0415,0.1,1,1551659940784,16202706,137
2019-03-04 05:35:40.194,0.1,buy,3722.05,BTC-27SEP19-6000-C,58.73,0.0385,0.1,2,1551677740194,16218388,138
2019-03-04 14:33:36.498,1.0,sell,3705.94,BTC-27SEP19-6000-C,57.59,0.0355,1.0,2,1551710016498,16237482,139
2019-03-04 17:55:05.736,0.1,buy,3719.06,BTC-27SEP19-6000-C,58.36,0.0375,0.1,0,1551722105736,16240537,140
2019-03-04 22:06:09.994,3.0,buy,3701.77,BTC-27SEP19-6000-C,58.47,0.037000000000000005,3.0,2,1551737169994,16244363,141
2019-03-05 03:27:01.241,0.1,buy,3697.84,BTC-27SEP19-6000-C,58.44,0.037000000000000005,0.1,3,1551756421241,16248359,142
2019-03-05 03:52:48.864,0.2,buy,3695.69,BTC-27SEP19-6000-C,58.49,0.037000000000000005,0.2,3,1551757968864,16248615,143
2019-03-05 03:52:50.530,0.2,buy,3695.69,BTC-27SEP19-6000-C,58.49,0.037000000000000005,0.2,3,1551757970530,16248616,144
2019-03-05 04:33:58.505,0.1,buy,3701.7,BTC-27SEP19-6000-C,59.1,0.0385,0.1,0,1551760438505,16249037,145
2019-03-05 05:12:05.206,0.1,buy,3707.39,BTC-27SEP19-6000-C,58.5,0.0375,0.1,2,1551762725206,16249538,146
2019-03-05 19:25:01.733,2.0,buy,3843.64,BTC-27SEP19-6000-C,58.67,0.0435,2.0,0,1551813901733,16293277,147
2019-03-05 21:59:53.397,0.1,buy,3834.45,BTC-27SEP19-6000-C,59.24,0.0445,0.1,0,1551823193397,16295889,148
2019-03-06 00:08:25.178,0.1,buy,3846.95,BTC-27SEP19-6000-C,59.22,0.045,0.1,0,1551830905178,16297775,149
2019-03-06 15:09:43.792,0.1,buy,3840.25,BTC-27SEP19-6000-C,59.59,0.0455,0.1,0,1551884983792,16323241,150
2019-03-07 01:17:32.493,0.1,buy,3871.59,BTC-27SEP19-6000-C,59.07,0.0455,0.1,1,1551921452493,16332146,151
2019-03-07 09:04:37.529,0.5,sell,3842.16,BTC-27SEP19-6000-C,57.86,0.0415,0.5,3,1551949477529,16346276,153
2019-03-07 09:04:37.529,4.8,sell,3842.16,BTC-27SEP19-6000-C,57.86,0.0415,4.8,2,1551949477529,16346275,152
2019-03-07 18:20:41.072,0.4,sell,3861.98,BTC-27SEP19-6000-C,57.01,0.0405,0.4,2,1551982841072,16360935,154
2019-03-08 20:07:33.473,0.1,buy,3900.88,BTC-27SEP19-6000-C,57.46,0.0425,0.1,0,1552075653473,16393067,155
2019-03-08 21:17:55.536,2.9,buy,3893.52,BTC-27SEP19-6000-C,57.34,0.042,2.9,2,1552079875536,16394056,156
2019-03-08 21:17:55.536,0.5,buy,3893.52,BTC-27SEP19-6000-C,57.34,0.042,0.5,3,1552079875536,16394057,157
2019-03-10 00:00:46.299,0.1,buy,3915.85,BTC-27SEP19-6000-C,57.94,0.0435,0.1,0,1552176046299,16449409,158
2019-03-10 23:21:58.794,0.1,buy,3906.03,BTC-27SEP19-6000-C,58.22,0.0435,0.1,1,1552260118794,16468471,159
2019-03-12 03:23:10.039,0.1,buy,3816.06,BTC-27SEP19-6000-C,58.42,0.04,0.1,2,1552360990039,16507196,160
2019-03-12 13:44:44.930,0.1,buy,3863.33,BTC-27SEP19-6000-C,58.37,0.0415,0.1,0,1552398284930,16520774,161
2019-03-12 20:06:16.533,0.1,buy,3859.59,BTC-27SEP19-6000-C,58.53,0.0415,0.1,1,1552421176533,16525184,162
2019-03-12 22:00:45.691,0.1,buy,3864.89,BTC-27SEP19-6000-C,58.51,0.0415,0.1,1,1552428045691,16525792,163
2019-03-13 19:24:01.030,0.1,buy,3858.03,BTC-27SEP19-6000-C,58.65,0.041,0.1,2,1552505041030,16544543,164
2019-03-14 14:12:37.261,0.1,buy,3896.88,BTC-27SEP19-6000-C,58.55,0.042,0.1,0,1552572757261,16558293,165
2019-03-14 15:05:36.353,0.1,buy,3863.26,BTC-27SEP19-6000-C,58.83,0.0415,0.1,2,1552575936353,16570516,166
2019-03-14 20:19:50.500,0.1,buy,3855.02,BTC-27SEP19-6000-C,59.45,0.0425,0.1,0,1552594790500,16573207,167
2019-03-15 00:50:37.826,1.0,buy,3859.17,BTC-27SEP19-6000-C,58.93,0.0415,1.0,2,1552611037826,16575285,168
2019-03-15 00:52:11.205,4.0,buy,3859.09,BTC-27SEP19-6000-C,58.92,0.0415,4.0,3,1552611131205,16575290,169
2019-03-15 01:23:54.218,0.1,buy,3865.96,BTC-27SEP19-6000-C,59.04,0.042,0.1,0,1552613034218,16576300,170
2019-03-15 13:19:27.499,10.0,buy,3883.98,BTC-27SEP19-6000-C,58.42,0.0415,10.0,2,1552655967499,16591414,171
2019-03-15 14:01:32.465,2.0,sell,3884.8,BTC-27SEP19-6000-C,57.69,0.04,2.0,2,1552658492465,16592119,172
2019-03-15 15:00:29.355,0.1,buy,3887.03,BTC-27SEP19-6000-C,58.84,0.0425,0.1,0,1552662029355,16592981,173
2019-03-15 15:26:16.162,0.1,buy,3895.9,BTC-27SEP19-6000-C,58.7,0.0425,0.1,1,1552663576162,16593959,174
2019-03-15 16:41:27.911,1.0,sell,3896.21,BTC-27SEP19-6000-C,57.22,0.0395,1.0,2,1552668087911,16597880,175
2019-03-16 01:09:22.674,0.2,buy,3909.86,BTC-27SEP19-6000-C,58.66,0.043,0.2,0,1552698562674,16604636,176
2019-03-17 12:50:51.253,0.3,sell,3957.06,BTC-27SEP19-6000-C,56.73,0.0405,0.3,2,1552827051253,16662683,177
2019-03-17 19:53:32.400,0.1,buy,3972.98,BTC-27SEP19-6000-C,58.16,0.044,0.1,0,1552852412400,16666593,178
2019-03-19 14:01:49.385,0.1,sell,3972.42,BTC-27SEP19-6000-C,55.9,0.039,0.1,2,1553004109385,16705022,179
2019-03-20 19:53:10.039,2.0,buy,4012.97,BTC-27SEP19-6000-C,57.07,0.0425,2.0,0,1553111590039,16738820,180
2019-03-20 19:53:43.913,1.5,buy,4013.05,BTC-27SEP19-6000-C,57.07,0.0425,1.5,1,1553111623913,16738824,181
2019-03-20 20:54:19.170,2.0,buy,4011.0,BTC-27SEP19-6000-C,56.96,0.042,2.0,2,1553115259170,16739466,182
2019-03-22 08:27:55.077,6.6000000000000005,sell,3977.78,BTC-27SEP19-6000-C,56.94,0.04,6.6000000000000005,2,1553243275077,16776098,183
2019-03-22 12:46:52.305,0.5,sell,3983.22,BTC-27SEP19-6000-C,56.42,0.039,0.5,2,1553258812305,16777607,184
2019-03-22 13:42:00.717,5.0,buy,3989.27,BTC-27SEP19-6000-C,57.71,0.042,5.0,0,1553262120717,16778476,185
2019-03-22 16:44:25.324,2.0,buy,3984.12,BTC-27SEP19-6000-C,57.69,0.0415,2.0,2,1553273065324,16780111,186
2019-03-22 20:34:15.228,1.0,buy,3983.88,BTC-27SEP19-6000-C,57.7,0.0415,1.0,3,1553286855228,16781546,187
2019-03-22 20:34:20.950,1.0,buy,3983.88,BTC-27SEP19-6000-C,57.7,0.0415,1.0,3,1553286860950,16781551,188
2019-03-23 16:50:30.595,1.0,buy,3972.33,BTC-27SEP19-6000-C,56.64,0.039,1.0,2,1553359830595,16794807,189
2019-03-23 23:42:23.131,5.0,sell,3981.69,BTC-27SEP19-6000-C,56.11,0.038,5.0,2,1553384543131,16796290,190
