date_utc,amount,direction,indexPrice,instrument,iv,price,quantity,tickDirection,timeStamp,tradeId,tradeSeq
2019-02-14 07:08:13.851,1.0,buy,3571.23,BTC-27SEP19-3500-P,60.95,0.184,1.0,2,1550128093851,15355976,148
2019-02-14 11:40:05.395,2.0,buy,3555.4,BTC-27SEP19-3500-P,61.9,0.19,2.0,0,1550144405395,15365770,149
2019-02-16 09:35:43.584,5.0,buy,3586.13,BTC-27SEP19-3500-P,61.31,0.18,5.0,2,1550309743584,15411199,150
2019-02-16 13:39:15.873,6.0,sell,3598.02,BTC-27SEP19-3500-P,60.73,0.1755,6.0,2,1550324355873,15416081,151
2019-02-16 22:37:51.723,2.5,sell,3591.95,BTC-27SEP19-3500-P,60.43,0.17600000000000002,2.5,0,1550356671723,15423414,152
2019-02-16 22:37:51.723,6.0,sell,3591.95,BTC-27SEP19-3500-P,60.43,0.17600000000000002,6.0,1,1550356671723,15423415,153
2019-02-16 22:40:47.356,0.5,sell,3591.24,BTC-27SEP19-3500-P,60.18,0.175,0.5,2,1550356847356,15423467,154
2019-02-16 22:41:03.611,0.1,sell,3590.36,BTC-27SEP19-3500-P,60.44,0.17600000000000002,0.1,0,1550356863611,15423472,155
2019-02-16 22:41:16.526,0.1,sell,3591.72,BTC-27SEP19-3500-P,60.34,0.1755,0.1,2,1550356876526,15423479,156
2019-02-16 22:42:32.000,0.5,sell,3591.38,BTC-27SEP19-3500-P,60.34,0.1755,0.5,3,1550356952000,15423481,157
2019-02-17 11:12:28.817,2.5,sell,3591.7,BTC-27SEP19-3500-P,60.63,0.1765,2.5,0,1550401948817,15442737,158
2019-02-17 20:25:46.134,6.0,sell,3571.61,BTC-27SEP19-3500-P,60.12,0.1775,6.0,0,1550435146134,15452475,159
2019-02-18 14:59:44.711,3.2,buy,3796.53,BTC-27SEP19-3500-P,59.94,0.1435,3.2,2,1550501984711,15543845,160
2019-02-18 15:26:40.497,3.0,sell,3799.19,BTC-27SEP19-3500-P,59.74,0.1425,3.0,2,1550503600497,15545812,161
2019-02-18 15:37:09.060,3.2,buy,3794.34,BTC-27SEP19-3500-P,59.94,0.1435,3.2,0,1550504229060,15546484,162
2019-02-19 00:42:11.577,4.0,buy,3937.16,BTC-27SEP19-3500-P,59.9,0.123,4.0,2,1550536931577,15593809,163
2019-02-20 16:32:32.326,12.0,buy,3923.89,BTC-27SEP19-3500-P,59.89,0.125,12.0,0,1550680352326,15705399,164
2019-02-20 19:58:16.139,12.0,sell,3924.0,BTC-27SEP19-3500-P,58.22,0.12,12.0,2,1550692696139,15709495,165
2019-02-20 20:14:58.010,5.0,buy,3927.06,BTC-27SEP19-3500-P,60.34,0.1255,5.0,0,1550693698010,15710481,166
2019-02-21 13:47:29.201,5.0,sell,3907.51,BTC-27SEP19-3500-P,59.2,0.1235,5.0,2,1550756849201,15744660,167
2019-02-23 17:45:04.468,0.5,sell,4041.03,BTC-27SEP19-3500-P,60.06,0.113,0.5,2,1550943904468,15824656,168
2019-02-24 12:36:33.412,12.0,buy,4115.0,BTC-27SEP19-3500-P,63.31,0.1115,12.0,2,1551011793412,15880275,169
2019-02-24 12:38:51.163,2.7,buy,4115.77,BTC-27SEP19-3500-P,63.7,0.1125,2.7,0,1551011931163,15880319,170
2019-02-24 16:47:57.126,1.0,buy,3761.1,BTC-27SEP19-3500-P,65.08,0.1625,1.0,0,1551026877126,15949135,171
2019-02-25 08:48:09.800,4.0,sell,3770.19,BTC-27SEP19-3500-P,59.75,0.1445,4.0,2,1551084489800,15980789,172
2019-02-27 13:18:41.353,3.3000000000000003,sell,3819.37,BTC-27SEP19-3500-P,58.93,0.1355,3.3000000000000003,2,1551273521353,16055651,173
2019-02-27 13:18:41.353,9.7,sell,3819.37,BTC-27SEP19-3500-P,58.93,0.1355,9.7,3,1551273521353,16055652,174
2019-02-28 06:54:54.852,0.5,sell,3804.76,BTC-27SEP19-3500-P,59.03,0.1365,0.5,0,1551336894852,16094923,175
2019-03-02 10:34:33.604,2.2,sell,3793.25,BTC-27SEP19-3500-P,57.27,0.1315,2.2,2,1551522873604,16173451,176
2019-03-02 10:54:53.471,1.0,sell,3800.52,BTC-27SEP19-3500-P,57.43,0.131,1.0,2,1551524093471,16173656,177
2019-03-03 10:03:59.758,3.3000000000000003,sell,3807.68,BTC-27SEP19-3500-P,57.63,0.131,3.3000000000000003,3,1551607439758,16187811,178
2019-03-04 02:55:15.194,5.0,buy,3793.17,BTC-27SEP19-3500-P,58.55,0.135,5.0,0,1551668115194,16203794,179
2019-03-06 12:58:15.194,5.0,sell,3848.98,BTC-27SEP19-3500-P,59.11,0.1265,5.0,2,1551877095194,16319390,180
2019-03-06 12:58:19.432,5.0,sell,3849.24,BTC-27SEP19-3500-P,58.93,0.126,5.0,2,1551877099432,16319392,181
2019-03-06 13:07:32.991,10.0,sell,3849.08,BTC-27SEP19-3500-P,58.91,0.126,10.0,3,1551877652991,16319539,182
2019-03-06 13:07:32.991,3.6,sell,3849.08,BTC-27SEP19-3500-P,58.91,0.126,3.6,3,1551877652991,16319540,183
2019-03-06 13:11:15.672,3.6,sell,3849.99,BTC-27SEP19-3500-P,58.96,0.126,3.6,3,1551877875672,16319598,184
2019-03-06 16:13:22.980,3.5,sell,3843.13,BTC-27SEP19-3500-P,58.9,0.1265,3.5,0,1551888802980,16324927,185
2019-03-06 19:41:26.804,3.5,sell,3844.67,BTC-27SEP19-3500-P,58.61,0.126,3.5,2,1551901286804,16327023,186
2019-03-06 19:41:26.804,5.0,sell,3844.67,BTC-27SEP19-3500-P,58.61,0.126,5.0,3,1551901286804,16327024,187
2019-03-06 19:41:53.527,2.0,sell,3844.49,BTC-27SEP19-3500-P,58.65,0.126,2.0,3,1551901313527,16327044,188
2019-03-06 20:18:17.208,1.0,buy,3844.98,BTC-27SEP19-3500-P,59.01,0.1265,1.0,0,1551903497208,16327320,189
2019-03-06 20:19:13.768,1.0,buy,3844.97,BTC-27SEP19-3500-P,59.01,0.1265,1.0,1,1551903553768,16327326,190
2019-03-07 18:44:40.236,0.1,sell,3864.77,BTC-27SEP19-3500-P,57.88,0.121,0.1,2,1551984280236,16361057,191
2019-03-09 22:22:27.163,0.1,buy,3889.64,BTC-27SEP19-3500-P,59.76,0.1235,0.1,0,1552170147163,16447775,192
2019-03-12 12:48:01.506,4.0,sell,3869.88,BTC-27SEP19-3500-P,58.57,0.121,4.0,2,1552394881506,16519297,193
2019-03-14 16:01:35.070,1.0,buy,3857.23,BTC-27SEP19-3500-P,59.84,0.1265,1.0,0,1552579295070,16571846,194
2019-03-15 02:23:23.096,10.0,sell,3863.04,BTC-27SEP19-3500-P,58.92,0.1225,10.0,2,1552616603096,16576948,195
2019-03-15 10:46:01.148,10.0,sell,3865.58,BTC-27SEP19-3500-P,58.13,0.12,10.0,2,1552646761148,16583356,196
2019-03-16 04:18:24.841,5.0,buy,4000.61,BTC-27SEP19-3500-P,59.88,0.1095,5.0,2,1552709904841,16619084,197
2019-03-16 08:19:24.334,10.0,sell,3996.38,BTC-27SEP19-3500-P,59.29,0.1085,10.0,2,1552724364334,16636046,198
2019-03-18 00:50:08.923,1.0,sell,3977.35,BTC-27SEP19-3500-P,57.44,0.105,1.0,2,1552870208923,16669741,199
2019-03-18 13:01:25.229,4.0,sell,3962.3,BTC-27SEP19-3500-P,57.43,0.106,4.0,0,1552914085229,16689414,200
2019-03-18 13:01:47.819,4.0,sell,3962.22,BTC-27SEP19-3500-P,57.43,0.106,4.0,1,1552914107819,16689415,201
2019-03-18 13:01:57.147,4.0,sell,3962.24,BTC-27SEP19-3500-P,57.43,0.106,4.0,1,1552914117147,16689416,202
2019-03-18 13:26:56.217,4.1,sell,3962.89,BTC-27SEP19-3500-P,57.46,0.106,4.1,1,1552915616217,16689680,203
2019-03-18 13:40:02.776,5.0,sell,3960.97,BTC-27SEP19-3500-P,57.21,0.1055,5.0,2,1552916402776,16689851,204
2019-03-18 14:21:15.950,4.0,sell,3957.41,BTC-27SEP19-3500-P,57.24,0.106,4.0,0,1552918875950,16690498,205
2019-03-18 14:21:49.239,4.0,sell,3957.44,BTC-27SEP19-3500-P,57.24,0.106,4.0,1,1552918909239,16690507,206
2019-03-18 14:26:18.839,4.0,sell,3960.16,BTC-27SEP19-3500-P,57.36,0.106,4.0,1,1552919178839,16690592,207
2019-03-18 19:58:58.877,4.0,sell,3960.96,BTC-27SEP19-3500-P,57.27,0.1055,4.0,2,1552939138877,16692973,208
2019-03-18 19:59:26.419,4.0,sell,3961.07,BTC-27SEP19-3500-P,57.28,0.1055,4.0,3,1552939166419,16692980,209
2019-03-18 19:59:40.404,4.0,sell,3961.16,BTC-27SEP19-3500-P,57.28,0.1055,4.0,3,1552939180404,16692981,210
2019-03-18 19:59:43.699,0.1,sell,3961.2,BTC-27SEP19-3500-P,57.28,0.1055,0.1,3,1552939183699,16692982,211
2019-03-18 22:28:08.309,2.1,sell,3974.75,BTC-27SEP19-3500-P,56.68,0.1025,2.1,2,1552948088309,16694234,212
2019-03-19 14:15:35.701,0.5,sell,3974.6,BTC-27SEP19-3500-P,56.76,0.102,0.5,2,1553004935701,16705259,213
2019-03-19 14:15:35.701,4.2,sell,3974.6,BTC-27SEP19-3500-P,56.76,0.102,4.2,3,1553004935701,16705260,214
2019-03-19 14:15:37.117,1.3,buy,3974.6,BTC-27SEP19-3500-P,56.76,0.102,1.3,3,1553004937117,16705262,215
2019-03-19 15:07:53.740,0.5,buy,3972.92,BTC-27SEP19-3500-P,57.89,0.1055,0.5,0,1553008073740,16707719,216
2019-03-21 18:44:23.920,1.0,buy,3962.75,BTC-27SEP19-3500-P,58.35,0.10800000000000001,1.0,0,1553193863920,16770295,217
2019-03-22 08:49:00.176,0.5,sell,3977.32,BTC-27SEP19-3500-P,57.07,0.10300000000000001,0.5,2,1553244540176,16776302,218
2019-03-23 05:01:48.807,3.0,sell,3984.85,BTC-27SEP19-3500-P,56.04,0.099,3.0,2,1553317308807,16787707,219
2019-03-23 05:13:36.584,3.0,sell,3988.72,BTC-27SEP19-3500-P,56.05,0.099,3.0,3,1553318016584,16787789,220
2019-03-25 05:35:29.448,2.0,sell,3972.64,BTC-27SEP19-3500-P,55.63,0.098,2.0,2,1553492129448,16808345,221
2019-03-25 18:00:26.504,2.0,buy,3943.55,BTC-27SEP19-3500-P,55.59,0.1015,2.0,0,1553536826504,16815899,222
2019-03-25 18:59:43.817,1.0,buy,3886.59,BTC-27SEP19-3500-P,56.55,0.11,1.0,0,1553540383817,16820235,223
2019-03-25 19:02:59.055,2.0,sell,3871.04,BTC-27SEP19-3500-P,56.74,0.112,2.0,0,1553540579055,16822890,224
2019-03-25 19:04:36.792,2.0,buy,3859.43,BTC-27SEP19-3500-P,56.19,0.1115,2.0,2,1553540676792,16823419,225
2019-03-25 19:05:46.995,2.0,sell,3871.72,BTC-27SEP19-3500-P,56.74,0.1115,2.0,3,1553540746995,16823753,226
2019-03-25 20:23:17.754,2.0,buy,3880.68,BTC-27SEP19-3500-P,56.08,0.109,2.0,2,1553545397754,16826795,227
2019-03-25 22:08:09.978,1.0,sell,3889.67,BTC-27SEP19-3500-P,56.71,0.1095,1.0,0,1553551689978,16828476,228
2019-03-25 22:41:20.874,2.0,sell,3899.9,BTC-27SEP19-3500-P,57.06,0.109,2.0,2,1553553680874,16828976,229
2019-03-25 23:40:41.152,5.0,sell,3905.45,BTC-27SEP19-3500-P,55.46,0.105,5.0,2,1553557241152,16829916,230
2019-03-26 06:52:52.510,2.0,buy,3897.95,BTC-27SEP19-3500-P,55.48,0.1065,2.0,0,1553583172510,16833579,231
2019-03-26 14:36:47.445,0.1,buy,3901.77,BTC-27SEP19-3500-P,56.19,0.1105,0.1,0,1553611007445,16838038,232
2019-03-27 01:01:11.401,3.0,sell,3945.2,BTC-27SEP19-3500-P,55.83,0.104,3.0,2,1553648471401,16845139,233
2019-03-27 01:24:04.445,3.0,sell,3959.46,BTC-27SEP19-3500-P,56.06,0.103,3.0,2,1553649844445,16847747,234
2019-03-27 05:26:16.372,5.0,buy,3979.65,BTC-27SEP19-3500-P,56.54,0.102,5.0,2,1553664376372,16853183,235
2019-03-27 05:29:09.461,3.1,buy,3979.31,BTC-27SEP19-3500-P,56.79,0.1025,3.1,0,1553664549461,16853190,236
2019-03-27 05:34:18.513,2.1,sell,3979.66,BTC-27SEP19-3500-P,55.69,0.0995,2.1,2,1553664858513,16853236,237
2019-03-27 10:18:41.549,3.0,sell,4003.25,BTC-27SEP19-3500-P,56.24,0.099,3.0,2,1553681921549,16856862,238
2019-03-28 00:24:02.811,14.4,sell,4017.35,BTC-27SEP19-3500-P,56.44,0.097,14.4,2,1553732642811,16879958,239
2019-03-28 00:25:31.080,10.6,buy,4017.28,BTC-27SEP19-3500-P,56.59,0.0975,10.6,0,1553732731080,16879973,240
2019-03-28 00:26:30.614,4.3,buy,4017.09,BTC-27SEP19-3500-P,56.8,0.098,4.3,0,1553732790614,16879987,241
2019-03-28 00:26:30.614,4.2,buy,4017.09,BTC-27SEP19-3500-P,56.8,0.098,4.2,1,1553732790614,16879988,242
2019-03-28 09:42:19.176,3.0,sell,4006.18,BTC-27SEP19-3500-P,54.91,0.094,3.0,2,1553766139176,16923316,243
2019-03-29 13:58:28.588,0.5,sell,4083.77,BTC-27SEP19-3500-P,54.46,0.084,0.5,3,1553867908588,16958442,245
2019-03-29 13:58:28.588,0.5,sell,4083.77,BTC-27SEP19-3500-P,54.46,0.084,0.5,2,1553867908588,16958441,244
2019-04-01 04:10:55.075,3.0,buy,4124.92,BTC-27SEP19-3500-P,56.56,0.0845,3.0,1,1554091855075,17000344,247
2019-04-01 04:10:55.075,0.5,buy,4124.92,BTC-27SEP19-3500-P,56.56,0.0845,0.5,0,1554091855075,17000343,246
2019-04-01 04:10:55.075,1.5,buy,4124.92,BTC-27SEP19-3500-P,56.56,0.0845,1.5,1,1554091855075,17000345,248
2019-04-01 04:11:22.963,5.0,sell,4124.99,BTC-27SEP19-3500-P,56.78,0.085,5.0,0,1554091882963,17000361,249
2019-04-01 04:11:32.793,5.0,buy,4124.9,BTC-27SEP19-3500-P,56.78,0.085,5.0,1,1554091892793,17000365,250
2019-04-02 07:07:07.190,1.0,buy,4705.49,BTC-27SEP19-3500-P,59.61,0.049,1.0,2,1554188827190,17090028,251
2019-04-03 01:13:00.057,1.0,buy,4932.59,BTC-27SEP19-3500-P,63.31,0.0465,1.0,2,1554253980057,17163934,252
2019-04-03 01:13:47.988,2.0,sell,4934.3,BTC-27SEP19-3500-P,58.61,0.0385,2.0,2,1554254027988,17164134,253
2019-04-04 02:17:45.232,4.1,buy,5025.27,BTC-27SEP19-3500-P,68.55,0.051,4.1,0,1554344265232,17286637,254
2019-04-05 18:24:00.524,5.0,buy,5045.82,BTC-27SEP19-3500-P,67.38,0.047,5.0,2,1554488640524,17378149,255
2019-04-06 17:15:54.336,0.6,sell,5145.12,BTC-27SEP19-3500-P,64.47,0.0375,0.6,2,1554570954336,17412151,256
2019-04-08 06:24:45.986,38.4,buy,5276.83,BTC-27SEP19-3500-P,68.63,0.0375,38.4,3,1554704685986,17514955,257
2019-04-09 12:19:44.849,12.0,sell,5209.4,BTC-27SEP19-3500-P,66.3,0.037000000000000005,12.0,2,1554812384849,17572555,258
2019-04-09 13:12:06.352,12.0,sell,5226.33,BTC-27SEP19-3500-P,66.05,0.036000000000000004,12.0,2,1554815526352,17573790,259
2019-04-09 16:30:32.346,0.1,sell,5221.31,BTC-27SEP19-3500-P,64.98,0.035,0.1,2,1554827432346,17578124,260
2019-04-09 17:35:26.291,1.0,sell,5221.11,BTC-27SEP19-3500-P,64.68,0.0345,1.0,2,1554831326291,17578562,261
2019-04-11 09:53:54.788,10.0,buy,5048.24,BTC-27SEP19-3500-P,63.58,0.039,10.0,0,1554976434788,17681841,262
2019-04-15 17:35:56.994,0.1,buy,5023.24,BTC-27SEP19-3500-P,63.39,0.0395,0.1,0,1555349756994,17827890,263
2019-04-17 07:26:04.112,6.0,buy,5216.32,BTC-27SEP19-3500-P,64.16,0.0325,6.0,2,1555485964112,17893368,264
2019-04-18 08:32:57.752,1.0,sell,5246.48,BTC-27SEP19-3500-P,61.91,0.0285,1.0,2,1555576377752,17919674,265
2019-04-18 13:58:37.788,12.0,sell,5264.5,BTC-27SEP19-3500-P,61.88,0.027999999999999997,12.0,2,1555595917788,17922963,266
2019-04-20 02:37:39.271,0.5,sell,5314.04,BTC-27SEP19-3500-P,62.38,0.027000000000000003,0.5,2,1555727859271,17973599,267
2019-04-20 03:10:43.635,0.2,sell,5294.57,BTC-27SEP19-3500-P,61.94,0.027000000000000003,0.2,3,1555729843635,17974522,268
2019-04-20 03:16:12.580,0.3,sell,5299.53,BTC-27SEP19-3500-P,62.02,0.027000000000000003,0.3,3,1555730172580,17974654,269
2019-04-20 03:18:24.383,0.3,sell,5297.32,BTC-27SEP19-3500-P,61.94,0.027000000000000003,0.3,3,1555730304383,17974677,270
2019-04-20 03:19:15.482,0.2,sell,5295.96,BTC-27SEP19-3500-P,61.95,0.027000000000000003,0.2,3,1555730355482,17974679,271
2019-04-20 04:01:24.041,0.5,sell,5306.67,BTC-27SEP19-3500-P,62.14,0.027000000000000003,0.5,3,1555732884041,17974849,272
2019-04-20 04:16:40.960,0.3,sell,5301.95,BTC-27SEP19-3500-P,62.0,0.027000000000000003,0.3,3,1555733800960,17974988,273
2019-04-20 04:23:54.264,0.3,sell,5310.33,BTC-27SEP19-3500-P,62.19,0.027000000000000003,0.3,3,1555734234264,17975074,274
2019-04-20 04:37:36.425,0.5,sell,5310.42,BTC-27SEP19-3500-P,62.19,0.027000000000000003,0.5,3,1555735056425,17975147,275
2019-04-20 04:39:08.401,0.6,sell,5311.87,BTC-27SEP19-3500-P,62.2,0.027000000000000003,0.6,3,1555735148401,17975149,276
2019-04-20 04:41:24.023,0.6,sell,5315.5,BTC-27SEP19-3500-P,62.31,0.027000000000000003,0.6,3,1555735284023,17975194,277
2019-04-20 06:04:27.968,0.3,sell,5331.48,BTC-27SEP19-3500-P,62.3,0.0265,0.3,2,1555740267968,17976827,278
2019-04-20 21:39:34.874,0.6,buy,5279.81,BTC-27SEP19-3500-P,61.64,0.027000000000000003,0.6,0,1555796374874,17990007,279
2019-04-21 09:04:06.119,1.0,buy,5304.07,BTC-27SEP19-3500-P,62.34,0.027000000000000003,1.0,1,1555837446119,18002209,280
2019-04-21 14:36:11.960,0.6,sell,5265.68,BTC-27SEP19-3500-P,61.47,0.027000000000000003,0.6,1,1555857371960,18015957,281
2019-04-21 14:45:43.916,0.6,sell,5270.7,BTC-27SEP19-3500-P,61.54,0.027000000000000003,0.6,1,1555857943916,18016017,282
2019-04-21 14:49:42.381,0.6,sell,5265.68,BTC-27SEP19-3500-P,61.51,0.027000000000000003,0.6,1,1555858182381,18016047,283
2019-04-21 14:51:19.804,0.6,sell,5266.84,BTC-27SEP19-3500-P,61.53,0.027000000000000003,0.6,1,1555858279804,18016052,284
2019-04-21 14:53:02.245,0.6,sell,5270.81,BTC-27SEP19-3500-P,61.55,0.027000000000000003,0.6,1,1555858382245,18016066,285
2019-04-21 16:02:59.507,0.1,sell,5275.14,BTC-27SEP19-3500-P,63.25,0.028999999999999998,0.1,0,1555862579507,18016886,286
2019-04-21 16:11:26.210,0.3,sell,5275.07,BTC-27SEP19-3500-P,61.61,0.027000000000000003,0.3,2,1555863086210,18017058,287
2019-04-22 16:25:26.625,1.0,sell,5298.79,BTC-27SEP19-3500-P,62.18,0.0265,1.0,2,1555950326625,18051412,288
2019-04-22 16:26:05.397,1.0,sell,5300.0,BTC-27SEP19-3500-P,62.2,0.0265,1.0,3,1555950365397,18051434,289
2019-04-22 16:27:14.223,1.0,sell,5299.38,BTC-27SEP19-3500-P,62.22,0.0265,1.0,3,1555950434223,18051450,290
2019-04-22 16:27:55.358,1.1,sell,5300.12,BTC-27SEP19-3500-P,62.23,0.0265,1.1,3,1555950475358,18051454,291
2019-04-22 16:28:53.490,1.1,sell,5301.56,BTC-27SEP19-3500-P,62.27,0.0265,1.1,3,1555950533490,18051478,292
2019-04-22 16:30:06.695,1.0,sell,5299.7,BTC-27SEP19-3500-P,62.24,0.0265,1.0,3,1555950606695,18051496,293
2019-04-22 16:30:30.734,1.0,sell,5298.97,BTC-27SEP19-3500-P,62.23,0.0265,1.0,3,1555950630734,18051509,294
2019-04-22 17:19:03.624,1.0,sell,5312.62,BTC-27SEP19-3500-P,62.16,0.026000000000000002,1.0,2,1555953543624,18052225,295
2019-04-22 17:20:15.458,1.0,sell,5313.54,BTC-27SEP19-3500-P,62.17,0.026,1.0,3,1555953615458,18052252,296
2019-04-22 17:20:54.147,2.0,sell,5314.02,BTC-27SEP19-3500-P,62.18,0.026000000000000002,2.0,3,1555953654147,18052254,297
2019-04-22 19:03:10.987,3.0,sell,5426.29,BTC-27SEP19-3500-P,62.75,0.024,3.0,2,1555959790987,18062455,298
2019-04-23 22:31:45.843,2.0,sell,5524.0,BTC-27SEP19-3500-P,64.79,0.024,2.0,3,1556058705843,18129189,299
2019-04-24 08:52:44.623,0.2,sell,5483.07,BTC-27SEP19-3500-P,63.2,0.0235,0.2,2,1556095964623,18162986,300
2019-04-24 08:53:57.651,0.2,sell,5483.37,BTC-27SEP19-3500-P,63.18,0.0235,0.2,3,1556096037651,18163003,301
2019-04-24 08:54:23.534,0.5,buy,5483.18,BTC-27SEP19-3500-P,64.04,0.0245,0.5,0,1556096063534,18163015,302
2019-04-24 08:59:23.587,0.2,buy,5482.86,BTC-27SEP19-3500-P,64.02,0.0245,0.2,1,1556096363587,18163128,303
2019-04-24 09:04:23.612,0.3,buy,5477.87,BTC-27SEP19-3500-P,63.94,0.0245,0.3,1,1556096663612,18163274,304
2019-04-24 09:04:38.125,0.2,sell,5477.39,BTC-27SEP19-3500-P,64.36,0.025,0.2,0,1556096678125,18163276,305
2019-04-24 13:51:48.538,0.1,sell,5451.0,BTC-27SEP19-3500-P,63.82,0.025,0.1,1,1556113908538,18178279,306
2019-04-24 14:47:17.076,0.1,sell,5463.66,BTC-27SEP19-3500-P,64.15,0.025,0.1,1,1556117237076,18179676,307
2019-04-24 16:09:33.596,0.2,buy,5458.84,BTC-27SEP19-3500-P,63.99,0.025,0.2,1,1556122173596,18181571,308
2019-04-24 18:01:11.623,0.2,buy,5409.59,BTC-27SEP19-3500-P,63.51,0.0255,0.2,0,1556128871623,18187366,309
2019-04-25 09:30:51.524,0.2,buy,5386.28,BTC-27SEP19-3500-P,63.05,0.0255,0.2,1,1556184651524,18213706,310
2019-04-25 21:35:10.177,18.0,buy,5464.28,BTC-27SEP19-3500-P,64.66,0.0255,18.0,1,1556228110177,18232104,311
2019-04-25 21:35:47.610,7.0,buy,5460.52,BTC-27SEP19-3500-P,65.0,0.026000000000000002,7.0,0,1556228147610,18232201,312
2019-04-25 23:16:39.216,12.0,sell,5093.54,BTC-27SEP19-3500-P,61.33,0.032,12.0,0,1556234199216,18282526,313
2019-04-26 02:39:56.851,0.2,sell,5270.54,BTC-27SEP19-3500-P,62.67,0.027999999999999997,0.2,2,1556246396851,18301126,314
2019-04-27 10:26:04.797,0.2,sell,5154.02,BTC-27SEP19-3500-P,62.06,0.0305,0.2,0,1556360764797,18362355,315
2019-04-28 19:31:23.266,0.1,buy,5114.29,BTC-27SEP19-3500-P,61.79,0.0315,0.1,0,1556479883266,18396829,316
2019-04-30 08:43:47.841,0.1,sell,5156.17,BTC-27SEP19-3500-P,62.17,0.0305,0.1,2,1556613827841,18452109,317
2019-04-30 08:56:30.528,0.5,sell,5159.37,BTC-27SEP19-3500-P,62.25,0.0305,0.5,3,1556614590528,18452250,318
2019-05-01 17:11:53.576,0.3,sell,5304.01,BTC-27SEP19-3500-P,63.32,0.027999999999999997,0.3,2,1556730713576,18510482,319
2019-05-01 17:13:45.095,0.2,sell,5331.29,BTC-27SEP19-3500-P,63.94,0.027999999999999997,0.2,3,1556730825095,18511015,320
2019-05-01 17:13:45.095,0.1,sell,5331.29,BTC-27SEP19-3500-P,62.73,0.0265,0.1,2,1556730825095,18511016,321
2019-05-03 09:57:16.944,1.0,sell,5792.33,BTC-27SEP19-3500-P,67.29,0.02,1.0,2,1556877436944,18653703,322
2019-05-03 20:21:09.866,1.0,sell,5705.66,BTC-27SEP19-3500-P,65.19,0.019,1.0,2,1556914869866,18706182,323
2019-05-04 01:46:22.658,5.0,sell,5780.65,BTC-27SEP19-3500-P,66.71,0.019,5.0,3,1556934382658,18732079,324
2019-05-04 17:45:27.960,1.0,sell,5586.32,BTC-27SEP19-3500-P,65.36,0.0215,1.0,0,1556991927960,18789474,325
2019-05-04 21:21:03.416,10.0,sell,5804.39,BTC-27SEP19-3500-P,65.58,0.0175,10.0,2,1557004863416,18809048,326
2019-05-04 21:21:14.662,4.0,sell,5819.73,BTC-27SEP19-3500-P,64.73,0.0165,4.0,3,1557004874662,18809316,328
2019-05-04 21:21:14.662,6.0,sell,5819.73,BTC-27SEP19-3500-P,64.73,0.0165,6.0,2,1557004874662,18809315,327
2019-05-07 08:23:27.643,1.0,sell,5868.84,BTC-27SEP19-3500-P,66.52,0.0165,1.0,3,1557217407643,19033594,329
2019-05-08 15:41:48.340,1.0,sell,5884.36,BTC-27SEP19-3500-P,66.61,0.017,1.0,0,1557330108340,19154750,330
2019-05-08 15:42:56.712,1.0,sell,5884.65,BTC-27SEP19-3500-P,66.64,0.017,1.0,1,1557330176712,19154770,331
2019-05-09 11:08:18.555,3.0,buy,6033.68,BTC-27SEP19-3500-P,65.49,0.013999999999999999,3.0,2,1557400098555,19234849,332
2019-05-09 19:16:23.677,6.0,sell,6061.71,BTC-27SEP19-3500-P,67.36,0.015,6.0,0,1557429383677,19259868,333
2019-05-09 19:16:44.723,5.0,sell,6060.64,BTC-27SEP19-3500-P,66.11,0.013999999999999999,5.0,2,1557429404723,19259881,334
2019-05-09 19:16:44.723,6.0,sell,6060.64,BTC-27SEP19-3500-P,66.11,0.013999999999999999,6.0,3,1557429404723,19259882,335
2019-05-10 03:13:38.310,37.0,sell,6280.36,BTC-27SEP19-3500-P,67.58,0.0125,37.0,2,1557458018310,19303160,336
2019-05-10 08:52:39.818,1.0,buy,6277.39,BTC-27SEP19-3500-P,72.06,0.016,1.0,0,1557478359818,19343551,337
2019-05-11 16:17:33.610,10.0,sell,6990.68,BTC-27SEP19-3500-P,85.51,0.0165,10.0,0,1557591453610,19597657,338
2019-05-11 16:40:43.896,2.0,buy,6969.43,BTC-27SEP19-3500-P,85.19,0.0165,2.0,1,1557592843896,19605977,339
2019-05-12 03:47:01.626,1.0,sell,7157.61,BTC-27SEP19-3500-P,83.76,0.0135,1.0,2,1557632821626,19800762,340
2019-05-12 03:47:40.765,1.0,sell,7152.11,BTC-27SEP19-3500-P,83.68,0.0135,1.0,3,1557632860765,19800968,341
2019-05-12 03:49:16.959,1.0,sell,7151.1,BTC-27SEP19-3500-P,83.65,0.0135,1.0,3,1557632956959,19801186,342
2019-05-12 06:39:28.623,0.7000000000000001,sell,7401.17,BTC-27SEP19-3500-P,92.07,0.017,0.7000000000000001,0,1557643168623,19824965,343
2019-05-12 07:11:35.600,5.0,sell,7488.47,BTC-27SEP19-3500-P,92.44,0.0165,5.0,2,1557645095600,19830977,344
2019-05-13 04:14:17.219,1.0,sell,7031.01,BTC-27SEP19-3500-P,81.6,0.013000000000000001,1.0,2,1557720857219,20128101,345
2019-05-13 15:11:47.427,2.0,sell,7759.95,BTC-27SEP19-3500-P,92.11,0.013000000000000001,2.0,3,1557760307427,20213844,346
2019-05-13 15:11:47.427,3.0,sell,7759.95,BTC-27SEP19-3500-P,92.11,0.013000000000000001,3.0,3,1557760307427,20213845,347
2019-05-13 15:42:18.225,6.0,buy,7719.42,BTC-27SEP19-3500-P,92.27,0.0135,6.0,0,1557762138225,20241806,348
2019-05-14 07:02:04.512,2.2,sell,8074.99,BTC-27SEP19-3500-P,95.33,0.012,2.2,2,1557817324512,20439120,349
2019-05-14 07:02:04.512,2.8000000000000003,sell,8074.99,BTC-27SEP19-3500-P,95.33,0.012,2.8000000000000003,3,1557817324512,20439121,350
2019-05-15 08:22:40.868,2.0,sell,7946.56,BTC-27SEP19-3500-P,92.77,0.0115,2.0,2,1557908560868,20682938,351
2019-05-15 08:26:02.392,4.0,sell,7938.9,BTC-27SEP19-3500-P,92.73,0.0115,4.0,3,1557908762392,20683194,352
2019-05-16 05:45:32.820,1.0,sell,7992.92,BTC-27SEP19-3500-P,92.16,0.0105,1.0,2,1557985532820,20871822,353
2019-05-17 04:29:39.661,2.0,buy,7363.31,BTC-27SEP19-3500-P,90.25,0.013999999999999999,2.0,0,1558067379661,21098489,354
2019-05-17 04:30:17.668,2.0,sell,7368.28,BTC-27SEP19-3500-P,89.48,0.0135,2.0,2,1558067417668,21098750,355
2019-05-17 06:35:10.983,5.0,sell,7193.23,BTC-27SEP19-3500-P,90.85,0.0155,5.0,0,1558074910983,21122605,356
2019-05-25 02:12:14.506,1.0,buy,8046.84,BTC-27SEP19-3500-P,99.56,0.012,1.0,2,1558750334506,22034184,357
2019-05-25 13:00:07.197,4.8,sell,8112.71,BTC-27SEP19-3500-P,86.75,0.006,4.8,2,1558789207197,22055229,358
2019-05-25 13:02:05.922,4.0,sell,8098.48,BTC-27SEP19-3500-P,86.62,0.006,4.0,3,1558789325922,22055367,359
2019-05-25 14:40:19.694,0.5,buy,8067.98,BTC-27SEP19-3500-P,93.86,0.009000000000000001,0.5,0,1558795219694,22059403,360
2019-05-25 14:42:23.167,0.3,buy,8065.94,BTC-27SEP19-3500-P,93.86,0.009000000000000001,0.3,1,1558795343167,22059463,361
2019-05-25 14:42:29.946,0.2,buy,8065.46,BTC-27SEP19-3500-P,93.85,0.009000000000000001,0.2,1,1558795349946,22059465,362
2019-05-26 13:11:50.993,1.0,buy,7937.64,BTC-27SEP19-3500-P,92.46,0.009000000000000001,1.0,1,1558876310993,22103062,363
2019-05-26 13:12:01.045,1.0,buy,7936.82,BTC-27SEP19-3500-P,93.56,0.0095,1.0,0,1558876321045,22103064,364
2019-05-26 14:20:25.496,0.5,buy,7989.18,BTC-27SEP19-3500-P,93.11,0.009000000000000001,0.5,2,1558880425496,22105489,365
2019-05-26 14:20:43.256,0.5,buy,7988.23,BTC-27SEP19-3500-P,93.11,0.009000000000000001,0.5,3,1558880443256,22105490,366
2019-05-26 14:24:12.993,0.8,buy,7987.63,BTC-27SEP19-3500-P,93.11,0.009000000000000001,0.8,3,1558880652993,22105556,367
2019-05-26 22:22:29.199,1.5,sell,8732.65,BTC-27SEP19-3500-P,97.31,0.0065,1.5,2,1558909349199,22218276,368
2019-05-31 12:09:53.003,1.0,sell,8251.13,BTC-27SEP19-3500-P,98.37,0.009000000000000001,1.0,0,1559304593003,22795854,369
2019-05-31 18:44:09.210,2.0,sell,8414.36,BTC-27SEP19-3500-P,94.09,0.0065,2.0,2,1559328249210,22831494,370
2019-06-02 01:05:41.958,1.0,buy,8578.84,BTC-27SEP19-3500-P,99.56,0.0075,1.0,0,1559437541958,22907671,371
2019-06-02 17:00:58.508,6.0,sell,8701.55,BTC-27SEP19-3500-P,93.47,0.005,6.0,2,1559494858508,22952851,372
2019-06-07 16:02:14.253,15.0,sell,7931.04,BTC-27SEP19-3500-P,83.69,0.0045,15.0,2,1559923334253,23593010,373
2019-06-08 14:46:06.396,5.0,buy,7921.16,BTC-27SEP19-3500-P,83.51,0.0045,5.0,3,1560005166396,23660565,374
2019-06-08 17:48:59.508,12.0,buy,7832.21,BTC-27SEP19-3500-P,87.14,0.006,12.0,0,1560016139508,23674821,375
2019-06-08 17:49:11.121,1.0,buy,7829.65,BTC-27SEP19-3500-P,87.1,0.006,1.0,1,1560016151121,23674828,376
2019-06-10 11:41:05.522,5.2,buy,7966.84,BTC-27SEP19-3500-P,86.38,0.005,5.2,2,1560166865522,23832048,377
2019-06-10 17:05:32.095,18.0,sell,7952.83,BTC-27SEP19-3500-P,86.58,0.005,18.0,3,1560186332095,23868373,378
2019-06-10 17:05:59.409,18.0,sell,7954.72,BTC-27SEP19-3500-P,84.9,0.0045,18.0,2,1560186359409,23868377,379
2019-06-13 15:27:43.745,5.0,sell,8196.01,BTC-27SEP19-3500-P,84.89,0.0035,5.0,2,1560439663745,24080318,380
2019-06-14 11:25:15.527,1.0,buy,8278.43,BTC-27SEP19-3500-P,86.2,0.0035,1.0,3,1560511515527,24127779,381
2019-06-14 12:58:17.162,3.0,sell,8358.8,BTC-27SEP19-3500-P,84.92,0.003,3.0,2,1560517097162,24134527,382
2019-06-15 13:48:45.881,0.1,sell,8650.19,BTC-27SEP19-3500-P,88.76,0.003,0.1,3,1560606525881,24212967,383
2019-06-16 06:09:05.381,1.0,sell,9240.62,BTC-27SEP19-3500-P,86.4,0.0015,1.0,2,1560665345381,24304168,384
2019-06-17 02:20:41.695,1.0,buy,9166.35,BTC-27SEP19-3500-P,95.78,0.003,1.0,0,1560738041695,24449803,385
