date_utc,amount,direction,indexPrice,instrument,iv,price,quantity,tickDirection,timeStamp,tradeId,tradeSeq
2019-02-14 07:08:13.851,1.0,buy,3571.23,BTC-27SEP19-3500-P,60.95,0.184,1.0,2,1550128093851,15355976,148
2019-02-14 11:40:05.395,2.0,buy,3555.4,BTC-27SEP19-3500-P,61.9,0.19,2.0,0,1550144405395,15365770,149
2019-02-16 09:35:43.584,5.0,buy,3586.13,BTC-27SEP19-3500-P,61.31,0.18,5.0,2,1550309743584,15411199,150
2019-02-16 13:39:15.873,6.0,sell,3598.02,BTC-27SEP19-3500-P,60.73,0.1755,6.0,2,1550324355873,15416081,151
2019-02-16 22:37:51.723,2.5,sell,3591.95,BTC-27SEP19-3500-P,60.43,0.17600000000000002,2.5,0,1550356671723,15423414,152
2019-02-16 22:37:51.723,6.0,sell,3591.95,BTC-27SEP19-3500-P,60.43,0.17600000000000002,6.0,1,1550356671723,15423415,153
2019-02-16 22:40:47.356,0.5,sell,3591.24,BTC-27SEP19-3500-P,60.18,0.175,0.5,2,1550356847356,15423467,154
2019-02-16 22:41:03.611,0.1,sell,3590.36,BTC-27SEP19-3500-P,60.44,0.17600000000000002,0.1,0,1550356863611,15423472,155
2019-02-16 22:41:16.526,0.1,sell,3591.72,BTC-27SEP19-3500-P,60.34,0.1755,0.1,2,1550356876526,15423479,156
2019-02-16 22:42:32.000,0.5,sell,3591.38,BTC-27SEP19-3500-P,60.34,0.1755,0.5,3,1550356952000,15423481,157
2019-02-17 11:12:28.817,2.5,sell,3591.7,BTC-27SEP19-3500-P,60.63,0.1765,2.5,0,1550401948817,15442737,158
2019-02-17 20:25:46.134,6.0,sell,3571.61,BTC-27SEP19-3500-P,60.12,0.1775,6.0,0,1550435146134,15452475,159
2019-02-18 14:59:44.711,3.2,buy,3796.53,BTC-27SEP19-3500-P,59.94,0.1435,3.2,2,1550501984711,15543845,160
2019-02-18 15:26:40.497,3.0,sell,3799.19,BTC-27SEP19-3500-P,59.74,0.1425,3.0,2,1550503600497,15545812,161
2019-02-18 15:37:09.060,3.2,buy,3794.34,BTC-27SEP19-3500-P,59.94,0.1435,3.2,0,1550504229060,15546484,162
2019-02-19 00:42:11.577,4.0,buy,3937.16,BTC-27SEP19-3500-P,59.9,0.12300000000000001,4.0,2,1550536931577,15593809,163
2019-02-20 16:32:32.326,12.0,buy,3923.89,BTC-27SEP19-3500-P,59.89,0.125,12.0,0,1550680352326,15705399,164
2019-02-20 19:58:16.139,12.0,sell,3924.0,BTC-27SEP19-3500-P,58.22,0.12,12.0,2,1550692696139,15709495,165
2019-02-20 20:14:58.010,5.0,buy,3927.06,BTC-27SEP19-3500-P,60.34,0.1255,5.0,0,1550693698010,15710481,166
2019-02-21 13:47:29.201,5.0,sell,3907.51,BTC-27SEP19-3500-P,59.2,0.1235,5.0,2,1550756849201,15744660,167
2019-02-23 17:45:04.468,0.5,sell,4041.03,BTC-27SEP19-3500-P,60.06,0.113,0.5,2,1550943904468,15824656,168
2019-02-24 12:36:33.412,12.0,buy,4115.0,BTC-27SEP19-3500-P,63.31,0.1115,12.0,2,1551011793412,15880275,169
2019-02-24 12:38:51.163,2.7,buy,4115.77,BTC-27SEP19-3500-P,63.7,0.1125,2.7,0,1551011931163,15880319,170
2019-02-24 16:47:57.126,1.0,buy,3761.1,BTC-27SEP19-3500-P,65.08,0.1625,1.0,0,1551026877126,15949135,171
2019-02-25 08:48:09.800,4.0,sell,3770.19,BTC-27SEP19-3500-P,59.75,0.1445,4.0,2,1551084489800,15980789,172
2019-02-27 13:18:41.353,3.3000000000000003,sell,3819.37,BTC-27SEP19-3500-P,58.93,0.1355,3.3000000000000003,2,1551273521353,16055651,173
2019-02-27 13:18:41.353,9.7,sell,3819.37,BTC-27SEP19-3500-P,58.93,0.1355,9.7,3,1551273521353,16055652,174
2019-02-28 06:54:54.852,0.5,sell,3804.76,BTC-27SEP19-3500-P,59.03,0.1365,0.5,0,1551336894852,16094923,175
2019-03-02 10:34:33.604,2.2,sell,3793.25,BTC-27SEP19-3500-P,57.27,0.1315,2.2,2,1551522873604,16173451,176
2019-03-02 10:54:53.471,1.0,sell,3800.52,BTC-27SEP19-3500-P,57.43,0.131,1.0,2,1551524093471,16173656,177
2019-03-03 10:03:59.758,3.3000000000000003,sell,3807.68,BTC-27SEP19-3500-P,57.63,0.131,3.3000000000000003,3,1551607439758,16187811,178
2019-03-04 02:55:15.194,5.0,buy,3793.17,BTC-27SEP19-3500-P,58.55,0.135,5.0,0,1551668115194,16203794,179
2019-03-06 12:58:15.194,5.0,sell,3848.98,BTC-27SEP19-3500-P,59.11,0.1265,5.0,2,1551877095194,16319390,180
2019-03-06 12:58:19.432,5.0,sell,3849.24,BTC-27SEP19-3500-P,58.93,0.126,5.0,2,1551877099432,16319392,181
2019-03-06 13:07:32.991,10.0,sell,3849.08,BTC-27SEP19-3500-P,58.91,0.126,10.0,3,1551877652991,16319539,182
2019-03-06 13:07:32.991,3.6,sell,3849.08,BTC-27SEP19-3500-P,58.91,0.126,3.6,3,1551877652991,16319540,183
2019-03-06 13:11:15.672,3.6,sell,3849.99,BTC-27SEP19-3500-P,58.96,0.126,3.6,3,1551877875672,16319598,184
2019-03-06 16:13:22.980,3.5,sell,3843.13,BTC-27SEP19-3500-P,58.9,0.1265,3.5,0,1551888802980,16324927,185
2019-03-06 19:41:26.804,3.5,sell,3844.67,BTC-27SEP19-3500-P,58.61,0.126,3.5,2,1551901286804,16327023,186
2019-03-06 19:41:26.804,5.0,sell,3844.67,BTC-27SEP19-3500-P,58.61,0.126,5.0,3,1551901286804,16327024,187
2019-03-06 19:41:53.527,2.0,sell,3844.49,BTC-27SEP19-3500-P,58.65,0.126,2.0,3,1551901313527,16327044,188
2019-03-06 20:18:17.208,1.0,buy,3844.98,BTC-27SEP19-3500-P,59.01,0.1265,1.0,0,1551903497208,16327320,189
2019-03-06 20:19:13.768,1.0,buy,3844.97,BTC-27SEP19-3500-P,59.01,0.1265,1.0,1,1551903553768,16327326,190
2019-03-07 18:44:40.236,0.1,sell,3864.77,BTC-27SEP19-3500-P,57.88,0.121,0.1,2,1551984280236,16361057,191
2019-03-09 22:22:27.163,0.1,buy,3889.64,BTC-27SEP19-3500-P,59.76,0.1235,0.1,0,1552170147163,16447775,192
2019-03-12 12:48:01.506,4.0,sell,3869.88,BTC-27SEP19-3500-P,58.57,0.121,4.0,2,1552394881506,16519297,193
2019-03-14 16:01:35.070,1.0,buy,3857.23,BTC-27SEP19-3500-P,59.84,0.1265,1.0,0,1552579295070,16571846,194
2019-03-15 02:23:23.096,10.0,sell,3863.04,BTC-27SEP19-3500-P,58.92,0.1225,10.0,2,1552616603096,16576948,195
2019-03-15 10:46:01.148,10.0,sell,3865.58,BTC-27SEP19-3500-P,58.13,0.12,10.0,2,1552646761148,16583356,196
2019-03-16 04:18:24.841,5.0,buy,4000.61,BTC-27SEP19-3500-P,59.88,0.1095,5.0,2,1552709904841,16619084,197
2019-03-16 08:19:24.334,10.0,sell,3996.38,BTC-27SEP19-3500-P,59.29,0.1085,10.0,2,1552724364334,16636046,198
2019-03-18 00:50:08.923,1.0,sell,3977.35,BTC-27SEP19-3500-P,57.44,0.105,1.0,2,1552870208923,16669741,199
2019-03-18 13:01:25.229,4.0,sell,3962.3,BTC-27SEP19-3500-P,57.43,0.106,4.0,0,1552914085229,16689414,200
2019-03-18 13:01:47.819,4.0,sell,3962.22,BTC-27SEP19-3500-P,57.43,0.106,4.0,1,1552914107819,16689415,201
2019-03-18 13:01:57.147,4.0,sell,3962.24,BTC-27SEP19-3500-P,57.43,0.106,4.0,1,1552914117147,16689416,202
2019-03-18 13:26:56.217,4.1,sell,3962.89,BTC-27SEP19-3500-P,57.46,0.106,4.1,1,1552915616217,16689680,203
2019-03-18 13:40:02.776,5.0,sell,3960.97,BTC-27SEP19-3500-P,57.21,0.1055,5.0,2,1552916402776,16689851,204
2019-03-18 14:21:15.950,4.0,sell,3957.41,BTC-27SEP19-3500-P,57.24,0.106,4.0,0,1552918875950,16690498,205
2019-03-18 14:21:49.239,4.0,sell,3957.44,BTC-27SEP19-3500-P,57.24,0.106,4.0,1,1552918909239,16690507,206
2019-03-18 14:26:18.839,4.0,sell,3960.16,BTC-27SEP19-3500-P,57.36,0.106,4.0,1,1552919178839,16690592,207
2019-03-18 19:58:58.877,4.0,sell,3960.96,BTC-27SEP19-3500-P,57.27,0.1055,4.0,2,1552939138877,16692973,208
2019-03-18 19:59:26.419,4.0,sell,3961.07,BTC-27SEP19-3500-P,57.28,0.1055,4.0,3,1552939166419,16692980,209
2019-03-18 19:59:40.404,4.0,sell,3961.16,BTC-27SEP19-3500-P,57.28,0.1055,4.0,3,1552939180404,16692981,210
2019-03-18 19:59:43.699,0.1,sell,3961.2,BTC-27SEP19-3500-P,57.28,0.1055,0.1,3,1552939183699,16692982,211
2019-03-18 22:28:08.309,2.1,sell,3974.75,BTC-27SEP19-3500-P,56.68,0.1025,2.1,2,1552948088309,16694234,212
2019-03-19 14:15:35.701,0.5,sell,3974.6,BTC-27SEP19-3500-P,56.76,0.102,0.5,2,1553004935701,16705259,213
2019-03-19 14:15:35.701,4.2,sell,3974.6,BTC-27SEP19-3500-P,56.76,0.102,4.2,3,1553004935701,16705260,214
2019-03-19 14:15:37.117,1.3,buy,3974.6,BTC-27SEP19-3500-P,56.76,0.102,1.3,3,1553004937117,16705262,215
2019-03-19 15:07:53.740,0.5,buy,3972.92,BTC-27SEP19-3500-P,57.89,0.1055,0.5,0,1553008073740,16707719,216
2019-03-21 18:44:23.920,1.0,buy,3962.75,BTC-27SEP19-3500-P,58.35,0.108,1.0,0,1553193863920,16770295,217
2019-03-22 08:49:00.176,0.5,sell,3977.32,BTC-27SEP19-3500-P,57.07,0.103,0.5,2,1553244540176,16776302,218
2019-03-23 05:01:48.807,3.0,sell,3984.85,BTC-27SEP19-3500-P,56.04,0.099,3.0,2,1553317308807,16787707,219
2019-03-23 05:13:36.584,3.0,sell,3988.72,BTC-27SEP19-3500-P,56.05,0.099,3.0,3,1553318016584,16787789,220
2019-03-25 05:35:29.448,2.0,sell,3972.64,BTC-27SEP19-3500-P,55.63,0.098,2.0,2,1553492129448,16808345,221
2019-03-25 18:00:26.504,2.0,buy,3943.55,BTC-27SEP19-3500-P,55.59,0.1015,2.0,0,1553536826504,16815899,222
2019-03-25 18:59:43.817,1.0,buy,3886.59,BTC-27SEP19-3500-P,56.55,0.11,1.0,0,1553540383817,16820235,223
2019-03-25 19:02:59.055,2.0,sell,3871.04,BTC-27SEP19-3500-P,56.74,0.11199999999999999,2.0,0,1553540579055,16822890,224
2019-03-25 19:04:36.792,2.0,buy,3859.43,BTC-27SEP19-3500-P,56.19,0.1115,2.0,2,1553540676792,16823419,225
2019-03-25 19:05:46.995,2.0,sell,3871.72,BTC-27SEP19-3500-P,56.74,0.1115,2.0,3,1553540746995,16823753,226
2019-03-25 20:23:17.754,2.0,buy,3880.68,BTC-27SEP19-3500-P,56.08,0.109,2.0,2,1553545397754,16826795,227
2019-03-25 22:08:09.978,1.0,sell,3889.67,BTC-27SEP19-3500-P,56.71,0.1095,1.0,0,1553551689978,16828476,228
2019-03-25 22:41:20.874,2.0,sell,3899.9,BTC-27SEP19-3500-P,57.06,0.109,2.0,2,1553553680874,16828976,229
2019-03-25 23:40:41.152,5.0,sell,3905.45,BTC-27SEP19-3500-P,55.46,0.105,5.0,2,1553557241152,16829916,230
2019-03-26 06:52:52.510,2.0,buy,3897.95,BTC-27SEP19-3500-P,55.48,0.1065,2.0,0,1553583172510,16833579,231
2019-03-26 14:36:47.445,0.1,buy,3901.77,BTC-27SEP19-3500-P,56.19,0.1105,0.1,0,1553611007445,16838038,232
2019-03-27 01:01:11.401,3.0,sell,3945.2,BTC-27SEP19-3500-P,55.83,0.10400000000000001,3.0,2,1553648471401,16845139,233
2019-03-27 01:24:04.445,3.0,sell,3959.46,BTC-27SEP19-3500-P,56.06,0.10300000000000001,3.0,2,1553649844445,16847747,234
2019-03-27 05:26:16.372,5.0,buy,3979.65,BTC-27SEP19-3500-P,56.54,0.102,5.0,2,1553664376372,16853183,235
2019-03-27 05:29:09.461,3.1,buy,3979.31,BTC-27SEP19-3500-P,56.79,0.1025,3.1,0,1553664549461,16853190,236
2019-03-27 05:34:18.513,2.1,sell,3979.66,BTC-27SEP19-3500-P,55.69,0.0995,2.1,2,1553664858513,16853236,237
2019-03-27 10:18:41.549,3.0,sell,4003.25,BTC-27SEP19-3500-P,56.24,0.099,3.0,2,1553681921549,16856862,238
2019-03-28 00:24:02.811,14.4,sell,4017.35,BTC-27SEP19-3500-P,56.44,0.09699999999999999,14.4,2,1553732642811,16879958,239
2019-03-28 00:25:31.080,10.6,buy,4017.28,BTC-27SEP19-3500-P,56.59,0.0975,10.6,0,1553732731080,16879973,240
2019-03-28 00:26:30.614,4.3,buy,4017.09,BTC-27SEP19-3500-P,56.8,0.098,4.3,0,1553732790614,16879987,241
2019-03-28 00:26:30.614,4.2,buy,4017.09,BTC-27SEP19-3500-P,56.8,0.098,4.2,1,1553732790614,16879988,242
2019-03-28 09:42:19.176,3.0,sell,4006.18,BTC-27SEP19-3500-P,54.91,0.094,3.0,2,1553766139176,16923316,243
2019-03-29 13:58:28.588,0.5,sell,4083.77,BTC-27SEP19-3500-P,54.46,0.084,0.5,3,1553867908588,16958442,245
2019-03-29 13:58:28.588,0.5,sell,4083.77,BTC-27SEP19-3500-P,54.46,0.084,0.5,2,1553867908588,16958441,244
2019-04-01 04:10:55.075,0.5,buy,4124.92,BTC-27SEP19-3500-P,56.56,0.0845,0.5,0,1554091855075,17000343,246
2019-04-01 04:10:55.075,1.5,buy,4124.92,BTC-27SEP19-3500-P,56.56,0.0845,1.5,1,1554091855075,17000345,248
2019-04-01 04:10:55.075,3.0,buy,4124.92,BTC-27SEP19-3500-P,56.56,0.0845,3.0,1,1554091855075,17000344,247
2019-04-01 04:11:22.963,5.0,sell,4124.99,BTC-27SEP19-3500-P,56.78,0.085,5.0,0,1554091882963,17000361,249
2019-04-01 04:11:32.793,5.0,buy,4124.9,BTC-27SEP19-3500-P,56.78,0.085,5.0,1,1554091892793,17000365,250
2019-04-02 07:07:07.190,1.0,buy,4705.49,BTC-27SEP19-3500-P,59.61,0.049,1.0,2,1554188827190,17090028,251
2019-04-03 01:13:00.057,1.0,buy,4932.59,BTC-27SEP19-3500-P,63.31,0.0465,1.0,2,1554253980057,17163934,252
2019-04-03 01:13:47.988,2.0,sell,4934.3,BTC-27SEP19-3500-P,58.61,0.0385,2.0,2,1554254027988,17164134,253
2019-04-04 02:17:45.232,4.1,buy,5025.27,BTC-27SEP19-3500-P,68.55,0.051,4.1,0,1554344265232,17286637,254
2019-04-05 18:24:00.524,5.0,buy,5045.82,BTC-27SEP19-3500-P,67.38,0.047,5.0,2,1554488640524,17378149,255
2019-04-06 17:15:54.336,0.6,sell,5145.12,BTC-27SEP19-3500-P,64.47,0.0375,0.6,2,1554570954336,17412151,256
2019-04-08 06:24:45.986,38.4,buy,5276.83,BTC-27SEP19-3500-P,68.63,0.0375,38.4,3,1554704685986,17514955,257
2019-04-09 12:19:44.849,12.0,sell,5209.4,BTC-27SEP19-3500-P,66.3,0.037000000000000005,12.0,2,1554812384849,17572555,258
2019-04-09 13:12:06.352,12.0,sell,5226.33,BTC-27SEP19-3500-P,66.05,0.036000000000000004,12.0,2,1554815526352,17573790,259
2019-04-09 16:30:32.346,0.1,sell,5221.31,BTC-27SEP19-3500-P,64.98,0.035,0.1,2,1554827432346,17578124,260
2019-04-09 17:35:26.291,1.0,sell,5221.11,BTC-27SEP19-3500-P,64.68,0.0345,1.0,2,1554831326291,17578562,261
2019-04-11 09:53:54.788,10.0,buy,5048.24,BTC-27SEP19-3500-P,63.58,0.039,10.0,0,1554976434788,17681841,262
2019-04-15 17:35:56.994,0.1,buy,5023.24,BTC-27SEP19-3500-P,63.39,0.0395,0.1,0,1555349756994,17827890,263
2019-04-17 07:26:04.112,6.0,buy,5216.32,BTC-27SEP19-3500-P,64.16,0.0325,6.0,2,1555485964112,17893368,264
