date_utc,amount,direction,indexPrice,instrument,iv,price,quantity,tickDirection,timeStamp,tradeId,tradeSeq
2019-06-07 10:41:06.418,1.0,sell,7992.46,BTC-21JUN19-7000-P,79.92,0.016,1.0,1,1559904066418,23583560,1
2019-06-07 15:12:13.252,1.0,sell,7947.21,BTC-21JUN19-7000-P,72.22,0.013000000000000001,1.0,2,1559920333252,23591602,2
2019-06-07 18:05:15.572,2.0,buy,8090.91,BTC-21JUN19-7000-P,75.76,0.0115,2.0,2,1559930715572,23605284,3
2019-06-07 18:05:15.572,3.0,buy,8090.91,BTC-21JUN19-7000-P,75.76,0.0115,3.0,3,1559930715572,23605285,4
2019-06-07 18:25:48.992,1.0,buy,8092.31,BTC-21JUN19-7000-P,75.87,0.0115,1.0,3,1559931948992,23605965,5
2019-06-07 18:39:56.195,0.2,sell,8129.6,BTC-21JUN19-7000-P,75.17,0.0105,0.2,2,1559932796195,23606960,6
2019-06-07 18:51:49.374,0.7000000000000001,sell,8090.61,BTC-21JUN19-7000-P,73.52,0.0105,0.7000000000000001,3,1559933509374,23607656,7
2019-06-07 21:05:55.676,1.0,buy,7890.5,BTC-21JUN19-7000-P,72.23,0.013999999999999999,1.0,0,1559941555676,23622142,8
2019-06-07 22:01:11.330,0.1,sell,7952.83,BTC-21JUN19-7000-P,70.02,0.0115,0.1,2,1559944871330,23625930,9
2019-06-08 10:37:03.565,0.9,sell,8009.8,BTC-21JUN19-7000-P,66.87,0.0085,0.9,2,1559990223565,23653487,11
2019-06-08 10:37:03.565,0.1,sell,8009.8,BTC-21JUN19-7000-P,71.75,0.0105,0.1,2,1559990223565,23653486,10
2019-06-08 16:38:20.167,1.0,buy,7869.12,BTC-21JUN19-7000-P,68.14,0.0115,1.0,0,1560011900167,23667701,12
2019-06-09 12:24:43.824,0.2,buy,7815.12,BTC-21JUN19-7000-P,69.95,0.0125,0.2,0,1560083083824,23704167,13
2019-06-09 12:24:43.923,0.2,buy,7815.12,BTC-21JUN19-7000-P,69.95,0.0125,0.2,1,1560083083923,23704170,14
2019-06-09 12:25:11.959,1.6,buy,7793.62,BTC-21JUN19-7000-P,68.83,0.0125,1.6,1,1560083111959,23704751,15
2019-06-09 13:10:47.175,1.0,sell,7788.55,BTC-21JUN19-7000-P,71.83,0.013999999999999999,1.0,0,1560085847175,23711401,16
2019-06-09 14:48:46.816,10.0,sell,7757.28,BTC-21JUN19-7000-P,67.22,0.0125,10.0,2,1560091726816,23719718,17
2019-06-09 16:06:07.810,1.0,buy,7673.83,BTC-21JUN19-7000-P,67.9,0.015,1.0,0,1560096367810,23724656,18
2019-06-09 16:50:30.267,2.0,buy,7633.49,BTC-21JUN19-7000-P,75.01,0.02,2.0,0,1560099030267,23731720,19
2019-06-10 06:04:35.758,0.4,sell,7665.53,BTC-21JUN19-7000-P,78.85,0.02,0.4,1,1560146675758,23801890,20
2019-06-10 07:40:25.254,0.1,sell,7746.32,BTC-21JUN19-7000-P,75.07,0.0155,0.1,2,1560152425254,23807061,21
2019-06-10 11:16:58.064,6.0,sell,7678.67,BTC-21JUN19-7000-P,70.64,0.015,6.0,2,1560165418064,23819247,22
2019-06-10 11:16:58.064,4.0,sell,7678.67,BTC-21JUN19-7000-P,70.64,0.015,4.0,3,1560165418064,23819248,23
2019-06-10 11:33:11.021,10.0,sell,7857.48,BTC-21JUN19-7000-P,76.4,0.013000000000000001,10.0,2,1560166391021,23826159,24
2019-06-10 11:34:13.765,0.4,sell,7939.37,BTC-21JUN19-7000-P,78.37,0.012,0.4,2,1560166453765,23827311,25
2019-06-10 11:34:17.451,3.6,sell,7944.48,BTC-21JUN19-7000-P,78.64,0.012,3.6,3,1560166457451,23827424,26
2019-06-10 11:34:22.444,0.4,sell,7960.84,BTC-21JUN19-7000-P,78.26,0.0115,0.4,2,1560166462444,23827627,27
2019-06-10 11:34:24.777,0.4,sell,7962.6,BTC-21JUN19-7000-P,78.35,0.0115,0.4,3,1560166464777,23827742,28
2019-06-10 11:34:25.274,0.4,sell,7962.6,BTC-21JUN19-7000-P,78.35,0.0115,0.4,3,1560166465274,23827758,29
2019-06-10 11:34:25.365,0.4,sell,7962.6,BTC-21JUN19-7000-P,78.35,0.0115,0.4,3,1560166465365,23827767,30
2019-06-10 11:34:34.224,8.4,sell,7975.01,BTC-21JUN19-7000-P,78.98,0.0115,8.4,3,1560166474224,23828124,31
2019-06-10 12:56:44.988,0.1,sell,7981.61,BTC-21JUN19-7000-P,75.73,0.01,0.1,2,1560171404988,23850128,32
2019-06-10 13:11:49.357,0.4,sell,7995.38,BTC-21JUN19-7000-P,73.79,0.009000000000000001,0.4,2,1560172309357,23851387,33
2019-06-10 13:11:54.466,0.4,buy,7997.98,BTC-21JUN19-7000-P,73.92,0.009000000000000001,0.4,3,1560172314466,23851390,34
2019-06-10 16:53:29.035,2.0,buy,7930.38,BTC-21JUN19-7000-P,71.15,0.009000000000000001,2.0,3,1560185609035,23867511,35
2019-06-10 19:44:33.395,4.0,sell,7994.24,BTC-21JUN19-7000-P,70.44,0.0075,4.0,2,1560195873395,23873784,36
2019-06-11 04:27:56.011,0.1,buy,7971.9,BTC-21JUN19-7000-P,76.27,0.0095,0.1,0,1560227276011,23893092,37
2019-06-11 10:12:11.548,1.0,buy,7814.73,BTC-21JUN19-7000-P,71.52,0.0105,1.0,0,1560247931548,23903020,38
2019-06-11 15:21:24.346,0.1,buy,7788.11,BTC-21JUN19-7000-P,69.58,0.01,0.1,2,1560266484346,23934281,39
2019-06-11 15:21:35.357,0.1,buy,7787.58,BTC-21JUN19-7000-P,70.8,0.0105,0.1,0,1560266495357,23934284,40
2019-06-12 03:46:25.076,0.2,buy,7974.54,BTC-21JUN19-7000-P,77.43,0.0085,0.2,2,1560311185076,23981664,41
2019-06-12 03:46:25.076,0.8,buy,7974.54,BTC-21JUN19-7000-P,78.9,0.009000000000000001,0.8,0,1560311185076,23981665,42
2019-06-12 10:42:20.717,0.2,sell,7997.83,BTC-21JUN19-7000-P,71.79,0.006,0.2,2,1560336140717,23997114,43
2019-06-12 10:42:20.717,0.8,sell,7997.83,BTC-21JUN19-7000-P,71.79,0.006,0.8,3,1560336140717,23997115,44
2019-06-12 12:22:17.746,0.1,sell,8022.54,BTC-21JUN19-7000-P,73.28,0.006,0.1,3,1560342137746,24002839,45
2019-06-12 14:09:06.683,9.9,sell,8007.97,BTC-21JUN19-7000-P,72.88,0.006,9.9,3,1560348546683,24006070,46
2019-06-12 14:47:29.724,0.1,buy,8031.26,BTC-21JUN19-7000-P,70.43,0.005,0.1,2,1560350849724,24010640,47
2019-06-12 14:55:56.265,0.1,buy,8020.02,BTC-21JUN19-7000-P,71.8,0.0055,0.1,0,1560351356265,24010973,48
2019-06-12 16:39:25.848,10.0,sell,8183.31,BTC-21JUN19-7000-P,75.76,0.0045,10.0,2,1560357565848,24030838,49
2019-06-12 23:27:42.894,0.1,buy,8134.55,BTC-21JUN19-7000-P,78.9,0.0055,0.1,0,1560382062894,24044519,50
2019-06-12 23:42:34.834,6.4,sell,8138.73,BTC-21JUN19-7000-P,75.02,0.0045,6.4,2,1560382954834,24044750,51
2019-06-13 00:03:00.599,0.2,buy,8161.48,BTC-21JUN19-7000-P,80.31,0.0055,0.2,0,1560384180599,24045766,52
2019-06-13 12:49:30.327,0.1,buy,8093.49,BTC-21JUN19-7000-P,77.56,0.005,0.1,2,1560430170327,24068499,53
2019-06-13 13:27:42.084,5.0,sell,8194.23,BTC-21JUN19-7000-P,78.04,0.004,5.0,2,1560432462084,24073328,54
2019-06-13 14:03:50.714,45.0,sell,8159.15,BTC-21JUN19-7000-P,76.52,0.004,45.0,3,1560434630714,24075464,55
2019-06-13 14:09:24.264,50.0,sell,8167.28,BTC-21JUN19-7000-P,76.92,0.004,50.0,3,1560434964264,24075567,56
2019-06-13 15:09:07.597,5.0,sell,8227.96,BTC-21JUN19-7000-P,77.43,0.0035,5.0,2,1560438547597,24078122,57
2019-06-13 18:49:58.178,5.0,sell,8237.11,BTC-21JUN19-7000-P,78.63,0.0035,5.0,3,1560451798178,24087660,58
2019-06-13 19:01:09.099,1.0,buy,8285.55,BTC-21JUN19-7000-P,80.88,0.0035,1.0,3,1560452469099,24090396,59
2019-06-14 00:01:10.177,0.1,buy,8252.52,BTC-21JUN19-7000-P,80.49,0.0035,0.1,3,1560470470177,24105959,60
2019-06-14 03:40:19.016,1.0,sell,8220.84,BTC-21JUN19-7000-P,73.96,0.0025,1.0,2,1560483619016,24113192,61
2019-06-14 08:01:25.409,0.2,sell,8264.92,BTC-21JUN19-7000-P,76.9,0.0025,0.2,3,1560499285409,24118593,62
2019-06-14 08:11:18.009,0.7000000000000001,sell,8255.56,BTC-21JUN19-7000-P,76.52,0.0025,0.7000000000000001,3,1560499878009,24119177,63
2019-06-14 08:16:57.035,0.1,sell,8261.67,BTC-21JUN19-7000-P,76.82,0.0025,0.1,3,1560500217035,24119494,64
2019-06-14 08:16:57.035,2.9,sell,8261.67,BTC-21JUN19-7000-P,76.82,0.0025,2.9,3,1560500217035,24119495,65
2019-06-14 08:18:38.036,30.0,sell,8261.31,BTC-21JUN19-7000-P,76.81,0.0025,30.0,3,1560500318036,24119535,66
2019-06-14 09:03:26.030,0.1,sell,8283.98,BTC-21JUN19-7000-P,70.35,0.0015,0.1,2,1560503006030,24122955,67
2019-06-14 10:42:30.152,10.0,buy,8296.47,BTC-21JUN19-7000-P,78.95,0.0025,10.0,0,1560508950152,24126276,68
2019-06-14 12:21:09.955,5.0,buy,8280.04,BTC-21JUN19-7000-P,75.01,0.002,5.0,2,1560514869955,24129983,69
2019-06-14 12:39:30.698,10.0,sell,8356.52,BTC-21JUN19-7000-P,74.15,0.0015,10.0,2,1560515970698,24133271,70
2019-06-14 13:49:28.661,0.4,buy,8440.05,BTC-21JUN19-7000-P,77.87,0.0015,0.4,3,1560520168661,24140586,71
2019-06-14 15:46:03.927,3.0,buy,8442.82,BTC-21JUN19-7000-P,78.46,0.0015,3.0,3,1560527163927,24148180,72
2019-06-14 17:00:52.407,0.7000000000000001,buy,8362.43,BTC-21JUN19-7000-P,75.41,0.0015,0.7000000000000001,3,1560531652407,24152076,73
2019-06-14 17:01:00.927,0.7000000000000001,buy,8358.33,BTC-21JUN19-7000-P,75.24,0.0015,0.7000000000000001,3,1560531660927,24152105,74
2019-06-14 17:01:01.227,0.7000000000000001,buy,8358.33,BTC-21JUN19-7000-P,75.24,0.0015,0.7000000000000001,3,1560531661227,24152124,75
2019-06-14 17:06:13.695,1.8,buy,8374.99,BTC-21JUN19-7000-P,75.96,0.0015,1.8,3,1560531973695,24152595,76
2019-06-14 17:06:13.695,10.0,buy,8374.99,BTC-21JUN19-7000-P,75.96,0.0015,10.0,3,1560531973695,24152596,77
2019-06-14 17:07:18.315,0.2,sell,8381.03,BTC-21JUN19-7000-P,76.22,0.0015,0.2,3,1560532038315,24152625,78
2019-06-14 20:22:30.179,0.8,sell,8420.92,BTC-21JUN19-7000-P,83.17,0.002,0.8,0,1560543750179,24158866,79
2019-06-14 22:55:35.660,1.0,buy,8668.72,BTC-21JUN19-7000-P,94.57,0.002,1.0,1,1560552935660,24181867,80
2019-06-15 00:22:59.306,0.1,buy,8660.43,BTC-21JUN19-7000-P,83.66,0.001,0.1,2,1560558179306,24188096,81
2019-06-15 01:31:22.097,2.0,buy,8651.75,BTC-21JUN19-7000-P,83.64,0.001,2.0,3,1560562282097,24190506,82
2019-06-15 03:02:03.927,0.4,sell,8664.26,BTC-21JUN19-7000-P,76.05,0.0005,0.4,2,1560567723927,24192972,83
2019-06-15 03:03:20.243,0.1,sell,8664.84,BTC-21JUN19-7000-P,76.07,0.0005,0.1,3,1560567800243,24192986,84
2019-06-15 03:03:34.483,0.1,sell,8665.34,BTC-21JUN19-7000-P,76.09,0.0005,0.1,3,1560567814483,24192989,85
2019-06-15 07:37:33.392,2.4,sell,8679.35,BTC-21JUN19-7000-P,77.8,0.0005,2.4,3,1560584253392,24204487,86
2019-06-15 07:37:33.392,2.6,sell,8679.35,BTC-21JUN19-7000-P,77.8,0.0005,2.6,3,1560584253392,24204488,87
2019-06-15 09:57:46.469,47.4,sell,8667.21,BTC-21JUN19-7000-P,77.99,0.0005,47.4,3,1560592666469,24207034,88
2019-06-15 09:57:46.469,70.0,sell,8667.21,BTC-21JUN19-7000-P,77.99,0.0005,70.0,3,1560592666469,24207035,89
2019-06-15 10:01:33.017,5.0,buy,8662.27,BTC-21JUN19-7000-P,86.53,0.001,5.0,0,1560592893017,24207146,90
2019-06-15 14:46:08.117,71.60000000000002,sell,8689.66,BTC-21JUN19-7000-P,80.18,0.0005,71.60000000000002,2,1560609968117,24214831,91
2019-06-16 08:35:05.251,10.0,sell,9354.19,BTC-21JUN19-7000-P,111.24,0.0005,10.0,3,1560674105251,24319854,92
2019-06-17 10:24:07.354,0.9,buy,9183.63,BTC-21JUN19-7000-P,131.24,0.001,0.9,0,1560767047354,24478006,93
2019-06-17 10:25:09.780,1.4000000000000001,sell,9182.4,BTC-21JUN19-7000-P,118.53,0.0005,1.4000000000000001,2,1560767109780,24478030,94
