date_utc,amount,direction,indexPrice,instrument,iv,price,quantity,tickDirection,timeStamp,tradeId,tradeSeq
2019-03-22 16:09:04.890,0.9,buy,3980.57,BTC-5APR19-3875-P,44.02,0.0225,0.9,1,1553270944890,16779845,1
2019-03-22 19:03:26.221,0.1,sell,3992.6,BTC-5APR19-3875-P,41.32,0.0195,0.1,2,1553281406221,16781011,2
2019-03-22 19:45:26.568,5.0,buy,3989.64,BTC-5APR19-3875-P,45.13,0.0225,5.0,0,1553283926568,16781188,3
2019-03-22 20:17:19.676,0.5,sell,3987.27,BTC-5APR19-3875-P,41.24,0.02,0.5,2,1553285839676,16781430,4
2019-03-23 03:14:01.852,4.5,buy,3994.12,BTC-5APR19-3875-P,45.51,0.0215,4.5,0,1553310841852,16786956,5
2019-03-23 05:04:59.403,0.1,buy,3988.43,BTC-5APR19-3875-P,47.65,0.0235,0.1,0,1553317499403,16787750,6
2019-03-23 15:33:01.690,1.0,sell,3971.21,BTC-5APR19-3875-P,44.81,0.0225,1.0,2,1553355181690,16794198,7
2019-03-23 18:47:06.833,2.0,sell,3971.77,BTC-5APR19-3875-P,42.47,0.0205,2.0,2,1553366826833,16795262,8
2019-03-23 18:47:55.509,3.8,sell,3971.27,BTC-5APR19-3875-P,42.46,0.0205,3.8,3,1553366875509,16795265,9
2019-03-24 11:09:38.888,0.1,sell,3977.22,BTC-5APR19-3875-P,40.04,0.018000000000000002,0.1,2,1553425778888,16800362,10
2019-03-24 11:52:56.098,1.0,sell,3971.58,BTC-5APR19-3875-P,39.88,0.018000000000000002,1.0,3,1553428376098,16800657,11
2019-03-24 15:13:59.322,1.0,sell,3971.08,BTC-5APR19-3875-P,41.0,0.019,1.0,0,1553440439322,16801403,12
2019-03-25 00:44:42.000,10.0,buy,3965.05,BTC-5APR19-3875-P,44.95,0.0215,10.0,0,1553474682000,16806800,13
2019-03-25 17:11:28.257,1.0,sell,3955.81,BTC-5APR19-3875-P,40.86,0.019,1.0,2,1553533888257,16814846,14
2019-03-25 17:44:49.885,7.3,buy,3947.25,BTC-5APR19-3875-P,43.34,0.0215,7.3,0,1553535889885,16815666,15
2019-03-25 17:44:59.926,2.7,sell,3947.55,BTC-5APR19-3875-P,43.38,0.0215,2.7,1,1553535899926,16815669,16
2019-03-25 17:45:35.191,6.0,sell,3948.15,BTC-5APR19-3875-P,42.59,0.021,6.0,2,1553535935191,16815678,17
2019-03-25 17:47:18.784,7.2,buy,3947.42,BTC-5APR19-3875-P,43.23,0.0215,7.2,0,1553536038784,16815701,18
2019-03-25 17:47:20.695,2.8000000000000003,sell,3948.46,BTC-5APR19-3875-P,43.4,0.0215,2.8000000000000003,1,1553536040695,16815702,19
2019-03-25 17:47:23.295,4.0,sell,3947.6,BTC-5APR19-3875-P,42.48,0.021,4.0,2,1553536043295,16815704,20
2019-03-25 17:54:33.569,1.0,sell,3949.54,BTC-5APR19-3875-P,42.58,0.021,1.0,3,1553536473569,16815761,21
2019-03-25 18:21:14.926,6.0,buy,3929.35,BTC-5APR19-3875-P,44.95,0.0245,6.0,0,1553538074926,16817199,22
2019-03-25 18:40:51.022,5.6000000000000005,sell,3911.8,BTC-5APR19-3875-P,43.15,0.025,5.6000000000000005,0,1553539251022,16818693,23
2019-03-25 18:45:49.725,10.0,buy,3917.15,BTC-5APR19-3875-P,45.82,0.026000000000000002,10.0,0,1553539549725,16818914,24
2019-03-25 19:00:08.284,2.0,buy,3893.88,BTC-5APR19-3875-P,46.11,0.0295,2.0,0,1553540408284,16820645,25
2019-03-25 19:08:16.540,1.0,sell,3877.59,BTC-5APR19-3875-P,44.4,0.03,1.0,0,1553540896540,16824212,26
2019-03-25 19:12:21.690,1.0,sell,3883.92,BTC-5APR19-3875-P,44.46,0.0295,1.0,2,1553541141690,16824632,27
2019-03-25 19:12:32.052,1.0,buy,3882.34,BTC-5APR19-3875-P,44.87,0.03,1.0,0,1553541152052,16824641,28
2019-03-25 19:15:07.914,1.0,sell,3896.56,BTC-5APR19-3875-P,43.91,0.0275,1.0,2,1553541307914,16824928,29
2019-03-25 19:15:52.090,0.5,sell,3896.62,BTC-5APR19-3875-P,44.57,0.027999999999999997,0.5,0,1553541352090,16824993,30
2019-03-25 19:20:32.174,5.0,buy,3891.54,BTC-5APR19-3875-P,45.55,0.0295,5.0,0,1553541632174,16825438,31
2019-03-25 20:04:03.966,8.3,buy,3896.57,BTC-5APR19-3875-P,46.77,0.0295,8.3,1,1553544243966,16826169,32
2019-03-25 20:20:00.596,1.0,buy,3883.31,BTC-5APR19-3875-P,47.39,0.0315,1.0,0,1553545200596,16826666,33
2019-03-25 20:56:53.418,1.0,buy,3885.22,BTC-5APR19-3875-P,47.48,0.0315,1.0,1,1553547413418,16827511,34
2019-03-25 20:57:02.729,2.0,buy,3885.22,BTC-5APR19-3875-P,47.48,0.0315,2.0,1,1553547422729,16827512,35
2019-03-25 21:00:14.334,2.0,buy,3888.5,BTC-5APR19-3875-P,47.88,0.031,2.0,2,1553547614334,16827591,36
2019-03-25 21:01:02.259,2.0,buy,3887.18,BTC-5APR19-3875-P,47.45,0.031,2.0,3,1553547662259,16827609,37
2019-03-25 21:29:36.307,1.0,sell,3886.82,BTC-5APR19-3875-P,45.09,0.0295,1.0,2,1553549376307,16828051,38
2019-03-25 21:59:10.245,1.0,sell,3885.07,BTC-5APR19-3875-P,44.66,0.0295,1.0,3,1553551150245,16828382,39
2019-03-25 22:24:09.675,0.5,sell,3894.48,BTC-5APR19-3875-P,44.49,0.027999999999999997,0.5,2,1553552649675,16828703,40
2019-03-25 22:37:30.794,0.1,sell,3895.59,BTC-5APR19-3875-P,44.63,0.027999999999999997,0.1,3,1553553450794,16828877,41
2019-03-25 22:41:37.922,0.5,sell,3899.9,BTC-5APR19-3875-P,44.96,0.0275,0.5,2,1553553697922,16828979,42
2019-03-25 22:41:46.565,0.5,sell,3899.9,BTC-5APR19-3875-P,44.94,0.0275,0.5,3,1553553706565,16828982,43
2019-03-25 22:45:00.121,0.4,sell,3900.67,BTC-5APR19-3875-P,44.82,0.0275,0.4,3,1553553900121,16829046,44
2019-03-25 22:55:55.322,5.2,sell,3904.11,BTC-5APR19-3875-P,43.91,0.0265,5.2,2,1553554555322,16829296,45
2019-03-26 00:28:26.309,6.6000000000000005,buy,3913.63,BTC-5APR19-3875-P,45.96,0.0265,6.6000000000000005,3,1553560106309,16830666,46
2019-03-26 00:29:26.780,3.4,sell,3913.27,BTC-5APR19-3875-P,46.01,0.0265,3.4,3,1553560166780,16830677,47
2019-03-26 01:41:46.800,8.0,buy,3910.69,BTC-5APR19-3875-P,46.86,0.0275,8.0,0,1553564506800,16831375,48
2019-03-26 01:41:46.800,8.0,buy,3910.69,BTC-5APR19-3875-P,46.86,0.0275,8.0,1,1553564506800,16831376,49
2019-03-26 01:41:57.864,4.0,sell,3910.3,BTC-5APR19-3875-P,46.8,0.0275,4.0,1,1553564517864,16831377,50
2019-03-26 02:50:09.638,1.0,sell,3916.86,BTC-5APR19-3875-P,44.98,0.0255,1.0,2,1553568609638,16831724,51
2019-03-26 03:37:29.291,2.0,sell,3918.71,BTC-5APR19-3875-P,44.14,0.025,2.0,2,1553571449291,16832083,52
2019-03-26 03:44:51.411,5.7,buy,3918.06,BTC-5APR19-3875-P,45.78,0.026000000000000002,5.7,0,1553571891411,16832161,53
2019-03-26 03:44:51.492,6.0,sell,3918.06,BTC-5APR19-3875-P,45.78,0.026000000000000002,6.0,1,1553571891492,16832162,54
2019-03-26 03:45:09.734,0.3,sell,3917.88,BTC-5APR19-3875-P,45.76,0.026000000000000002,0.3,1,1553571909734,16832167,55
2019-03-26 03:45:09.734,5.4,sell,3917.88,BTC-5APR19-3875-P,45.76,0.026000000000000002,5.4,1,1553571909734,16832168,56
2019-03-26 04:16:05.136,1.0,sell,3914.52,BTC-5APR19-3875-P,43.81,0.025,1.0,2,1553573765136,16832578,57
2019-03-26 06:09:27.118,1.0,sell,3910.01,BTC-5APR19-3875-P,43.56,0.0255,1.0,0,1553580567118,16833101,58
2019-03-26 07:19:16.922,1.0,buy,3899.01,BTC-5APR19-3875-P,47.45,0.028999999999999998,1.0,0,1553584756922,16834087,59
2019-03-26 09:55:19.729,8.0,buy,3903.49,BTC-5APR19-3875-P,47.75,0.0285,8.0,2,1553594119729,16835198,60
2019-03-26 09:55:19.729,7.0,buy,3903.49,BTC-5APR19-3875-P,47.75,0.0285,7.0,3,1553594119729,16835199,61
2019-03-26 14:30:12.612,6.0,sell,3898.43,BTC-5APR19-3875-P,45.55,0.0275,6.0,2,1553610612612,16837922,62
2019-03-26 14:31:23.043,1.0,sell,3898.8,BTC-5APR19-3875-P,44.75,0.027000000000000003,1.0,2,1553610683043,16837939,63
2019-03-26 14:59:01.236,5.3,buy,3908.45,BTC-5APR19-3875-P,46.4,0.027000000000000003,5.3,3,1553612341236,16838461,64
2019-03-26 14:59:04.740,2.7,sell,3908.45,BTC-5APR19-3875-P,46.4,0.027000000000000003,2.7,3,1553612344740,16838462,65
2019-03-26 14:59:15.014,2.6,buy,3908.45,BTC-5APR19-3875-P,46.39,0.027000000000000003,2.6,3,1553612355014,16838463,66
2019-03-26 14:59:32.651,5.3,sell,3908.45,BTC-5APR19-3875-P,46.37,0.027000000000000003,5.3,3,1553612372651,16838468,67
2019-03-26 14:59:39.795,0.1,sell,3908.56,BTC-5APR19-3875-P,46.39,0.027000000000000003,0.1,3,1553612379795,16838470,68
2019-03-26 14:59:53.129,5.3,sell,3908.71,BTC-5APR19-3875-P,46.43,0.027000000000000003,5.3,3,1553612393129,16838473,69
2019-03-26 15:00:02.111,2.7,sell,3908.71,BTC-5APR19-3875-P,46.56,0.027000000000000003,2.7,3,1553612402111,16838477,70
2019-03-26 15:24:02.999,1.0,sell,3910.93,BTC-5APR19-3875-P,44.46,0.0255,1.0,2,1553613842999,16838911,71
2019-03-26 15:27:13.251,6.0,sell,3910.5,BTC-5APR19-3875-P,45.23,0.026000000000000002,6.0,0,1553614033251,16838919,72
2019-03-26 15:32:49.136,5.4,buy,3910.45,BTC-5APR19-3875-P,46.09,0.0265,5.4,0,1553614369136,16838943,73
2019-03-26 15:32:50.698,5.4,sell,3910.45,BTC-5APR19-3875-P,46.09,0.0265,5.4,1,1553614370698,16838944,74
2019-03-26 18:55:24.343,6.0,sell,3917.87,BTC-5APR19-3875-P,45.16,0.0245,6.0,2,1553626524343,16840991,75
2019-03-26 19:00:38.021,0.3,sell,3919.45,BTC-5APR19-3875-P,44.57,0.024,0.3,2,1553626838021,16841077,76
2019-03-26 21:32:41.242,1.0,buy,3911.56,BTC-5APR19-3875-P,47.08,0.0265,1.0,0,1553635961242,16842114,77
2019-03-26 21:36:26.414,1.0,sell,3911.08,BTC-5APR19-3875-P,44.7,0.025,1.0,2,1553636186414,16842126,78
2019-03-27 00:29:42.887,1.0,sell,3917.45,BTC-5APR19-3875-P,44.78,0.024,1.0,2,1553646582887,16843391,79
2019-03-27 02:35:40.431,0.5,sell,3973.87,BTC-5APR19-3875-P,44.33,0.0175,0.5,2,1553654140431,16850870,80
2019-03-27 03:06:57.458,1.3,sell,3975.84,BTC-5APR19-3875-P,44.5,0.0175,1.3,3,1553656017458,16851238,82
2019-03-27 03:06:57.458,14.7,sell,3975.84,BTC-5APR19-3875-P,44.5,0.0175,14.7,3,1553656017458,16851237,81
2019-03-27 03:06:58.010,0.7000000000000001,sell,3975.84,BTC-5APR19-3875-P,44.5,0.0175,0.7000000000000001,3,1553656018010,16851239,83
2019-03-27 03:37:36.975,4.0,sell,3971.81,BTC-5APR19-3875-P,45.02,0.018000000000000002,4.0,0,1553657856975,16851822,84
2019-03-27 04:27:34.605,1.0,buy,3974.05,BTC-5APR19-3875-P,46.94,0.019,1.0,0,1553660854605,16852737,85
2019-03-27 05:22:12.406,4.3,sell,3979.45,BTC-5APR19-3875-P,45.16,0.0175,4.3,2,1553664132406,16853163,86
2019-03-27 05:22:12.406,1.7,sell,3979.45,BTC-5APR19-3875-P,45.16,0.0175,1.7,3,1553664132406,16853164,87
2019-03-27 05:23:07.966,6.0,sell,3979.38,BTC-5APR19-3875-P,45.16,0.0175,6.0,3,1553664187966,16853167,88
2019-03-27 05:23:12.030,0.8,sell,3979.35,BTC-5APR19-3875-P,45.15,0.0175,0.8,3,1553664192030,16853168,89
2019-03-27 05:23:12.030,5.2,sell,3979.35,BTC-5APR19-3875-P,45.15,0.0175,5.2,3,1553664192030,16853169,90
2019-03-27 05:33:32.370,1.0,buy,3979.66,BTC-5APR19-3875-P,47.0,0.0185,1.0,0,1553664812370,16853225,91
2019-03-27 05:38:29.267,6.0,sell,3980.0,BTC-5APR19-3875-P,44.56,0.017,6.0,2,1553665109267,16853288,92
2019-03-27 06:17:36.330,6.0,sell,3984.06,BTC-5APR19-3875-P,44.43,0.0165,6.0,2,1553667456330,16854328,93
2019-03-27 08:33:10.949,3.0,sell,3982.59,BTC-5APR19-3875-P,44.48,0.0165,3.0,3,1553675590949,16855043,94
2019-03-27 08:36:23.354,6.0,sell,3980.75,BTC-5APR19-3875-P,44.24,0.0165,6.0,3,1553675783354,16855082,95
2019-03-27 08:42:06.195,2.0,sell,3978.31,BTC-5APR19-3875-P,44.01,0.0165,2.0,3,1553676126195,16855147,96
2019-03-27 09:50:09.688,1.8,sell,3983.01,BTC-5APR19-3875-P,42.19,0.015,1.8,2,1553680209688,16856029,97
2019-03-27 10:26:18.376,1.1,sell,4016.88,BTC-5APR19-3875-P,42.26,0.0125,1.1,2,1553682378376,16858749,98
2019-03-27 11:07:28.228,1.0,sell,4016.17,BTC-5APR19-3875-P,43.31,0.013000000000000001,1.0,0,1553684848228,16860115,99
2019-03-27 11:14:17.039,3.0,sell,4011.25,BTC-5APR19-3875-P,42.73,0.013000000000000001,3.0,1,1553685257039,16860299,100
2019-03-27 11:47:05.648,10.0,sell,4020.49,BTC-5APR19-3875-P,44.16,0.013000000000000001,10.0,1,1553687225648,16860813,101
2019-03-27 12:06:08.141,2.0,sell,4022.42,BTC-5APR19-3875-P,42.68,0.012,2.0,2,1553688368141,16862335,102
