date_utc,amount,direction,indexPrice,instrument,iv,price,quantity,tickDirection,timeStamp,tradeId,tradeSeq
2019-04-02 09:42:56.329,0.2,buy,4793.69,BTC-12APR19-5000-P,59.3,0.065,0.2,1,1554198176329,17100628,1
2019-04-02 20:23:20.198,0.1,buy,4805.92,BTC-12APR19-5000-P,60.35,0.063,0.1,2,1554236600198,17131214,2
2019-04-03 01:57:41.286,1.0,sell,4983.71,BTC-12APR19-5000-P,73.68,0.0485,1.0,2,1554256661286,17166402,3
2019-04-03 02:19:01.273,18.0,buy,4989.77,BTC-12APR19-5000-P,85.81,0.0555,18.0,0,1554257941273,17168594,4
2019-04-03 03:25:41.419,1.0,sell,5046.46,BTC-12APR19-5000-P,88.92,0.0515,1.0,2,1554261941419,17177466,5
2019-04-03 04:01:11.180,1.0,sell,5042.24,BTC-12APR19-5000-P,78.8,0.0455,1.0,2,1554264071180,17179445,6
2019-04-03 05:27:00.906,0.1,sell,4967.58,BTC-12APR19-5000-P,77.82,0.0525,0.1,0,1554269220906,17188209,7
2019-04-03 11:01:31.650,0.3,buy,4953.56,BTC-12APR19-5000-P,72.29,0.05,0.3,2,1554289291650,17194100,8
2019-04-03 13:08:56.085,18.0,buy,5015.1,BTC-12APR19-5000-P,83.38,0.05,18.0,3,1554296936085,17199737,9
2019-04-03 14:45:18.816,2.0,sell,5025.58,BTC-12APR19-5000-P,78.91,0.046,2.0,2,1554302718816,17203933,10
2019-04-03 16:11:32.615,0.1,buy,5077.46,BTC-12APR19-5000-P,78.34,0.0405,0.1,2,1554307892615,17208826,11
2019-04-03 16:11:34.975,0.1,buy,5077.33,BTC-12APR19-5000-P,78.32,0.0405,0.1,3,1554307894975,17208852,12
2019-04-03 16:11:37.012,0.1,buy,5076.31,BTC-12APR19-5000-P,78.17,0.0405,0.1,3,1554307897012,17208875,13
2019-04-03 16:11:39.965,5.3,buy,5071.87,BTC-12APR19-5000-P,77.49,0.0405,5.3,3,1554307899965,17208889,14
2019-04-03 16:11:41.338,1.1,buy,5069.75,BTC-12APR19-5000-P,77.17,0.0405,1.1,3,1554307901338,17208909,15
2019-04-03 16:11:42.686,0.9,buy,5069.52,BTC-12APR19-5000-P,77.13,0.0405,0.9,3,1554307902686,17208934,16
2019-04-03 16:11:46.416,1.2,buy,5065.42,BTC-12APR19-5000-P,76.5,0.0405,1.2,3,1554307906416,17208946,17
2019-04-03 16:11:48.509,0.9,buy,5064.37,BTC-12APR19-5000-P,76.34,0.0405,0.9,3,1554307908509,17208964,18
2019-04-03 16:11:49.866,0.8,buy,5064.06,BTC-12APR19-5000-P,76.29,0.0405,0.8,3,1554307909866,17208990,19
2019-04-03 16:11:53.199,0.7000000000000001,buy,5053.02,BTC-12APR19-5000-P,74.57,0.0405,0.7000000000000001,3,1554307913199,17209056,20
2019-04-03 16:11:56.184,11.0,buy,5052.28,BTC-12APR19-5000-P,74.46,0.0405,11.0,3,1554307916184,17209082,21
2019-04-03 16:11:56.342,1.8,buy,5052.28,BTC-12APR19-5000-P,74.46,0.0405,1.8,3,1554307916342,17209083,22
2019-04-03 16:19:31.568,0.1,sell,5122.83,BTC-12APR19-5000-P,80.05,0.0375,0.1,2,1554308371568,17210842,23
2019-04-03 16:32:59.164,0.1,buy,5092.99,BTC-12APR19-5000-P,80.75,0.0405,0.1,0,1554309179164,17212691,24
2019-04-03 16:33:04.593,0.1,buy,5088.75,BTC-12APR19-5000-P,80.95,0.041,0.1,0,1554309184593,17212704,25
2019-04-03 18:45:59.915,0.1,sell,5176.72,BTC-12APR19-5000-P,89.81,0.0385,0.1,2,1554317159915,17223594,26
2019-04-03 21:55:00.406,1.0,buy,5256.52,BTC-12APR19-5000-P,89.5,0.032,1.0,2,1554328500406,17244026,27
2019-04-04 03:44:57.096,0.5,buy,4958.17,BTC-12APR19-5000-P,82.05,0.0535,0.5,0,1554349497096,17289924,28
2019-04-04 11:02:35.519,1.0,buy,4950.97,BTC-12APR19-5000-P,86.5,0.056,1.0,0,1554375755519,17301913,29
2019-04-04 15:14:30.020,0.5,buy,4986.29,BTC-12APR19-5000-P,76.07,0.0455,0.5,2,1554390870020,17311598,30
2019-04-04 19:12:48.459,0.2,sell,4862.0,BTC-12APR19-5000-P,71.92,0.0575,0.2,0,1554405168459,17326076,31
2019-04-04 19:13:08.381,0.2,sell,4862.94,BTC-12APR19-5000-P,73.04,0.057999999999999996,0.2,0,1554405188381,17326088,32
2019-04-04 21:29:27.687,0.4,buy,4912.76,BTC-12APR19-5000-P,79.36,0.055,0.4,2,1554413367687,17336924,33
2019-04-05 01:51:53.826,1.0,buy,4920.41,BTC-12APR19-5000-P,80.21,0.054000000000000006,1.0,2,1554429113826,17344688,34
2019-04-05 03:23:39.124,0.1,buy,4915.03,BTC-12APR19-5000-P,83.89,0.0565,0.1,0,1554434619124,17346234,35
2019-04-05 03:49:28.832,0.1,buy,4894.61,BTC-12APR19-5000-P,83.1,0.0585,0.1,0,1554436168832,17346739,36
2019-04-05 04:24:04.673,18.0,buy,4939.04,BTC-12APR19-5000-P,83.83,0.0535,18.0,2,1554438244673,17347935,37
2019-04-05 05:04:34.452,0.2,sell,4950.89,BTC-12APR19-5000-P,78.36,0.049,0.2,2,1554440674452,17349032,38
2019-04-05 05:23:53.731,0.2,sell,4976.42,BTC-12APR19-5000-P,79.05,0.0465,0.2,2,1554441833731,17350239,39
2019-04-05 07:28:49.896,0.1,sell,4944.68,BTC-12APR19-5000-P,81.25,0.051,0.1,0,1554449329896,17353036,40
2019-04-05 08:01:37.579,0.1,sell,4941.94,BTC-12APR19-5000-P,78.09,0.0495,0.1,2,1554451297579,17354670,41
2019-04-05 08:02:13.465,20.0,sell,4945.06,BTC-12APR19-5000-P,81.46,0.051,20.0,0,1554451333465,17354737,42
2019-04-05 08:21:36.068,1.0,buy,4962.36,BTC-12APR19-5000-P,78.75,0.0475,1.0,2,1554452496068,17355572,43
2019-04-05 09:26:46.201,5.0,buy,4950.72,BTC-12APR19-5000-P,77.53,0.048,5.0,0,1554456406201,17356712,44
2019-04-05 11:05:43.602,15.0,sell,4965.22,BTC-12APR19-5000-P,76.33,0.0455,15.0,2,1554462343602,17358430,45
2019-04-05 11:14:29.988,0.6,sell,4967.58,BTC-12APR19-5000-P,74.09,0.044,0.6,2,1554462869988,17358513,46
2019-04-05 11:16:24.477,0.4,sell,4970.99,BTC-12APR19-5000-P,74.79,0.044000000000000004,0.4,3,1554462984477,17358533,47
2019-04-05 11:26:17.824,0.1,sell,4986.76,BTC-12APR19-5000-P,74.29,0.042,0.1,2,1554463577824,17358757,48
2019-04-05 12:31:20.011,0.1,sell,5025.03,BTC-12APR19-5000-P,80.88,0.0415,0.1,2,1554467480011,17361732,49
2019-04-05 12:59:56.156,0.1,sell,5027.67,BTC-12APR19-5000-P,75.02,0.038,0.1,2,1554469196156,17363370,50
2019-04-05 13:14:51.657,0.1,buy,5028.48,BTC-12APR19-5000-P,80.77,0.040999999999999995,0.1,0,1554470091657,17363647,51
2019-04-05 13:28:19.745,0.1,sell,5045.87,BTC-12APR19-5000-P,77.47,0.0375,0.1,2,1554470899745,17364460,53
2019-04-05 13:28:19.745,0.9,sell,5045.87,BTC-12APR19-5000-P,78.4,0.038,0.9,2,1554470899745,17364459,52
2019-04-05 15:06:32.056,1.0,sell,4993.83,BTC-12APR19-5000-P,75.59,0.0415,1.0,0,1554476792056,17369412,54
2019-04-05 15:17:55.413,2.0,sell,4986.29,BTC-12APR19-5000-P,75.09,0.042,2.0,0,1554477475413,17369816,55
2019-04-05 16:32:04.365,1.0,sell,5012.15,BTC-12APR19-5000-P,76.67,0.04,1.0,2,1554481924365,17372818,56
2019-04-05 16:45:45.341,1.0,sell,5024.26,BTC-12APR19-5000-P,73.4,0.037000000000000005,1.0,2,1554482745341,17373556,57
2019-04-05 16:46:22.616,0.1,buy,5022.43,BTC-12APR19-5000-P,79.6,0.0405,0.1,0,1554482782616,17373572,58
2019-04-05 17:17:32.215,0.1,buy,5017.51,BTC-12APR19-5000-P,79.74,0.040999999999999995,0.1,0,1554484652215,17374866,59
2019-04-05 18:49:31.735,0.1,sell,5019.29,BTC-12APR19-5000-P,72.95,0.037000000000000005,0.1,2,1554490171735,17379355,60
2019-04-05 18:49:43.824,0.2,sell,5019.72,BTC-12APR19-5000-P,73.03,0.037000000000000005,0.2,3,1554490183824,17379365,61
2019-04-05 18:49:54.162,0.1,sell,5018.99,BTC-12APR19-5000-P,72.89,0.037000000000000005,0.1,3,1554490194162,17379370,62
2019-04-05 20:55:42.888,1.0,sell,4991.78,BTC-12APR19-5000-P,70.94,0.0385,1.0,0,1554497742888,17383123,63
2019-04-05 21:35:09.070,3.6,buy,5013.39,BTC-12APR19-5000-P,77.21,0.0395,3.6,0,1554500109070,17384014,64
2019-04-05 22:16:55.883,0.1,buy,5014.91,BTC-12APR19-5000-P,78.62,0.04,0.1,0,1554502615883,17384475,65
2019-04-05 22:21:21.311,0.4,sell,5020.31,BTC-12APR19-5000-P,78.72,0.0395,0.4,2,1554502881311,17384526,66
2019-04-06 00:48:21.079,1.0,sell,5014.54,BTC-12APR19-5000-P,72.5,0.0365,1.0,2,1554511701079,17386943,67
2019-04-06 03:52:32.795,0.5,sell,5008.79,BTC-12APR19-5000-P,72.13,0.0365,0.5,3,1554522752795,17388993,68
2019-04-06 07:41:12.516,0.1,buy,5005.72,BTC-12APR19-5000-P,80.29,0.0405,0.1,0,1554536472516,17390406,69
2019-04-06 13:38:34.766,4.1,buy,5022.17,BTC-12APR19-5000-P,70.31,0.033,4.1,2,1554557914766,17394736,70
2019-04-06 14:28:42.343,4.1,buy,5009.09,BTC-12APR19-5000-P,74.92,0.0365,4.1,0,1554560922343,17395317,71
2019-04-06 14:28:50.151,3.9,buy,5009.05,BTC-12APR19-5000-P,75.91,0.037000000000000005,3.9,0,1554560930151,17395318,72
2019-04-06 14:32:16.396,1.0,sell,5008.84,BTC-12APR19-5000-P,72.88,0.0355,1.0,2,1554561136396,17395350,73
2019-04-06 15:29:56.774,0.3,buy,5048.79,BTC-12APR19-5000-P,79.01,0.0345,0.3,2,1554564596774,17399501,74
2019-04-06 18:14:53.929,0.1,sell,5158.97,BTC-12APR19-5000-P,72.73,0.022000000000000002,0.1,2,1554574493929,17416791,75
2019-04-06 18:21:59.762,0.5,buy,5156.03,BTC-12APR19-5000-P,78.84,0.025,0.5,0,1554574919762,17417047,76
2019-04-06 19:01:13.696,0.1,buy,5159.67,BTC-12APR19-5000-P,76.34,0.0235,0.1,2,1554577273696,17418685,77
2019-04-06 23:30:49.527,1.0,sell,5037.56,BTC-12APR19-5000-P,72.95,0.0315,1.0,0,1554593449527,17445589,78
2019-04-07 02:48:01.200,4.0,sell,5086.79,BTC-12APR19-5000-P,71.61,0.026000000000000002,4.0,2,1554605281200,17449697,79
2019-04-07 02:50:02.909,1.0,sell,5084.98,BTC-12APR19-5000-P,72.36,0.0265,1.0,0,1554605402909,17449708,80
2019-04-07 04:52:17.732,0.1,buy,5134.52,BTC-12APR19-5000-P,74.0,0.023,0.1,2,1554612737732,17455939,81
2019-04-07 05:55:53.190,0.1,buy,5107.16,BTC-12APR19-5000-P,74.02,0.025,0.1,0,1554616553190,17457052,82
2019-04-07 05:56:08.513,0.1,buy,5090.25,BTC-12APR19-5000-P,70.96,0.025,0.1,1,1554616568513,17457197,83
2019-04-07 05:59:11.720,0.1,buy,5098.91,BTC-12APR19-5000-P,72.55,0.025,0.1,1,1554616751720,17457465,84
2019-04-07 05:59:11.951,0.1,buy,5098.91,BTC-12APR19-5000-P,72.55,0.025,0.1,1,1554616751951,17457467,85
2019-04-07 06:01:38.346,0.1,buy,5093.74,BTC-12APR19-5000-P,71.63,0.025,0.1,1,1554616898346,17457523,86
2019-04-07 06:01:51.770,0.1,buy,5090.99,BTC-12APR19-5000-P,71.13,0.025,0.1,1,1554616911770,17457592,87
2019-04-07 06:01:52.832,0.4,buy,5089.4,BTC-12APR19-5000-P,70.84,0.025,0.4,1,1554616912832,17457595,88
2019-04-07 15:29:56.819,0.3,buy,5117.31,BTC-12APR19-5000-P,77.82,0.0245,0.3,2,1554650996819,17469323,89
2019-04-07 15:29:56.819,0.1,buy,5117.31,BTC-12APR19-5000-P,77.82,0.0245,0.1,3,1554650996819,17469324,90
2019-04-07 16:27:35.572,0.1,buy,5071.27,BTC-12APR19-5000-P,79.64,0.028999999999999998,0.1,0,1554654455572,17473236,91
2019-04-07 16:29:22.965,0.4,buy,5082.51,BTC-12APR19-5000-P,79.61,0.027999999999999997,0.4,2,1554654562965,17473329,92
2019-04-07 16:38:27.258,0.1,sell,5100.21,BTC-12APR19-5000-P,75.03,0.0245,0.1,2,1554655107258,17473694,93
2019-04-07 22:46:35.467,0.3,sell,5234.81,BTC-12APR19-5000-P,76.41,0.015,0.3,2,1554677195467,17486202,94
2019-04-07 22:48:10.733,0.2,buy,5249.07,BTC-12APR19-5000-P,77.19,0.0145,0.2,2,1554677290733,17487229,95
2019-04-07 22:52:59.976,2.0,sell,5180.14,BTC-12APR19-5000-P,84.49,0.0215,2.0,0,1554677579976,17490091,96
2019-04-07 23:13:22.602,0.1,buy,5196.76,BTC-12APR19-5000-P,75.91,0.017,0.1,2,1554678802602,17493049,97
2019-04-07 23:15:50.094,0.9,sell,5201.63,BTC-12APR19-5000-P,75.41,0.0165,0.9,2,1554678950094,17493318,98
2019-04-08 01:24:16.557,0.1,sell,5278.18,BTC-12APR19-5000-P,82.51,0.0145,0.1,2,1554686656557,17502926,99
2019-04-08 03:48:59.796,1.0,buy,5244.32,BTC-12APR19-5000-P,76.95,0.013999999999999999,1.0,2,1554695339796,17510767,100
2019-04-08 04:12:50.594,2.0,buy,5281.7,BTC-12APR19-5000-P,85.64,0.015,2.0,0,1554696770594,17512185,101
2019-04-08 05:15:26.733,0.4,buy,5296.13,BTC-12APR19-5000-P,82.3,0.013,0.4,2,1554700526733,17513753,102
2019-04-08 05:17:28.021,0.1,buy,5292.26,BTC-12APR19-5000-P,81.75,0.013,0.1,3,1554700648021,17513776,103
2019-04-08 06:18:06.806,1.0,buy,5283.81,BTC-12APR19-5000-P,85.4,0.0145,1.0,0,1554704286806,17514881,104
2019-04-08 08:23:14.763,1.0,buy,5217.94,BTC-12APR19-5000-P,80.24,0.016,1.0,0,1554711794763,17519671,105
2019-04-08 13:15:15.266,0.1,buy,5208.96,BTC-12APR19-5000-P,82.27,0.0165,0.1,0,1554729315266,17531130,106
2019-04-08 14:03:43.769,0.5,buy,5195.39,BTC-12APR19-5000-P,83.1,0.0175,0.5,0,1554732223769,17532133,107
2019-04-08 16:32:30.706,3.3000000000000003,sell,5222.66,BTC-12APR19-5000-P,75.78,0.013,3.3000000000000003,2,1554741150706,17535989,108
2019-04-08 16:34:09.769,1.7,buy,5216.44,BTC-12APR19-5000-P,74.77,0.013,1.7,3,1554741249769,17536027,109
2019-04-08 16:34:09.769,5.0,buy,5216.44,BTC-12APR19-5000-P,76.27,0.0135,5.0,0,1554741249769,17536028,110
2019-04-08 16:35:26.088,5.0,buy,5207.03,BTC-12APR19-5000-P,76.19,0.014,5.0,0,1554741326088,17536140,111
2019-04-08 20:48:33.113,0.4,sell,5260.69,BTC-12APR19-5000-P,82.38,0.0125,0.4,2,1554756513113,17542252,112
2019-04-08 20:48:35.707,0.4,sell,5260.06,BTC-12APR19-5000-P,82.28,0.0125,0.4,3,1554756515707,17542261,113
2019-04-08 20:48:35.887,0.2,sell,5260.06,BTC-12APR19-5000-P,82.28,0.0125,0.2,3,1554756515887,17542265,114
2019-04-08 21:33:36.944,0.5,sell,5266.37,BTC-12APR19-5000-P,82.04,0.012,0.5,2,1554759216944,17544197,115
2019-04-08 22:38:27.193,0.1,sell,5305.7,BTC-12APR19-5000-P,81.85,0.01,0.1,2,1554763107193,17546879,116
2019-04-08 22:38:27.193,0.1,sell,5305.7,BTC-12APR19-5000-P,81.85,0.01,0.1,3,1554763107193,17546880,117
2019-04-09 00:38:04.445,1.0,buy,5274.78,BTC-12APR19-5000-P,81.58,0.011,1.0,0,1554770284445,17551511,118
2019-04-09 02:10:56.880,0.2,sell,5278.42,BTC-12APR19-5000-P,77.67,0.0095,0.2,2,1554775856880,17554248,119
2019-04-09 03:36:56.685,0.8,buy,5239.76,BTC-12APR19-5000-P,79.08,0.0115,0.8,0,1554781016685,17556251,120
2019-04-09 05:51:36.377,0.3,sell,5202.13,BTC-12APR19-5000-P,75.37,0.012,0.3,0,1554789096377,17561898,121
2019-04-09 08:24:53.849,1.0,buy,5181.86,BTC-12APR19-5000-P,76.22,0.013000000000000001,1.0,0,1554798293849,17564766,122
2019-04-09 10:12:42.493,15.0,buy,5160.59,BTC-12APR19-5000-P,81.01,0.0155,15.0,0,1554804762493,17568643,123
2019-04-09 12:36:33.388,0.8,sell,5207.08,BTC-12APR19-5000-P,71.17,0.0095,0.8,2,1554813393388,17572955,124
2019-04-09 13:03:37.250,3.7,buy,5190.68,BTC-12APR19-5000-P,70.23,0.01,3.7,0,1554815017250,17573276,125
2019-04-09 15:41:28.896,0.2,sell,5209.83,BTC-12APR19-5000-P,69.61,0.0085,0.2,2,1554824488896,17577655,126
2019-04-09 16:03:03.925,5.0,sell,5215.97,BTC-12APR19-5000-P,72.8,0.009000000000000001,5.0,0,1554825783925,17577790,127
2019-04-09 16:50:16.009,0.7000000000000001,sell,5228.67,BTC-12APR19-5000-P,73.59,0.0085,0.7000000000000001,2,1554828616009,17578306,128
2019-04-09 17:48:11.383,1.1,buy,5218.0,BTC-12APR19-5000-P,74.19,0.009000000000000001,1.1,0,1554832091383,17578961,129
2019-04-09 18:13:07.248,1.0,buy,5211.39,BTC-12APR19-5000-P,73.23,0.009000000000000001,1.0,1,1554833587248,17579740,130
2019-04-09 19:29:38.875,0.5,buy,5211.38,BTC-12APR19-5000-P,70.09,0.008,0.5,2,1554838178875,17580424,131
2019-04-09 20:05:23.427,0.5,sell,5215.96,BTC-12APR19-5000-P,58.56,0.005,0.5,2,1554840323427,17580661,132
2019-04-09 20:38:42.476,1.3,sell,5231.51,BTC-12APR19-5000-P,65.92,0.006,1.3,0,1554842322476,17581616,133
2019-04-09 20:48:35.066,1.0,buy,5234.17,BTC-12APR19-5000-P,64.22,0.0055,1.0,2,1554842915066,17581757,134
2019-04-09 20:48:45.605,1.0,buy,5234.17,BTC-12APR19-5000-P,64.22,0.0055,1.0,3,1554842925605,17581758,135
2019-04-09 20:48:56.318,1.0,buy,5234.17,BTC-12APR19-5000-P,64.22,0.0055,1.0,3,1554842936318,17581759,136
2019-04-09 20:49:04.878,1.0,buy,5234.17,BTC-12APR19-5000-P,64.22,0.0055,1.0,3,1554842944878,17581760,137
2019-04-09 20:49:12.308,1.0,buy,5234.17,BTC-12APR19-5000-P,64.22,0.0055,1.0,3,1554842952308,17581761,138
2019-04-09 23:58:30.764,2.0,buy,5192.76,BTC-12APR19-5000-P,65.2,0.006999999999999999,2.0,0,1554854310764,17587021,139
2019-04-10 00:27:58.846,0.5,sell,5202.36,BTC-12APR19-5000-P,60.76,0.0055,0.5,2,1554856078846,17588397,140
2019-04-10 01:27:42.118,10.5,sell,5231.64,BTC-12APR19-5000-P,66.46,0.0055,10.5,3,1554859662118,17589260,141
2019-04-10 03:12:42.926,1.0,buy,5233.58,BTC-12APR19-5000-P,65.46,0.005,1.0,2,1554865962926,17591047,142
2019-04-10 03:24:26.174,2.0,sell,5234.3,BTC-12APR19-5000-P,63.18,0.0045,2.0,2,1554866666174,17591060,143
2019-04-10 03:24:26.174,3.0,sell,5234.3,BTC-12APR19-5000-P,63.18,0.0045,3.0,3,1554866666174,17591061,144
2019-04-10 06:56:02.971,1.0,buy,5263.2,BTC-12APR19-5000-P,70.42,0.0045,1.0,3,1554879362971,17594114,145
2019-04-10 07:37:16.950,0.3,sell,5259.09,BTC-12APR19-5000-P,67.39,0.004,0.3,2,1554881836950,17594699,146
2019-04-10 08:15:56.009,0.8,sell,5254.21,BTC-12APR19-5000-P,64.07,0.0035,0.8,2,1554884156009,17595272,147
2019-04-10 08:45:32.160,1.2,sell,5241.43,BTC-12APR19-5000-P,62.24,0.0035,1.2,3,1554885932160,17595651,148
2019-04-10 11:29:28.180,0.9,buy,5247.43,BTC-12APR19-5000-P,65.17,0.0035,0.9,3,1554895768180,17597386,149
