date_utc,amount,direction,indexPrice,instrument,iv,price,quantity,tickDirection,timeStamp,tradeId,tradeSeq
2019-04-02 09:42:56.329,0.2,buy,4793.69,BTC-12APR19-5000-P,59.3,0.065,0.2,1,1554198176329,17100628,1
2019-04-02 20:23:20.198,0.1,buy,4805.92,BTC-12APR19-5000-P,60.35,0.063,0.1,2,1554236600198,17131214,2
2019-04-03 01:57:41.286,1.0,sell,4983.71,BTC-12APR19-5000-P,73.68,0.0485,1.0,2,1554256661286,17166402,3
2019-04-03 02:19:01.273,18.0,buy,4989.77,BTC-12APR19-5000-P,85.81,0.0555,18.0,0,1554257941273,17168594,4
2019-04-03 03:25:41.419,1.0,sell,5046.46,BTC-12APR19-5000-P,88.92,0.0515,1.0,2,1554261941419,17177466,5
2019-04-03 04:01:11.180,1.0,sell,5042.24,BTC-12APR19-5000-P,78.8,0.0455,1.0,2,1554264071180,17179445,6
2019-04-03 05:27:00.906,0.1,sell,4967.58,BTC-12APR19-5000-P,77.82,0.0525,0.1,0,1554269220906,17188209,7
2019-04-03 11:01:31.650,0.3,buy,4953.56,BTC-12APR19-5000-P,72.29,0.05,0.3,2,1554289291650,17194100,8
2019-04-03 13:08:56.085,18.0,buy,5015.1,BTC-12APR19-5000-P,83.38,0.05,18.0,3,1554296936085,17199737,9
2019-04-03 14:45:18.816,2.0,sell,5025.58,BTC-12APR19-5000-P,78.91,0.046,2.0,2,1554302718816,17203933,10
2019-04-03 16:11:32.615,0.1,buy,5077.46,BTC-12APR19-5000-P,78.34,0.0405,0.1,2,1554307892615,17208826,11
2019-04-03 16:11:34.975,0.1,buy,5077.33,BTC-12APR19-5000-P,78.32,0.0405,0.1,3,1554307894975,17208852,12
2019-04-03 16:11:37.012,0.1,buy,5076.31,BTC-12APR19-5000-P,78.17,0.0405,0.1,3,1554307897012,17208875,13
2019-04-03 16:11:39.965,5.3,buy,5071.87,BTC-12APR19-5000-P,77.49,0.0405,5.3,3,1554307899965,17208889,14
2019-04-03 16:11:41.338,1.1,buy,5069.75,BTC-12APR19-5000-P,77.17,0.0405,1.1,3,1554307901338,17208909,15
2019-04-03 16:11:42.686,0.9,buy,5069.52,BTC-12APR19-5000-P,77.13,0.0405,0.9,3,1554307902686,17208934,16
2019-04-03 16:11:46.416,1.2,buy,5065.42,BTC-12APR19-5000-P,76.5,0.0405,1.2,3,1554307906416,17208946,17
2019-04-03 16:11:48.509,0.9,buy,5064.37,BTC-12APR19-5000-P,76.34,0.0405,0.9,3,1554307908509,17208964,18
2019-04-03 16:11:49.866,0.8,buy,5064.06,BTC-12APR19-5000-P,76.29,0.0405,0.8,3,1554307909866,17208990,19
2019-04-03 16:11:53.199,0.7000000000000001,buy,5053.02,BTC-12APR19-5000-P,74.57,0.0405,0.7000000000000001,3,1554307913199,17209056,20
2019-04-03 16:11:56.184,11.0,buy,5052.28,BTC-12APR19-5000-P,74.46,0.0405,11.0,3,1554307916184,17209082,21
2019-04-03 16:11:56.342,1.8,buy,5052.28,BTC-12APR19-5000-P,74.46,0.0405,1.8,3,1554307916342,17209083,22
2019-04-03 16:19:31.568,0.1,sell,5122.83,BTC-12APR19-5000-P,80.05,0.0375,0.1,2,1554308371568,17210842,23
2019-04-03 16:32:59.164,0.1,buy,5092.99,BTC-12APR19-5000-P,80.75,0.0405,0.1,0,1554309179164,17212691,24
2019-04-03 16:33:04.593,0.1,buy,5088.75,BTC-12APR19-5000-P,80.95,0.041,0.1,0,1554309184593,17212704,25
2019-04-03 18:45:59.915,0.1,sell,5176.72,BTC-12APR19-5000-P,89.81,0.0385,0.1,2,1554317159915,17223594,26
2019-04-03 21:55:00.406,1.0,buy,5256.52,BTC-12APR19-5000-P,89.5,0.032,1.0,2,1554328500406,17244026,27
2019-04-04 03:44:57.096,0.5,buy,4958.17,BTC-12APR19-5000-P,82.05,0.0535,0.5,0,1554349497096,17289924,28
2019-04-04 11:02:35.519,1.0,buy,4950.97,BTC-12APR19-5000-P,86.5,0.056,1.0,0,1554375755519,17301913,29
2019-04-04 15:14:30.020,0.5,buy,4986.29,BTC-12APR19-5000-P,76.07,0.0455,0.5,2,1554390870020,17311598,30
2019-04-04 19:12:48.459,0.2,sell,4862.0,BTC-12APR19-5000-P,71.92,0.0575,0.2,0,1554405168459,17326076,31
2019-04-04 19:13:08.381,0.2,sell,4862.94,BTC-12APR19-5000-P,73.04,0.057999999999999996,0.2,0,1554405188381,17326088,32
2019-04-04 21:29:27.687,0.4,buy,4912.76,BTC-12APR19-5000-P,79.36,0.055,0.4,2,1554413367687,17336924,33
2019-04-05 01:51:53.826,1.0,buy,4920.41,BTC-12APR19-5000-P,80.21,0.054000000000000006,1.0,2,1554429113826,17344688,34
2019-04-05 03:23:39.124,0.1,buy,4915.03,BTC-12APR19-5000-P,83.89,0.0565,0.1,0,1554434619124,17346234,35
2019-04-05 03:49:28.832,0.1,buy,4894.61,BTC-12APR19-5000-P,83.1,0.0585,0.1,0,1554436168832,17346739,36
2019-04-05 04:24:04.673,18.0,buy,4939.04,BTC-12APR19-5000-P,83.83,0.0535,18.0,2,1554438244673,17347935,37
2019-04-05 05:04:34.452,0.2,sell,4950.89,BTC-12APR19-5000-P,78.36,0.049,0.2,2,1554440674452,17349032,38
2019-04-05 05:23:53.731,0.2,sell,4976.42,BTC-12APR19-5000-P,79.05,0.0465,0.2,2,1554441833731,17350239,39
2019-04-05 07:28:49.896,0.1,sell,4944.68,BTC-12APR19-5000-P,81.25,0.051,0.1,0,1554449329896,17353036,40
2019-04-05 08:01:37.579,0.1,sell,4941.94,BTC-12APR19-5000-P,78.09,0.0495,0.1,2,1554451297579,17354670,41
2019-04-05 08:02:13.465,20.0,sell,4945.06,BTC-12APR19-5000-P,81.46,0.051,20.0,0,1554451333465,17354737,42
2019-04-05 08:21:36.068,1.0,buy,4962.36,BTC-12APR19-5000-P,78.75,0.0475,1.0,2,1554452496068,17355572,43
2019-04-05 09:26:46.201,5.0,buy,4950.72,BTC-12APR19-5000-P,77.53,0.048,5.0,0,1554456406201,17356712,44
2019-04-05 11:05:43.602,15.0,sell,4965.22,BTC-12APR19-5000-P,76.33,0.0455,15.0,2,1554462343602,17358430,45
2019-04-05 11:14:29.988,0.6,sell,4967.58,BTC-12APR19-5000-P,74.09,0.044,0.6,2,1554462869988,17358513,46
2019-04-05 11:16:24.477,0.4,sell,4970.99,BTC-12APR19-5000-P,74.79,0.044000000000000004,0.4,3,1554462984477,17358533,47
2019-04-05 11:26:17.824,0.1,sell,4986.76,BTC-12APR19-5000-P,74.29,0.042,0.1,2,1554463577824,17358757,48
2019-04-05 12:31:20.011,0.1,sell,5025.03,BTC-12APR19-5000-P,80.88,0.0415,0.1,2,1554467480011,17361732,49
2019-04-05 12:59:56.156,0.1,sell,5027.67,BTC-12APR19-5000-P,75.02,0.038,0.1,2,1554469196156,17363370,50
2019-04-05 13:14:51.657,0.1,buy,5028.48,BTC-12APR19-5000-P,80.77,0.040999999999999995,0.1,0,1554470091657,17363647,51
2019-04-05 13:28:19.745,0.9,sell,5045.87,BTC-12APR19-5000-P,78.4,0.038,0.9,2,1554470899745,17364459,52
2019-04-05 13:28:19.745,0.1,sell,5045.87,BTC-12APR19-5000-P,77.47,0.0375,0.1,2,1554470899745,17364460,53
2019-04-05 15:06:32.056,1.0,sell,4993.83,BTC-12APR19-5000-P,75.59,0.0415,1.0,0,1554476792056,17369412,54
2019-04-05 15:17:55.413,2.0,sell,4986.29,BTC-12APR19-5000-P,75.09,0.042,2.0,0,1554477475413,17369816,55
2019-04-05 16:32:04.365,1.0,sell,5012.15,BTC-12APR19-5000-P,76.67,0.04,1.0,2,1554481924365,17372818,56
2019-04-05 16:45:45.341,1.0,sell,5024.26,BTC-12APR19-5000-P,73.4,0.037000000000000005,1.0,2,1554482745341,17373556,57
2019-04-05 16:46:22.616,0.1,buy,5022.43,BTC-12APR19-5000-P,79.6,0.0405,0.1,0,1554482782616,17373572,58
2019-04-05 17:17:32.215,0.1,buy,5017.51,BTC-12APR19-5000-P,79.74,0.040999999999999995,0.1,0,1554484652215,17374866,59
2019-04-05 18:49:31.735,0.1,sell,5019.29,BTC-12APR19-5000-P,72.95,0.037000000000000005,0.1,2,1554490171735,17379355,60
2019-04-05 18:49:43.824,0.2,sell,5019.72,BTC-12APR19-5000-P,73.03,0.037000000000000005,0.2,3,1554490183824,17379365,61
2019-04-05 18:49:54.162,0.1,sell,5018.99,BTC-12APR19-5000-P,72.89,0.037000000000000005,0.1,3,1554490194162,17379370,62
2019-04-05 20:55:42.888,1.0,sell,4991.78,BTC-12APR19-5000-P,70.94,0.0385,1.0,0,1554497742888,17383123,63
2019-04-05 21:35:09.070,3.6,buy,5013.39,BTC-12APR19-5000-P,77.21,0.0395,3.6,0,1554500109070,17384014,64
2019-04-05 22:16:55.883,0.1,buy,5014.91,BTC-12APR19-5000-P,78.62,0.04,0.1,0,1554502615883,17384475,65
2019-04-05 22:21:21.311,0.4,sell,5020.31,BTC-12APR19-5000-P,78.72,0.0395,0.4,2,1554502881311,17384526,66
2019-04-06 00:48:21.079,1.0,sell,5014.54,BTC-12APR19-5000-P,72.5,0.0365,1.0,2,1554511701079,17386943,67
2019-04-06 03:52:32.795,0.5,sell,5008.79,BTC-12APR19-5000-P,72.13,0.0365,0.5,3,1554522752795,17388993,68
2019-04-06 07:41:12.516,0.1,buy,5005.72,BTC-12APR19-5000-P,80.29,0.0405,0.1,0,1554536472516,17390406,69
2019-04-06 13:38:34.766,4.1,buy,5022.17,BTC-12APR19-5000-P,70.31,0.033,4.1,2,1554557914766,17394736,70
2019-04-06 14:28:42.343,4.1,buy,5009.09,BTC-12APR19-5000-P,74.92,0.0365,4.1,0,1554560922343,17395317,71
2019-04-06 14:28:50.151,3.9,buy,5009.05,BTC-12APR19-5000-P,75.91,0.037000000000000005,3.9,0,1554560930151,17395318,72
2019-04-06 14:32:16.396,1.0,sell,5008.84,BTC-12APR19-5000-P,72.88,0.0355,1.0,2,1554561136396,17395350,73
2019-04-06 15:29:56.774,0.3,buy,5048.79,BTC-12APR19-5000-P,79.01,0.0345,0.3,2,1554564596774,17399501,74
2019-04-06 18:14:53.929,0.1,sell,5158.97,BTC-12APR19-5000-P,72.73,0.022000000000000002,0.1,2,1554574493929,17416791,75
2019-04-06 18:21:59.762,0.5,buy,5156.03,BTC-12APR19-5000-P,78.84,0.025,0.5,0,1554574919762,17417047,76
2019-04-06 19:01:13.696,0.1,buy,5159.67,BTC-12APR19-5000-P,76.34,0.0235,0.1,2,1554577273696,17418685,77
2019-04-06 23:30:49.527,1.0,sell,5037.56,BTC-12APR19-5000-P,72.95,0.0315,1.0,0,1554593449527,17445589,78
2019-04-07 02:48:01.200,4.0,sell,5086.79,BTC-12APR19-5000-P,71.61,0.026000000000000002,4.0,2,1554605281200,17449697,79
2019-04-07 02:50:02.909,1.0,sell,5084.98,BTC-12APR19-5000-P,72.36,0.0265,1.0,0,1554605402909,17449708,80
2019-04-07 04:52:17.732,0.1,buy,5134.52,BTC-12APR19-5000-P,74.0,0.023,0.1,2,1554612737732,17455939,81
2019-04-07 05:55:53.190,0.1,buy,5107.16,BTC-12APR19-5000-P,74.02,0.025,0.1,0,1554616553190,17457052,82
2019-04-07 05:56:08.513,0.1,buy,5090.25,BTC-12APR19-5000-P,70.96,0.025,0.1,1,1554616568513,17457197,83
2019-04-07 05:59:11.720,0.1,buy,5098.91,BTC-12APR19-5000-P,72.55,0.025,0.1,1,1554616751720,17457465,84
2019-04-07 05:59:11.951,0.1,buy,5098.91,BTC-12APR19-5000-P,72.55,0.025,0.1,1,1554616751951,17457467,85
2019-04-07 06:01:38.346,0.1,buy,5093.74,BTC-12APR19-5000-P,71.63,0.025,0.1,1,1554616898346,17457523,86
2019-04-07 06:01:51.770,0.1,buy,5090.99,BTC-12APR19-5000-P,71.13,0.025,0.1,1,1554616911770,17457592,87
2019-04-07 06:01:52.832,0.4,buy,5089.4,BTC-12APR19-5000-P,70.84,0.025,0.4,1,1554616912832,17457595,88
2019-04-07 15:29:56.819,0.3,buy,5117.31,BTC-12APR19-5000-P,77.82,0.0245,0.3,2,1554650996819,17469323,89
2019-04-07 15:29:56.819,0.1,buy,5117.31,BTC-12APR19-5000-P,77.82,0.0245,0.1,3,1554650996819,17469324,90
2019-04-07 16:27:35.572,0.1,buy,5071.27,BTC-12APR19-5000-P,79.64,0.028999999999999998,0.1,0,1554654455572,17473236,91
2019-04-07 16:29:22.965,0.4,buy,5082.51,BTC-12APR19-5000-P,79.61,0.027999999999999997,0.4,2,1554654562965,17473329,92
2019-04-07 16:38:27.258,0.1,sell,5100.21,BTC-12APR19-5000-P,75.03,0.0245,0.1,2,1554655107258,17473694,93
2019-04-07 22:46:35.467,0.3,sell,5234.81,BTC-12APR19-5000-P,76.41,0.015,0.3,2,1554677195467,17486202,94
2019-04-07 22:48:10.733,0.2,buy,5249.07,BTC-12APR19-5000-P,77.19,0.0145,0.2,2,1554677290733,17487229,95
2019-04-07 22:52:59.976,2.0,sell,5180.14,BTC-12APR19-5000-P,84.49,0.0215,2.0,0,1554677579976,17490091,96
2019-04-07 23:13:22.602,0.1,buy,5196.76,BTC-12APR19-5000-P,75.91,0.017,0.1,2,1554678802602,17493049,97
2019-04-07 23:15:50.094,0.9,sell,5201.63,BTC-12APR19-5000-P,75.41,0.0165,0.9,2,1554678950094,17493318,98
2019-04-08 01:24:16.557,0.1,sell,5278.18,BTC-12APR19-5000-P,82.51,0.0145,0.1,2,1554686656557,17502926,99
2019-04-08 03:48:59.796,1.0,buy,5244.32,BTC-12APR19-5000-P,76.95,0.013999999999999999,1.0,2,1554695339796,17510767,100
2019-04-08 04:12:50.594,2.0,buy,5281.7,BTC-12APR19-5000-P,85.64,0.015,2.0,0,1554696770594,17512185,101
2019-04-08 05:15:26.733,0.4,buy,5296.13,BTC-12APR19-5000-P,82.3,0.013,0.4,2,1554700526733,17513753,102
2019-04-08 05:17:28.021,0.1,buy,5292.26,BTC-12APR19-5000-P,81.75,0.013,0.1,3,1554700648021,17513776,103
2019-04-08 06:18:06.806,1.0,buy,5283.81,BTC-12APR19-5000-P,85.4,0.0145,1.0,0,1554704286806,17514881,104
2019-04-08 08:23:14.763,1.0,buy,5217.94,BTC-12APR19-5000-P,80.24,0.016,1.0,0,1554711794763,17519671,105
2019-04-08 13:15:15.266,0.1,buy,5208.96,BTC-12APR19-5000-P,82.27,0.0165,0.1,0,1554729315266,17531130,106
2019-04-08 14:03:43.769,0.5,buy,5195.39,BTC-12APR19-5000-P,83.1,0.0175,0.5,0,1554732223769,17532133,107
2019-04-08 16:32:30.706,3.3000000000000003,sell,5222.66,BTC-12APR19-5000-P,75.78,0.013,3.3000000000000003,2,1554741150706,17535989,108
2019-04-08 16:34:09.769,5.0,buy,5216.44,BTC-12APR19-5000-P,76.27,0.0135,5.0,0,1554741249769,17536028,110
2019-04-08 16:34:09.769,1.7,buy,5216.44,BTC-12APR19-5000-P,74.77,0.013,1.7,3,1554741249769,17536027,109
2019-04-08 16:35:26.088,5.0,buy,5207.03,BTC-12APR19-5000-P,76.19,0.014,5.0,0,1554741326088,17536140,111
2019-04-08 20:48:33.113,0.4,sell,5260.69,BTC-12APR19-5000-P,82.38,0.0125,0.4,2,1554756513113,17542252,112
2019-04-08 20:48:35.707,0.4,sell,5260.06,BTC-12APR19-5000-P,82.28,0.0125,0.4,3,1554756515707,17542261,113
2019-04-08 20:48:35.887,0.2,sell,5260.06,BTC-12APR19-5000-P,82.28,0.0125,0.2,3,1554756515887,17542265,114
2019-04-08 21:33:36.944,0.5,sell,5266.37,BTC-12APR19-5000-P,82.04,0.012,0.5,2,1554759216944,17544197,115
2019-04-08 22:38:27.193,0.1,sell,5305.7,BTC-12APR19-5000-P,81.85,0.01,0.1,2,1554763107193,17546879,116
2019-04-08 22:38:27.193,0.1,sell,5305.7,BTC-12APR19-5000-P,81.85,0.01,0.1,3,1554763107193,17546880,117
2019-04-09 00:38:04.445,1.0,buy,5274.78,BTC-12APR19-5000-P,81.58,0.011,1.0,0,1554770284445,17551511,118
2019-04-09 02:10:56.880,0.2,sell,5278.42,BTC-12APR19-5000-P,77.67,0.0095,0.2,2,1554775856880,17554248,119
2019-04-09 03:36:56.685,0.8,buy,5239.76,BTC-12APR19-5000-P,79.08,0.0115,0.8,0,1554781016685,17556251,120
2019-04-09 05:51:36.377,0.3,sell,5202.13,BTC-12APR19-5000-P,75.37,0.012,0.3,0,1554789096377,17561898,121
2019-04-09 08:24:53.849,1.0,buy,5181.86,BTC-12APR19-5000-P,76.22,0.013000000000000001,1.0,0,1554798293849,17564766,122
2019-04-09 10:12:42.493,15.0,buy,5160.59,BTC-12APR19-5000-P,81.01,0.0155,15.0,0,1554804762493,17568643,123
2019-04-09 12:36:33.388,0.8,sell,5207.08,BTC-12APR19-5000-P,71.17,0.0095,0.8,2,1554813393388,17572955,124
2019-04-09 13:03:37.250,3.7,buy,5190.68,BTC-12APR19-5000-P,70.23,0.01,3.7,0,1554815017250,17573276,125
2019-04-09 15:41:28.896,0.2,sell,5209.83,BTC-12APR19-5000-P,69.61,0.0085,0.2,2,1554824488896,17577655,126
2019-04-09 16:03:03.925,5.0,sell,5215.97,BTC-12APR19-5000-P,72.8,0.009000000000000001,5.0,0,1554825783925,17577790,127
2019-04-09 16:50:16.009,0.7000000000000001,sell,5228.67,BTC-12APR19-5000-P,73.59,0.0085,0.7000000000000001,2,1554828616009,17578306,128
2019-04-09 17:48:11.383,1.1,buy,5218.0,BTC-12APR19-5000-P,74.19,0.009000000000000001,1.1,0,1554832091383,17578961,129
2019-04-09 18:13:07.248,1.0,buy,5211.39,BTC-12APR19-5000-P,73.23,0.009000000000000001,1.0,1,1554833587248,17579740,130
2019-04-09 19:29:38.875,0.5,buy,5211.38,BTC-12APR19-5000-P,70.09,0.008,0.5,2,1554838178875,17580424,131
2019-04-09 20:05:23.427,0.5,sell,5215.96,BTC-12APR19-5000-P,58.56,0.005,0.5,2,1554840323427,17580661,132
2019-04-09 20:38:42.476,1.3,sell,5231.51,BTC-12APR19-5000-P,65.92,0.006,1.3,0,1554842322476,17581616,133
2019-04-09 20:48:35.066,1.0,buy,5234.17,BTC-12APR19-5000-P,64.22,0.0055,1.0,2,1554842915066,17581757,134
2019-04-09 20:48:45.605,1.0,buy,5234.17,BTC-12APR19-5000-P,64.22,0.0055,1.0,3,1554842925605,17581758,135
2019-04-09 20:48:56.318,1.0,buy,5234.17,BTC-12APR19-5000-P,64.22,0.0055,1.0,3,1554842936318,17581759,136
2019-04-09 20:49:04.878,1.0,buy,5234.17,BTC-12APR19-5000-P,64.22,0.0055,1.0,3,1554842944878,17581760,137
2019-04-09 20:49:12.308,1.0,buy,5234.17,BTC-12APR19-5000-P,64.22,0.0055,1.0,3,1554842952308,17581761,138
2019-04-09 23:58:30.764,2.0,buy,5192.76,BTC-12APR19-5000-P,65.2,0.006999999999999999,2.0,0,1554854310764,17587021,139
2019-04-10 00:27:58.846,0.5,sell,5202.36,BTC-12APR19-5000-P,60.76,0.0055,0.5,2,1554856078846,17588397,140
2019-04-10 01:27:42.118,10.5,sell,5231.64,BTC-12APR19-5000-P,66.46,0.0055,10.5,3,1554859662118,17589260,141
2019-04-10 03:12:42.926,1.0,buy,5233.58,BTC-12APR19-5000-P,65.46,0.005,1.0,2,1554865962926,17591047,142
2019-04-10 03:24:26.174,2.0,sell,5234.3,BTC-12APR19-5000-P,63.18,0.0045,2.0,2,1554866666174,17591060,143
2019-04-10 03:24:26.174,3.0,sell,5234.3,BTC-12APR19-5000-P,63.18,0.0045,3.0,3,1554866666174,17591061,144
2019-04-10 06:56:02.971,1.0,buy,5263.2,BTC-12APR19-5000-P,70.42,0.0045,1.0,3,1554879362971,17594114,145
2019-04-10 07:37:16.950,0.3,sell,5259.09,BTC-12APR19-5000-P,67.39,0.004,0.3,2,1554881836950,17594699,146
2019-04-10 08:15:56.009,0.8,sell,5254.21,BTC-12APR19-5000-P,64.07,0.0035,0.8,2,1554884156009,17595272,147
2019-04-10 08:45:32.160,1.2,sell,5241.43,BTC-12APR19-5000-P,62.24,0.0035,1.2,3,1554885932160,17595651,148
2019-04-10 11:29:28.180,0.9,buy,5247.43,BTC-12APR19-5000-P,65.17,0.0035,0.9,3,1554895768180,17597386,149
2019-04-10 14:03:30.083,0.5,buy,5271.5,BTC-12APR19-5000-P,68.0,0.003,0.5,2,1554905010083,17601709,150
2019-04-10 14:03:52.848,0.5,buy,5269.49,BTC-12APR19-5000-P,67.67,0.003,0.5,3,1554905032848,17601719,151
2019-04-10 16:01:12.678,10.0,sell,5303.67,BTC-12APR19-5000-P,67.09,0.002,10.0,2,1554912072678,17604104,152
2019-04-10 16:40:20.660,1.2,buy,5276.74,BTC-12APR19-5000-P,67.38,0.0025,1.2,0,1554914420660,17605242,153
2019-04-10 17:50:51.101,1.0,sell,5293.91,BTC-12APR19-5000-P,67.09,0.002,1.0,2,1554918651101,17606263,154
2019-04-10 17:51:50.323,9.0,sell,5302.37,BTC-12APR19-5000-P,68.49,0.002,9.0,3,1554918710323,17606506,155
2019-04-10 18:01:38.655,1.0,buy,5299.63,BTC-12APR19-5000-P,72.51,0.0025,1.0,0,1554919298655,17608285,156
2019-04-10 19:19:07.518,0.2,sell,5395.03,BTC-12APR19-5000-P,79.2,0.0015,0.2,2,1554923947518,17623964,157
2019-04-10 19:19:08.852,0.2,sell,5394.82,BTC-12APR19-5000-P,79.16,0.0015,0.2,3,1554923948852,17623967,158
2019-04-10 19:19:08.918,0.2,sell,5394.79,BTC-12APR19-5000-P,79.16,0.0015,0.2,3,1554923948918,17623969,159
2019-04-10 19:19:09.071,0.2,sell,5394.79,BTC-12APR19-5000-P,79.16,0.0015,0.2,3,1554923949071,17623971,160
2019-04-10 20:10:20.582,0.2,sell,5418.39,BTC-12APR19-5000-P,83.67,0.0015,0.2,3,1554927020582,17626694,161
2019-04-10 20:33:53.695,10.0,buy,5378.07,BTC-12APR19-5000-P,83.57,0.002,10.0,0,1554928433695,17629140,162
2019-04-10 20:40:26.414,0.4,buy,5225.21,BTC-12APR19-5000-P,61.65,0.0025,0.4,0,1554928826414,17633759,163
2019-04-10 20:40:26.478,0.4,buy,5225.21,BTC-12APR19-5000-P,61.65,0.0025,0.4,1,1554928826478,17633764,164
2019-04-10 20:40:26.602,0.4,buy,5225.21,BTC-12APR19-5000-P,61.65,0.0025,0.4,1,1554928826602,17633770,165
2019-04-10 20:40:26.727,0.4,buy,5225.21,BTC-12APR19-5000-P,61.65,0.0025,0.4,1,1554928826727,17633778,166
2019-04-10 20:40:26.951,0.4,buy,5224.9,BTC-12APR19-5000-P,61.6,0.0025,0.4,1,1554928826951,17633787,167
2019-04-10 20:40:57.442,1.0,buy,5229.68,BTC-12APR19-5000-P,62.5,0.0025,1.0,1,1554928857442,17634617,168
2019-04-10 21:30:00.853,0.4,buy,5279.81,BTC-12APR19-5000-P,72.5,0.0025,0.4,1,1554931800853,17644795,169
2019-04-10 21:30:04.830,0.4,buy,5274.93,BTC-12APR19-5000-P,71.61,0.0025,0.4,1,1554931804830,17644860,170
2019-04-10 21:30:04.922,0.4,buy,5274.82,BTC-12APR19-5000-P,71.59,0.0025,0.4,1,1554931804922,17644862,171
2019-04-10 21:42:49.484,0.1,buy,5268.9,BTC-12APR19-5000-P,70.74,0.0025,0.1,1,1554932569484,17646236,172
2019-04-10 23:20:56.633,2.8000000000000003,buy,5295.24,BTC-12APR19-5000-P,77.38,0.0025,2.8000000000000003,1,1554938456633,17650428,173
2019-04-10 23:36:12.351,2.9,buy,5306.9,BTC-12APR19-5000-P,79.83,0.0025,2.9,1,1554939372351,17650719,174
2019-04-10 23:36:12.351,2.1,buy,5306.9,BTC-12APR19-5000-P,79.83,0.0025,2.1,1,1554939372351,17650720,175
2019-04-10 23:37:49.498,5.0,buy,5313.24,BTC-12APR19-5000-P,81.03,0.0025,5.0,1,1554939469498,17650826,176
2019-04-11 03:34:12.935,2.9,buy,5242.67,BTC-12APR19-5000-P,72.34,0.0025,2.9,1,1554953652935,17660284,177
2019-04-11 04:03:52.584,1.0,buy,5205.13,BTC-12APR19-5000-P,69.06,0.003,1.0,0,1554955432584,17667426,178
2019-04-11 05:34:06.418,0.5,buy,5211.57,BTC-12APR19-5000-P,72.45,0.003,0.5,1,1554960846418,17670295,179
2019-04-11 07:52:11.277,20.0,buy,5200.97,BTC-12APR19-5000-P,77.31,0.0035,20.0,0,1554969131277,17671841,180
2019-04-11 08:00:15.886,0.5,sell,5202.24,BTC-12APR19-5000-P,73.81,0.003,0.5,2,1554969615886,17671951,181
2019-04-11 08:13:42.681,0.1,buy,5181.23,BTC-12APR19-5000-P,72.94,0.0035,0.1,0,1554970422681,17672891,182
2019-04-11 08:42:52.090,0.1,sell,5195.18,BTC-12APR19-5000-P,73.21,0.003,0.1,2,1554972172090,17674516,183
2019-04-11 09:22:24.124,3.0,buy,5187.29,BTC-12APR19-5000-P,80.17,0.004,3.0,0,1554974544124,17675120,184
2019-04-11 09:24:30.408,2.5,buy,5186.1,BTC-12APR19-5000-P,79.91,0.004,2.5,1,1554974670408,17675229,187
2019-04-11 09:24:30.408,1.0,buy,5186.1,BTC-12APR19-5000-P,79.91,0.004,1.0,1,1554974670408,17675227,185
2019-04-11 09:24:30.408,0.5,buy,5186.1,BTC-12APR19-5000-P,79.91,0.004,0.5,1,1554974670408,17675228,186
2019-04-11 09:49:30.408,0.5,buy,5108.12,BTC-12APR19-5000-P,65.04,0.005,0.5,0,1554976170408,17677711,188
2019-04-11 09:52:11.296,0.5,sell,5115.31,BTC-12APR19-5000-P,53.97,0.003,0.5,2,1554976331296,17679867,189
2019-04-11 09:52:13.156,0.3,buy,5115.66,BTC-12APR19-5000-P,54.07,0.003,0.3,3,1554976333156,17679869,190
2019-04-11 09:53:17.113,0.5,buy,5085.04,BTC-12APR19-5000-P,57.73,0.005,0.5,0,1554976397113,17680141,191
2019-04-11 09:54:07.764,5.0,buy,5019.49,BTC-12APR19-5000-P,56.68,0.0095,5.0,0,1554976447764,17682419,192
2019-04-11 09:54:08.043,0.1,buy,5018.16,BTC-12APR19-5000-P,58.6,0.01,0.1,0,1554976448043,17682450,193
2019-04-11 09:54:42.695,11.8,sell,5015.04,BTC-12APR19-5000-P,64.72,0.0115,11.8,0,1554976482695,17683526,194
2019-04-11 09:54:42.739,0.2,sell,5015.04,BTC-12APR19-5000-P,64.72,0.0115,0.2,1,1554976482739,17683533,195
2019-04-11 09:54:48.992,0.2,sell,5019.7,BTC-12APR19-5000-P,79.47,0.014,0.2,0,1554976488992,17683745,196
2019-04-11 11:14:07.879,4.0,buy,5066.59,BTC-12APR19-5000-P,67.53,0.0075,4.0,2,1554981247879,17691215,197
2019-04-11 11:22:28.573,1.0,buy,5031.96,BTC-12APR19-5000-P,72.26,0.011,1.0,0,1554981748573,17691787,198
2019-04-11 11:22:30.269,3.3000000000000003,buy,5032.71,BTC-12APR19-5000-P,72.6,0.011,3.3000000000000003,1,1554981750269,17691797,199
2019-04-11 11:22:30.269,0.4,buy,5032.71,BTC-12APR19-5000-P,72.6,0.011,0.4,1,1554981750269,17691798,200
2019-04-11 11:22:30.290,0.4,sell,5032.71,BTC-12APR19-5000-P,72.6,0.011,0.4,1,1554981750290,17691800,201
2019-04-11 11:22:44.215,10.6,sell,5042.42,BTC-12APR19-5000-P,76.94,0.011,10.6,1,1554981764215,17691881,202
2019-04-11 11:22:44.338,0.6,sell,5042.42,BTC-12APR19-5000-P,76.94,0.011,0.6,1,1554981764338,17691882,203
2019-04-11 11:22:44.422,0.4,sell,5042.42,BTC-12APR19-5000-P,76.94,0.011,0.4,1,1554981764422,17691883,204
2019-04-11 11:22:44.669,0.4,sell,5042.42,BTC-12APR19-5000-P,76.94,0.011,0.4,1,1554981764669,17691887,205
2019-04-11 11:22:44.883,0.4,sell,5043.29,BTC-12APR19-5000-P,77.32,0.011,0.4,1,1554981764883,17691893,206
2019-04-11 11:22:45.641,0.5,sell,5043.29,BTC-12APR19-5000-P,77.32,0.011,0.5,1,1554981765641,17691895,207
2019-04-11 11:22:48.863,0.4,sell,5043.14,BTC-12APR19-5000-P,77.26,0.011000000000000001,0.4,1,1554981768863,17691904,208
2019-04-11 11:23:10.341,4.0,sell,5040.28,BTC-12APR19-5000-P,76.01,0.011000000000000001,4.0,1,1554981790341,17692051,209
2019-04-11 11:23:16.838,3.6,sell,5044.68,BTC-12APR19-5000-P,77.93,0.011000000000000001,3.6,1,1554981796838,17692093,210
2019-04-11 11:23:52.944,2.9,sell,5047.08,BTC-12APR19-5000-P,62.82,0.008,2.9,2,1554981832944,17692188,211
2019-04-11 11:23:56.137,1.0,buy,5047.08,BTC-12APR19-5000-P,73.64,0.01,1.0,0,1554981836137,17692198,212
2019-04-11 11:31:49.495,16.0,buy,4989.48,BTC-12APR19-5000-P,72.12,0.015,16.0,0,1554982309495,17693547,213
2019-04-11 12:01:00.565,0.4,sell,5057.97,BTC-12APR19-5000-P,73.85,0.009000000000000001,0.4,2,1554984060565,17697330,214
2019-04-11 12:05:28.518,0.4,buy,5058.62,BTC-12APR19-5000-P,68.63,0.008,0.4,2,1554984328518,17697524,215
2019-04-11 12:09:33.086,3.0,buy,5041.27,BTC-12APR19-5000-P,67.05,0.009000000000000001,3.0,0,1554984573086,17697644,216
2019-04-11 12:10:46.260,3.0,buy,5041.41,BTC-12APR19-5000-P,67.14,0.009000000000000001,3.0,1,1554984646260,17697658,217
2019-04-11 12:16:59.226,1.0,buy,5031.09,BTC-12APR19-5000-P,62.72,0.009000000000000001,1.0,1,1554985019226,17697879,218
2019-04-11 12:21:21.623,0.4,buy,5018.49,BTC-12APR19-5000-P,67.65,0.011000000000000001,0.4,0,1554985281623,17698060,219
2019-04-11 12:21:23.397,0.4,buy,5018.52,BTC-12APR19-5000-P,67.66,0.011000000000000001,0.4,1,1554985283397,17698075,220
2019-04-11 12:21:23.431,0.4,buy,5018.52,BTC-12APR19-5000-P,67.66,0.011000000000000001,0.4,1,1554985283431,17698077,221
2019-04-11 12:21:49.325,1.0,buy,5018.99,BTC-12APR19-5000-P,67.92,0.011000000000000001,1.0,1,1554985309325,17698117,222
2019-04-11 12:21:51.592,2.0,buy,5019.47,BTC-12APR19-5000-P,68.15,0.011000000000000001,2.0,1,1554985311592,17698118,223
2019-04-11 12:33:38.780,3.8,sell,5037.56,BTC-12APR19-5000-P,60.58,0.008,3.8,2,1554986018780,17698554,224
2019-04-11 13:01:00.570,1.0,sell,5061.39,BTC-12APR19-5000-P,62.67,0.0065,1.0,2,1554987660570,17699617,225
2019-04-11 13:26:21.511,3.7,sell,5043.16,BTC-12APR19-5000-P,64.46,0.008,3.7,0,1554989181511,17700661,226
2019-04-11 13:26:21.511,0.3,sell,5043.16,BTC-12APR19-5000-P,58.73,0.006999999999999999,0.3,2,1554989181511,17700662,227
2019-04-11 13:33:21.093,0.3,sell,5054.0,BTC-12APR19-5000-P,63.51,0.006999999999999999,0.3,3,1554989601093,17700756,228
2019-04-11 13:55:35.632,1.0,sell,5047.18,BTC-12APR19-5000-P,61.28,0.006999999999999999,1.0,3,1554990935632,17701203,229
2019-04-11 14:46:39.261,0.7000000000000001,buy,5040.3,BTC-12APR19-5000-P,74.44,0.0095,0.7000000000000001,0,1554993999261,17703438,230
2019-04-11 14:48:20.849,2.0,buy,5042.25,BTC-12APR19-5000-P,75.39,0.0095,2.0,1,1554994100849,17703460,231
2019-04-11 14:48:36.541,2.0,buy,5042.38,BTC-12APR19-5000-P,78.42,0.01,2.0,0,1554994116541,17703462,232
2019-04-11 16:14:56.997,0.6,buy,5017.6,BTC-12APR19-5000-P,63.14,0.009000000000000001,0.6,2,1554999296997,17706844,233
2019-04-11 18:11:42.613,0.1,sell,5057.54,BTC-12APR19-5000-P,57.65,0.0045,0.1,2,1555006302613,17710069,234
2019-04-11 20:03:00.412,1.0,buy,5066.12,BTC-12APR19-5000-P,77.55,0.006,1.0,0,1555012980412,17714308,235
2019-04-11 20:03:00.412,0.2,buy,5066.12,BTC-12APR19-5000-P,81.33,0.0065,0.2,0,1555012980412,17714309,236
2019-04-11 20:03:00.515,0.8,sell,5066.12,BTC-12APR19-5000-P,81.33,0.0065,0.8,1,1555012980515,17714311,237
2019-04-11 20:40:36.306,0.2,sell,5072.64,BTC-12APR19-5000-P,66.67,0.004,0.2,2,1555015236306,17715504,238
2019-04-11 20:43:15.350,0.2,buy,5070.92,BTC-12APR19-5000-P,65.98,0.004,0.2,3,1555015395350,17715617,239
2019-04-11 20:47:03.602,1.0,buy,5064.03,BTC-12APR19-5000-P,62.99,0.004,1.0,3,1555015623602,17715724,240
2019-04-11 20:47:34.178,0.6,buy,5065.46,BTC-12APR19-5000-P,63.7,0.004,0.6,3,1555015654178,17715740,241
2019-04-11 22:43:34.925,2.5,sell,5050.16,BTC-12APR19-5000-P,43.57,0.002,2.5,2,1555022614925,17721198,242
2019-04-12 01:26:14.613,1.0,buy,4936.49,BTC-12APR19-5000-P,60.85,0.015,1.0,0,1555032374613,17727348,243
2019-04-12 01:31:10.848,4.1,sell,4968.01,BTC-12APR19-5000-P,77.06,0.012,4.1,2,1555032670848,17728994,244
2019-04-12 01:31:52.743,1.0,sell,4970.68,BTC-12APR19-5000-P,65.94,0.0105,1.0,2,1555032712743,17729054,245
2019-04-12 01:37:34.069,0.1,sell,4964.84,BTC-12APR19-5000-P,58.74,0.0105,0.1,3,1555033054069,17729492,246
2019-04-12 01:44:51.148,2.0,buy,4926.88,BTC-12APR19-5000-P,53.95,0.016,2.0,0,1555033491148,17730594,247
2019-04-12 01:44:55.192,1.0,buy,4923.92,BTC-12APR19-5000-P,68.2,0.0175,1.0,0,1555033495192,17730758,248
2019-04-12 02:16:25.568,3.0,sell,5003.72,BTC-12APR19-5000-P,62.39,0.006,3.0,2,1555035385568,17734206,249
2019-04-12 02:17:36.306,0.1,sell,5001.7,BTC-12APR19-5000-P,60.63,0.006,0.1,3,1555035456306,17734390,250
