date_utc,amount,direction,indexPrice,instrument,iv,price,quantity,tickDirection,timeStamp,tradeId,tradeSeq
2019-03-27 09:20:34.735,1.0,sell,136.71,ETH-27SEP19-240-P,66.83,0.7829999999999999,1.0,1,1553678434735,170664,1
2019-04-08 20:35:34.702,50.0,sell,179.14,ETH-27SEP19-240-P,75.49,0.386,50.0,2,1554755734702,658189,2
2019-04-10 07:34:51.414,50.0,sell,181.43,ETH-27SEP19-240-P,72.37,0.353,50.0,2,1554881691414,727127,3
2019-04-16 13:03:02.017,6.0,sell,161.53,ETH-27SEP19-240-P,67.63,0.508,6.0,0,1555419782017,1010394,4
2019-04-16 13:16:45.541,14.0,sell,161.67,ETH-27SEP19-240-P,68.14,0.507,14.0,2,1555420605541,1010551,5
2019-04-25 22:01:24.306,1.0,buy,159.12,ETH-27SEP19-240-P,64.23,0.527,1.0,0,1556229684306,1241296,6
2019-04-25 22:32:54.664,10.0,sell,152.79,ETH-27SEP19-240-P,54.3,0.5670000000000001,10.0,0,1556231574664,1256134,7
2019-04-27 21:14:22.353,10.0,sell,157.5,ETH-27SEP19-240-P,58.42,0.527,10.0,2,1556399662353,1296380,8
2019-05-03 10:03:08.678,10.0,buy,166.69,ETH-27SEP19-240-P,74.83,0.502,10.0,2,1556877788678,1437292,9
2019-05-03 11:16:10.540,20.0,buy,166.12,ETH-27SEP19-240-P,75.91,0.506,20.0,0,1556882170540,1439097,10
2019-05-04 14:58:31.157,20.0,sell,160.02,ETH-27SEP19-240-P,63.81,0.519,20.0,0,1556981911157,1468331,11
2019-05-06 15:06:49.686,1.0,sell,166.03,ETH-27SEP19-240-P,63.24,0.47200000000000003,1.0,2,1557155209686,1515625,12
2019-05-11 14:15:32.287,1.0,sell,188.91,ETH-27SEP19-240-P,87.11,0.387,1.0,2,1557584132287,1782994,13
2019-05-13 14:42:53.989,1.0,buy,196.55,ETH-27SEP19-240-P,90.4,0.36,1.0,2,1557758573989,2027639,14
2019-05-13 14:42:53.999,19.0,sell,196.55,ETH-27SEP19-240-P,90.4,0.36,19.0,3,1557758573999,2027640,15
2019-05-13 16:06:46.336,30.0,sell,208.01,ETH-27SEP19-240-P,90.25,0.308,30.0,2,1557763606336,2041610,16
2019-05-13 20:35:02.689,10.0,buy,200.36,ETH-27SEP19-240-P,96.53,0.349,10.0,0,1557779702689,2060077,17
2019-05-15 16:27:03.612,118.0,sell,239.89,ETH-27SEP19-240-P,96.44,0.212,118.0,2,1557937623612,2256909,18
2019-05-15 16:32:33.382,119.0,sell,239.65,ETH-27SEP19-240-P,94.47,0.20800000000000002,119.0,3,1557937953382,2257465,20
2019-05-15 16:32:33.382,40.0,sell,239.65,ETH-27SEP19-240-P,94.47,0.20800000000000002,40.0,2,1557937953382,2257464,19
2019-05-15 16:35:38.307,121.0,sell,239.58,ETH-27SEP19-240-P,94.17,0.207,121.0,2,1557938138307,2257728,21
2019-05-15 19:20:21.749,95.0,sell,241.09,ETH-27SEP19-240-P,92.94,0.20199999999999999,95.0,2,1557948021749,2272252,22
2019-05-15 19:20:21.749,1.0,sell,241.09,ETH-27SEP19-240-P,90.32,0.196,1.0,2,1557948021749,2272253,23
2019-05-16 05:01:19.096,60.0,sell,259.54,ETH-27SEP19-240-P,90.26,0.152,60.0,2,1557982879096,2354413,24
2019-05-16 05:01:19.096,50.0,sell,259.54,ETH-27SEP19-240-P,90.26,0.152,50.0,3,1557982879096,2354414,25
2019-05-16 05:19:09.249,60.0,sell,259.43,ETH-27SEP19-240-P,90.1,0.152,60.0,3,1557983949249,2357343,26
2019-05-16 06:42:15.935,50.0,sell,264.63,ETH-27SEP19-240-P,89.86,0.146,50.0,2,1557988935935,2368183,27
2019-05-16 06:42:28.433,50.0,sell,264.84,ETH-27SEP19-240-P,89.55,0.145,50.0,2,1557988948433,2368196,28
2019-05-16 09:57:45.642,1.0,buy,255.45,ETH-27SEP19-240-P,99.73,0.185,1.0,0,1558000665642,2389806,29
2019-05-16 10:11:19.862,130.0,sell,251.46,ETH-27SEP19-240-P,92.09,0.17600000000000002,130.0,2,1558001479862,2395246,30
2019-05-16 15:36:27.979,50.0,sell,270.23,ETH-27SEP19-240-P,96.81,0.149,50.0,2,1558020987979,2444909,31
2019-05-16 15:36:30.119,50.0,sell,270.64,ETH-27SEP19-240-P,95.67,0.146,50.0,2,1558020990119,2444941,32
2019-05-17 03:10:40.265,2.0,buy,225.38,ETH-27SEP19-240-P,81.22,0.212,2.0,0,1558062640265,2619949,33
2019-05-17 08:22:45.876,10.0,buy,238.76,ETH-27SEP19-240-P,98.02,0.213,10.0,0,1558081365876,2697255,34
2019-05-17 08:23:17.818,10.0,buy,238.56,ETH-27SEP19-240-P,98.24,0.214,10.0,0,1558081397818,2697301,35
2019-05-17 08:23:52.817,4.0,buy,238.41,ETH-27SEP19-240-P,98.51,0.215,4.0,0,1558081432817,2697392,36
2019-05-17 09:02:06.278,30.0,sell,238.12,ETH-27SEP19-240-P,87.46,0.192,30.0,2,1558083726278,2701421,37
2019-05-17 10:30:17.843,2.0,buy,234.56,ETH-27SEP19-240-P,93.73,0.21600000000000005,2.0,0,1558089017843,2708614,38
2019-05-18 04:26:33.581,80.0,buy,241.54,ETH-27SEP19-240-P,102.48,0.223,80.0,0,1558153593581,2881339,39
2019-05-18 21:51:48.260,25.0,sell,238.99,ETH-27SEP19-240-P,97.05,0.22,25.0,2,1558216308260,2953424,40
2019-05-18 21:56:44.217,25.0,sell,239.3,ETH-27SEP19-240-P,96.47,0.21899999999999997,25.0,2,1558216604217,2953802,41
2019-05-18 21:56:47.650,25.0,sell,239.31,ETH-27SEP19-240-P,95.58,0.217,25.0,2,1558216607650,2953803,42
2019-05-19 17:43:11.275,1.0,buy,257.76,ETH-27SEP19-240-P,97.4,0.172,1.0,2,1558287791275,3044379,43
2019-05-19 17:43:15.405,80.0,sell,257.72,ETH-27SEP19-240-P,95.97,0.16899999999999998,80.0,2,1558287795405,3044382,44
2019-05-19 23:54:23.931,5.0,sell,261.94,ETH-27SEP19-240-P,94.52,0.159,5.0,2,1558310063931,3073854,45
2019-05-21 05:45:27.982,40.0,sell,249.83,ETH-27SEP19-240-P,95.29,0.18,40.0,0,1558417527982,3200405,46
2019-05-21 22:10:21.232,1.0,sell,253.98,ETH-27SEP19-240-P,92.84,0.163,1.0,2,1558476621232,3256528,47
2019-05-23 00:50:56.458,75.0,sell,243.49,ETH-27SEP19-240-P,98.59,0.199,75.0,0,1558572656458,3351287,48
2019-05-23 06:29:16.244,1.0,sell,237.27,ETH-27SEP19-240-P,91.46,0.204,1.0,0,1558592956244,3369155,49
2019-05-23 07:42:00.561,1.0,sell,236.78,ETH-27SEP19-240-P,97.83,0.222,1.0,0,1558597320561,3372926,50
2019-05-23 12:42:44.070,1.0,sell,237.48,ETH-27SEP19-240-P,92.24,0.212,1.0,2,1558615364070,3392220,51
2019-05-24 23:13:24.186,24.0,buy,248.58,ETH-27SEP19-240-P,93.28,0.184,24.0,2,1558739604186,3496812,52
2019-05-26 12:27:26.294,40.0,sell,247.85,ETH-27SEP19-240-P,90.38,0.17800000000000002,40.0,2,1558873646294,3567936,53
2019-05-26 12:27:26.294,120.0,sell,247.85,ETH-27SEP19-240-P,89.47,0.17600000000000002,120.0,2,1558873646294,3567937,54
2019-05-26 13:51:13.213,2.0,buy,249.49,ETH-27SEP19-240-P,91.18,0.175,2.0,2,1558878673213,3569748,55
2019-05-26 15:12:48.705,40.0,sell,249.47,ETH-27SEP19-240-P,87.13,0.165,40.0,2,1558883568705,3572012,56
2019-05-26 15:13:40.624,25.0,sell,249.36,ETH-27SEP19-240-P,85.71,0.162,25.0,2,1558883620624,3572025,57
2019-05-28 12:20:54.979,10.0,sell,269.37,ETH-27SEP19-240-P,93.27,0.124,10.0,2,1559046054979,3753126,58
2019-05-28 14:03:13.420,10.0,sell,267.4,ETH-27SEP19-240-P,92.77,0.131,10.0,0,1559052193420,3760374,59
2019-05-28 14:04:34.458,10.0,sell,267.61,ETH-27SEP19-240-P,92.8,0.131,10.0,1,1559052274458,3760520,60
2019-05-28 14:20:51.261,10.0,sell,268.51,ETH-27SEP19-240-P,93.08,0.131,10.0,1,1559053251261,3761907,61
2019-05-28 22:26:07.405,1.0,sell,272.67,ETH-27SEP19-240-P,92.21,0.128,1.0,2,1559082367405,3787257,62
2019-05-29 18:49:43.317,65.0,sell,270.6,ETH-27SEP19-240-P,96.39,0.14400000000000002,65.0,0,1559155783317,3848161,63
2019-05-30 03:56:01.301,2.0,sell,283.75,ETH-27SEP19-240-P,92.91,0.101,2.0,2,1559188561301,3889954,64
2019-05-30 10:36:55.816,5.0,buy,285.72,ETH-27SEP19-240-P,96.13,0.11,5.0,0,1559212615816,3915464,65
2019-05-30 21:26:28.667,1.0,buy,242.43,ETH-27SEP19-240-P,96.19,0.2,1.0,0,1559251588667,3989913,66
2019-05-30 21:28:18.671,9.0,buy,239.93,ETH-27SEP19-240-P,93.94,0.2,9.0,1,1559251698671,3993196,67
2019-05-30 21:35:25.720,1.0,sell,243.75,ETH-27SEP19-240-P,93.22,0.197,1.0,2,1559252125720,4003108,68
2019-05-31 13:00:15.346,25.0,sell,259.14,ETH-27SEP19-240-P,97.7,0.168,25.0,2,1559307615346,4056834,69
2019-06-01 17:18:20.180,80.0,buy,264.43,ETH-27SEP19-240-P,95.38,0.141,80.0,2,1559409500180,4138364,70
2019-06-01 17:18:20.180,120.0,buy,264.43,ETH-27SEP19-240-P,95.38,0.141,120.0,3,1559409500180,4138365,71
2019-06-01 21:55:37.899,1.0,buy,268.56,ETH-27SEP19-240-P,95.16,0.131,1.0,2,1559426137899,4147799,72
2019-06-02 12:47:14.473,48.0,buy,273.27,ETH-27SEP19-240-P,84.97,0.107,48.0,2,1559479634473,4179306,73
2019-06-03 07:11:26.873,228.0,buy,256.69,ETH-27SEP19-240-P,89.96,0.145,228.0,0,1559545886873,4224941,74
2019-06-03 07:14:53.100,70.0,sell,259.4,ETH-27SEP19-240-P,82.83,0.126,70.0,2,1559546093100,4226734,75
2019-06-04 00:37:23.206,50.0,sell,245.44,ETH-27SEP19-240-P,86.17,0.16,50.0,0,1559608643206,4290047,76
2019-06-04 17:39:59.044,1.0,buy,243.25,ETH-27SEP19-240-P,89.52,0.177,1.0,0,1559669999044,4339583,77
2019-06-05 15:06:27.300,20.0,buy,240.71,ETH-27SEP19-240-P,96.87,0.20199999999999999,20.0,0,1559747187300,4397598,78
2019-06-05 19:33:07.364,20.0,sell,247.41,ETH-27SEP19-240-P,92.06,0.174,20.0,2,1559763187364,4408396,79
2019-06-07 19:40:07.725,5.0,buy,249.12,ETH-27SEP19-240-P,89.96,0.166,5.0,2,1559936407725,4502646,80
2019-06-09 16:11:48.357,1.0,buy,231.4,ETH-27SEP19-240-P,81.39,0.198,1.0,0,1560096708357,4554913,81
2019-06-10 10:11:35.250,36.0,buy,235.46,ETH-27SEP19-240-P,85.4,0.192,36.0,2,1560161495250,4584188,82
2019-06-10 10:11:35.417,36.0,buy,235.46,ETH-27SEP19-240-P,85.4,0.192,36.0,3,1560161495417,4584189,83
2019-06-10 10:11:35.455,28.0,buy,235.46,ETH-27SEP19-240-P,85.4,0.192,28.0,3,1560161495455,4584190,84
2019-06-13 19:38:00.346,1.0,sell,259.44,ETH-27SEP19-240-P,85.69,0.132,1.0,2,1560454680346,4721631,85
2019-06-14 22:33:30.237,100.0,buy,263.06,ETH-27SEP19-240-P,90.73,0.133,100.0,0,1560551610237,4771188,86
2019-06-15 03:19:19.885,1.0,buy,265.66,ETH-27SEP19-240-P,89.87,0.12300000000000001,1.0,2,1560568759885,4780346,87
2019-06-15 14:03:14.681,5.0,sell,263.79,ETH-27SEP19-240-P,88.95,0.12300000000000001,5.0,3,1560607394681,4789573,88
2019-06-15 14:46:32.091,5.0,sell,265.04,ETH-27SEP19-240-P,89.56,0.121,5.0,2,1560609992091,4790277,89
2019-06-15 16:45:12.114,10.0,sell,272.33,ETH-27SEP19-240-P,91.39,0.113,10.0,2,1560617112114,4795097,90
2019-06-15 17:14:08.133,1.0,buy,269.71,ETH-27SEP19-240-P,91.52,0.11699999999999999,1.0,0,1560618848133,4797087,91
2019-06-15 18:35:43.955,1.0,buy,270.69,ETH-27SEP19-240-P,92.15,0.11699999999999999,1.0,1,1560623743955,4798778,92
2019-06-15 18:42:10.178,2.0,buy,270.33,ETH-27SEP19-240-P,91.79,0.11699999999999999,2.0,1,1560624130178,4799010,93
2019-06-16 04:40:43.696,10.0,buy,271.61,ETH-27SEP19-240-P,93.92,0.11900000000000001,10.0,0,1560660043696,4812709,94
2019-06-16 06:01:00.505,10.0,sell,276.83,ETH-27SEP19-240-P,94.12,0.11,10.0,2,1560664860505,4817998,95
2019-06-19 23:27:40.425,1.0,buy,268.82,ETH-27SEP19-240-P,95.96,0.122,1.0,0,1560986860425,4995701,96
