date_utc,amount,direction,indexPrice,instrument,iv,price,quantity,tickDirection,timeStamp,tradeId,tradeSeq
2019-05-03 15:02:43.713,1.0,sell,5704.03,BTC-17MAY19-7000-C,68.87,0.004,1.0,1,1556895763713,18686687,1
2019-05-04 13:49:06.543,5.0,sell,5596.58,BTC-17MAY19-7000-C,71.95,0.003,5.0,2,1556977746543,18769813,2
2019-05-04 21:31:09.670,10.0,buy,5776.48,BTC-17MAY19-7000-C,64.74,0.003,10.0,3,1557005469670,18813774,3
2019-05-04 21:31:29.487,5.0,buy,5773.86,BTC-17MAY19-7000-C,67.02,0.0035,5.0,0,1557005489487,18813837,4
2019-05-05 03:46:15.278,0.1,buy,5752.76,BTC-17MAY19-7000-C,68.72,0.0035,0.1,1,1557027975278,18851279,5
2019-05-05 03:46:16.149,0.1,buy,5752.76,BTC-17MAY19-7000-C,68.72,0.0035,0.1,1,1557027976149,18851280,6
2019-05-05 03:46:16.864,0.1,buy,5752.76,BTC-17MAY19-7000-C,68.72,0.0035,0.1,1,1557027976864,18851281,7
2019-05-05 03:46:17.603,0.1,buy,5752.76,BTC-17MAY19-7000-C,68.72,0.0035,0.1,1,1557027977603,18851282,8
2019-05-05 18:55:22.878,3.2,buy,5706.51,BTC-17MAY19-7000-C,74.92,0.004,3.2,1,1557082522878,18892903,10
2019-05-05 18:55:22.878,0.1,buy,5706.51,BTC-17MAY19-7000-C,74.92,0.004,0.1,0,1557082522878,18892902,9
2019-05-05 20:55:45.182,10.0,buy,5747.65,BTC-17MAY19-7000-C,75.16,0.0045,10.0,0,1557089745182,18899420,11
2019-05-05 20:57:12.774,2.9,buy,5749.74,BTC-17MAY19-7000-C,75.06,0.0045,2.9,1,1557089832774,18899452,13
2019-05-05 20:57:12.774,0.1,buy,5749.74,BTC-17MAY19-7000-C,75.06,0.0045,0.1,1,1557089832774,18899451,12
2019-05-05 20:57:22.851,1.0,buy,5750.34,BTC-17MAY19-7000-C,75.03,0.0045,1.0,1,1557089842851,18899453,14
2019-05-06 17:54:02.392,1.0,buy,5701.52,BTC-17MAY19-7000-C,78.49,0.004,1.0,2,1557165242392,18967760,15
2019-05-06 20:18:02.657,0.4,sell,5704.5,BTC-17MAY19-7000-C,71.38,0.0025,0.4,2,1557173882657,18977212,16
2019-05-06 23:03:07.102,10.0,buy,5706.41,BTC-17MAY19-7000-C,76.79,0.0035,10.0,0,1557183787102,18985917,17
2019-05-07 00:58:45.330,9.4,sell,5750.94,BTC-17MAY19-7000-C,69.81,0.0025,9.4,3,1557190725330,18991870,19
2019-05-07 00:58:45.330,30.0,sell,5750.94,BTC-17MAY19-7000-C,69.81,0.0025,30.0,2,1557190725330,18991869,18
2019-05-07 00:58:45.332,0.6,buy,5750.94,BTC-17MAY19-7000-C,69.81,0.0025,0.6,3,1557190725332,18991871,20
2019-05-07 02:18:43.347,0.1,buy,5773.67,BTC-17MAY19-7000-C,73.88,0.0035,0.1,0,1557195523347,18996004,21
2019-05-07 02:56:31.517,0.3,buy,5888.82,BTC-17MAY19-7000-C,68.13,0.0035,0.3,1,1557197791517,19007649,22
2019-05-07 02:56:31.517,10.0,buy,5888.82,BTC-17MAY19-7000-C,68.13,0.0035,10.0,1,1557197791517,19007650,23
2019-05-07 03:00:00.314,9.0,buy,5917.84,BTC-17MAY19-7000-C,68.74,0.004,9.0,0,1557198000314,19009956,24
2019-05-07 03:10:28.739,10.0,buy,5906.87,BTC-17MAY19-7000-C,71.29,0.0045,10.0,0,1557198628739,19016682,25
2019-05-07 03:13:11.610,10.0,buy,5894.5,BTC-17MAY19-7000-C,73.82,0.005,10.0,0,1557198791610,19017220,26
2019-05-07 03:13:11.610,0.1,buy,5894.5,BTC-17MAY19-7000-C,73.82,0.005,0.1,1,1557198791610,19017221,27
2019-05-09 00:56:13.635,5.0,buy,5993.62,BTC-17MAY19-7000-C,71.91,0.004,5.0,2,1557363373635,19198354,28
2019-05-09 00:58:03.190,15.0,buy,6025.02,BTC-17MAY19-7000-C,70.12,0.004,15.0,3,1557363483190,19199914,29
2019-05-09 05:03:46.529,0.1,buy,6072.52,BTC-17MAY19-7000-C,73.88,0.0055,0.1,0,1557378226529,19220892,30
2019-05-09 06:48:36.835,30.0,sell,6063.26,BTC-17MAY19-7000-C,68.94,0.004,30.0,2,1557384516835,19225445,31
2019-05-09 13:12:03.876,0.5,buy,5972.63,BTC-17MAY19-7000-C,73.17,0.0035,0.5,2,1557407523876,19245730,32
2019-05-09 18:09:20.536,1.0,sell,6061.64,BTC-17MAY19-7000-C,66.5,0.003,1.0,2,1557425360536,19256927,33
2019-05-10 02:44:33.917,0.1,buy,6234.5,BTC-17MAY19-7000-C,69.54,0.006,0.1,0,1557456273917,19297507,35
2019-05-10 02:44:33.917,0.1,buy,6234.5,BTC-17MAY19-7000-C,67.81,0.0055,0.1,0,1557456273917,19297506,34
2019-05-10 02:44:33.917,2.8000000000000003,buy,6234.5,BTC-17MAY19-7000-C,69.54,0.006,2.8000000000000003,1,1557456273917,19297509,37
2019-05-10 02:44:33.917,2.0,buy,6234.5,BTC-17MAY19-7000-C,69.54,0.006,2.0,1,1557456273917,19297508,36
2019-05-10 04:16:11.690,0.1,buy,6264.98,BTC-17MAY19-7000-C,67.81,0.006,0.1,1,1557461771690,19314383,38
2019-05-10 04:16:11.690,1.9,buy,6264.98,BTC-17MAY19-7000-C,71.06,0.006999999999999999,1.9,0,1557461771690,19314384,39
2019-05-10 04:17:45.054,2.0,buy,6257.8,BTC-17MAY19-7000-C,71.56,0.006999999999999999,2.0,1,1557461865054,19314645,40
2019-05-10 04:19:42.211,1.0,sell,6241.9,BTC-17MAY19-7000-C,65.84,0.005,1.0,2,1557461982211,19315266,41
2019-05-10 04:35:24.859,1.0,buy,6241.52,BTC-17MAY19-7000-C,72.74,0.006999999999999999,1.0,0,1557462924859,19318274,42
2019-05-10 04:36:43.364,5.0,buy,6238.45,BTC-17MAY19-7000-C,72.96,0.006999999999999999,5.0,1,1557463003364,19318309,43
2019-05-10 04:37:57.381,5.0,buy,6223.63,BTC-17MAY19-7000-C,73.97,0.006999999999999999,5.0,1,1557463077381,19318545,44
2019-05-10 04:44:44.312,0.1,buy,6267.35,BTC-17MAY19-7000-C,72.56,0.0075,0.1,0,1557463484312,19319512,45
2019-05-10 04:44:44.312,2.8000000000000003,buy,6267.35,BTC-17MAY19-7000-C,74.08,0.008,2.8000000000000003,1,1557463484312,19319514,47
2019-05-10 04:44:44.312,0.1,buy,6267.35,BTC-17MAY19-7000-C,74.08,0.008,0.1,0,1557463484312,19319513,46
2019-05-10 04:46:24.388,1.0,buy,6274.0,BTC-17MAY19-7000-C,73.61,0.008,1.0,1,1557463584388,19319736,48
2019-05-10 04:51:14.025,1.9,buy,6287.71,BTC-17MAY19-7000-C,74.13,0.0085,1.9,1,1557463874025,19320594,50
2019-05-10 04:51:14.025,0.1,buy,6287.71,BTC-17MAY19-7000-C,74.13,0.0085,0.1,0,1557463874025,19320593,49
2019-05-10 08:02:46.278,0.1,buy,6320.83,BTC-17MAY19-7000-C,73.88,0.009000000000000001,0.1,0,1557475366278,19336455,51
2019-05-10 08:19:24.505,0.1,buy,6282.65,BTC-17MAY19-7000-C,75.26,0.0085,0.1,2,1557476364505,19340441,52
2019-05-10 08:40:01.956,0.1,buy,6283.32,BTC-17MAY19-7000-C,75.29,0.0085,0.1,3,1557477601956,19342073,53
2019-05-10 09:06:52.025,1.0,buy,6276.11,BTC-17MAY19-7000-C,74.41,0.008,1.0,2,1557479212025,19344345,54
2019-05-10 09:11:54.280,0.9,buy,6285.38,BTC-17MAY19-7000-C,73.77,0.008,0.9,3,1557479514280,19344551,55
2019-05-10 10:17:28.240,0.1,sell,6293.57,BTC-17MAY19-7000-C,70.34,0.006999999999999999,0.1,2,1557483448240,19348354,56
2019-05-10 11:59:36.957,0.1,sell,6284.86,BTC-17MAY19-7000-C,64.5,0.005,0.1,2,1557489576957,19351750,57
2019-05-10 14:56:39.547,0.1,sell,6250.99,BTC-17MAY19-7000-C,63.42,0.004,0.1,2,1557500199547,19364161,58
2019-05-10 16:11:10.439,2.0,buy,6339.61,BTC-17MAY19-7000-C,61.62,0.005,2.0,0,1557504670439,19369573,59
2019-05-10 16:11:26.355,3.0,buy,6333.7,BTC-17MAY19-7000-C,63.79,0.0055,3.0,0,1557504686355,19369818,60
2019-05-10 16:42:23.514,10.0,buy,6379.9,BTC-17MAY19-7000-C,63.95,0.0065,10.0,0,1557506543514,19375233,61
2019-05-10 17:40:53.761,40.0,buy,6389.59,BTC-17MAY19-7000-C,65.01,0.006999999999999999,40.0,0,1557510053761,19386123,62
2019-05-10 20:41:53.727,0.2,sell,6300.8,BTC-17MAY19-7000-C,68.78,0.006,0.2,2,1557520913727,19398821,63
2019-05-10 20:43:07.250,2.8000000000000003,sell,6293.15,BTC-17MAY19-7000-C,69.32,0.006,2.8000000000000003,3,1557520987250,19400770,64
2019-05-10 20:58:15.168,3.0,buy,6277.77,BTC-17MAY19-7000-C,70.46,0.006,3.0,3,1557521895168,19405837,65
2019-05-10 20:58:59.732,4.0,buy,6293.69,BTC-17MAY19-7000-C,71.05,0.0065,4.0,0,1557521939732,19406106,66
2019-05-10 21:13:21.053,1.0,buy,6321.69,BTC-17MAY19-7000-C,70.73,0.006999999999999999,1.0,0,1557522801053,19408246,67
2019-05-10 21:40:14.443,1.0,sell,6331.07,BTC-17MAY19-7000-C,63.3,0.005,1.0,2,1557524414443,19410642,68
2019-05-10 21:40:14.443,4.0,sell,6331.07,BTC-17MAY19-7000-C,63.3,0.005,4.0,3,1557524414443,19410643,69
2019-05-10 21:44:50.428,5.0,sell,6333.57,BTC-17MAY19-7000-C,64.94,0.0055,5.0,0,1557524690428,19410839,70
2019-05-10 21:44:59.775,5.0,sell,6333.99,BTC-17MAY19-7000-C,63.11,0.005,5.0,2,1557524699775,19410882,71
2019-05-10 22:36:18.631,0.1,buy,6353.29,BTC-17MAY19-7000-C,68.73,0.006999999999999999,0.1,0,1557527778631,19412443,72
2019-05-10 22:51:25.602,0.2,buy,6385.23,BTC-17MAY19-7000-C,66.42,0.006999999999999999,0.2,1,1557528685602,19413440,73
2019-05-11 01:36:49.482,20.0,buy,6407.63,BTC-17MAY19-7000-C,69.88,0.0085,20.0,0,1557538609482,19420580,74
2019-05-11 02:12:45.570,0.2,buy,6493.61,BTC-17MAY19-7000-C,67.35,0.01,0.2,0,1557540765570,19427160,75
2019-05-11 02:58:48.111,0.3,sell,6515.42,BTC-17MAY19-7000-C,63.06,0.009000000000000001,0.3,2,1557543528111,19433388,76
2019-05-11 03:07:22.299,0.1,buy,6538.65,BTC-17MAY19-7000-C,65.13,0.0105,0.1,0,1557544042299,19435256,77
2019-05-11 03:07:40.306,0.2,buy,6543.87,BTC-17MAY19-7000-C,68.47,0.012,0.2,0,1557544060306,19435336,78
2019-05-11 03:26:12.820,0.1,sell,6532.45,BTC-17MAY19-7000-C,63.1,0.0095,0.1,2,1557545172820,19438030,79
2019-05-11 03:56:24.760,0.4,sell,6542.54,BTC-17MAY19-7000-C,66.26,0.011,0.4,0,1557546984760,19441260,80
2019-05-11 04:02:55.946,0.4,sell,6572.28,BTC-17MAY19-7000-C,65.0,0.0115,0.4,0,1557547375946,19441997,81
2019-05-11 04:03:01.018,0.4,sell,6572.38,BTC-17MAY19-7000-C,64.99,0.0115,0.4,1,1557547381018,19442009,82
2019-05-11 04:03:06.222,0.4,sell,6573.38,BTC-17MAY19-7000-C,64.9,0.0115,0.4,1,1557547386222,19442025,83
2019-05-11 04:03:10.611,0.4,sell,6573.2,BTC-17MAY19-7000-C,64.92,0.0115,0.4,1,1557547390611,19442028,84
2019-05-11 04:47:05.482,0.5,buy,6662.06,BTC-17MAY19-7000-C,68.63,0.0165,0.5,0,1557550025482,19450580,85
2019-05-11 05:39:13.661,0.4,buy,6693.19,BTC-17MAY19-7000-C,63.65,0.0155,0.4,2,1557553153661,19470447,86
2019-05-11 05:39:14.731,0.4,buy,6692.7,BTC-17MAY19-7000-C,63.69,0.0155,0.4,3,1557553154731,19470462,87
2019-05-11 05:39:15.030,0.4,buy,6691.91,BTC-17MAY19-7000-C,63.77,0.0155,0.4,3,1557553155030,19470464,88
2019-05-11 05:39:21.450,0.4,buy,6694.93,BTC-17MAY19-7000-C,64.58,0.016,0.4,0,1557553161450,19470479,89
2019-05-11 06:05:51.512,0.1,buy,6764.36,BTC-17MAY19-7000-C,58.89,0.0165,0.1,0,1557554751512,19477515,90
2019-05-11 06:13:04.711,0.1,sell,6848.14,BTC-17MAY19-7000-C,59.26,0.021,0.1,0,1557555184711,19485970,91
2019-05-11 06:20:35.604,1.0,buy,6849.54,BTC-17MAY19-7000-C,59.13,0.021,1.0,1,1557555635604,19490243,92
2019-05-11 06:22:45.175,1.0,buy,6892.04,BTC-17MAY19-7000-C,58.25,0.023,1.0,0,1557555765175,19491470,93
2019-05-11 06:28:01.819,0.4,buy,6939.11,BTC-17MAY19-7000-C,73.07,0.0335,0.4,0,1557556081819,19496778,94
2019-05-11 06:28:17.371,0.4,sell,6953.26,BTC-17MAY19-7000-C,74.2,0.035,0.4,0,1557556097371,19497068,95
2019-05-11 06:28:35.241,0.2,sell,6962.05,BTC-17MAY19-7000-C,74.05,0.0355,0.2,0,1557556115241,19497534,96
2019-05-11 06:34:46.675,0.4,sell,6874.04,BTC-17MAY19-7000-C,61.37,0.0235,0.4,2,1557556486675,19503190,97
2019-05-11 06:34:49.410,0.4,buy,6880.72,BTC-17MAY19-7000-C,60.6,0.0235,0.4,3,1557556489410,19503283,98
2019-05-11 06:34:59.099,0.2,sell,6878.54,BTC-17MAY19-7000-C,56.89,0.0215,0.2,2,1557556499099,19503445,99
2019-05-11 06:35:05.869,0.1,buy,6882.58,BTC-17MAY19-7000-C,60.38,0.0235,0.1,0,1557556505869,19503525,100
2019-05-11 06:54:00.190,0.1,sell,6798.17,BTC-17MAY19-7000-C,66.91,0.022000000000000002,0.1,2,1557557640190,19515742,101
2019-05-11 06:56:05.830,0.1,buy,6813.43,BTC-17MAY19-7000-C,61.19,0.02,0.1,2,1557557765830,19516617,102
2019-05-11 06:56:28.422,0.1,buy,6819.55,BTC-17MAY19-7000-C,62.56,0.021,0.1,0,1557557788422,19516722,103
2019-05-11 07:07:28.243,0.4,buy,6796.93,BTC-17MAY19-7000-C,64.03,0.0205,0.4,2,1557558448243,19520569,104
2019-05-11 07:07:33.150,0.4,sell,6794.75,BTC-17MAY19-7000-C,65.29,0.021,0.4,0,1557558453150,19520593,105
2019-05-11 07:07:46.941,0.4,sell,6787.22,BTC-17MAY19-7000-C,66.1,0.021,0.4,1,1557558466941,19520614,106
2019-05-11 07:07:48.611,0.4,sell,6787.04,BTC-17MAY19-7000-C,66.12,0.021,0.4,1,1557558468611,19520625,107
2019-05-11 07:07:48.814,0.4,sell,6787.06,BTC-17MAY19-7000-C,66.11,0.021,0.4,1,1557558468814,19520627,108
2019-05-11 07:16:53.928,0.2,buy,6811.61,BTC-17MAY19-7000-C,63.5,0.021,0.2,1,1557559013928,19522411,109
2019-05-11 07:31:26.372,0.1,buy,6859.62,BTC-17MAY19-7000-C,60.24,0.022000000000000002,0.1,0,1557559886372,19525490,110
2019-05-11 07:35:37.367,0.2,buy,6838.54,BTC-17MAY19-7000-C,64.64,0.023,0.2,0,1557560137367,19526147,111
2019-05-11 07:35:46.027,0.1,buy,6836.7,BTC-17MAY19-7000-C,66.86,0.024,0.1,0,1557560146027,19526181,112
2019-05-11 07:35:47.031,0.1,buy,6836.7,BTC-17MAY19-7000-C,68.86,0.025,0.1,0,1557560147031,19526196,113
2019-05-11 07:35:55.994,0.1,buy,6835.29,BTC-17MAY19-7000-C,71.02,0.026000000000000002,0.1,0,1557560155994,19526198,114
2019-05-11 07:36:02.699,15.0,buy,6834.3,BTC-17MAY19-7000-C,79.1,0.03,15.0,1,1557560162699,19526238,117
2019-05-11 07:36:02.699,0.5,buy,6834.3,BTC-17MAY19-7000-C,76.12,0.0285,0.5,0,1557560162699,19526236,115
2019-05-11 07:36:02.699,0.2,buy,6834.3,BTC-17MAY19-7000-C,79.1,0.03,0.2,0,1557560162699,19526237,116
2019-05-11 07:36:02.764,0.4,sell,6834.3,BTC-17MAY19-7000-C,79.1,0.03,0.4,1,1557560162764,19526244,118
2019-05-11 07:36:05.730,0.4,sell,6834.31,BTC-17MAY19-7000-C,79.1,0.03,0.4,1,1557560165730,19526247,119
2019-05-11 07:36:05.748,0.4,sell,6834.31,BTC-17MAY19-7000-C,79.1,0.03,0.4,1,1557560165748,19526249,120
2019-05-11 07:36:42.331,0.4,sell,6835.94,BTC-17MAY19-7000-C,78.92,0.03,0.4,1,1557560202331,19526292,121
2019-05-11 07:37:34.884,2.7,sell,6829.11,BTC-17MAY19-7000-C,79.71,0.03,2.7,1,1557560254884,19526415,122
2019-05-11 08:02:01.868,19.9,sell,6807.5,BTC-17MAY19-7000-C,74.26,0.026000000000000002,19.9,2,1557561721868,19530186,123
2019-05-11 08:04:28.142,15.0,sell,6810.8,BTC-17MAY19-7000-C,83.92,0.031,15.0,0,1557561868142,19530310,124
2019-05-11 08:04:28.433,5.0,sell,6810.8,BTC-17MAY19-7000-C,83.92,0.031,5.0,1,1557561868433,19530311,125
2019-05-11 08:30:57.747,1.0,sell,6734.86,BTC-17MAY19-7000-C,78.2,0.024,1.0,2,1557563457747,19534057,126
2019-05-11 08:35:11.141,10.0,buy,6705.64,BTC-17MAY19-7000-C,80.25,0.0235,10.0,2,1557563711141,19535993,127
2019-05-11 08:55:38.776,0.4,sell,6694.02,BTC-17MAY19-7000-C,76.25,0.021,0.4,2,1557564938776,19539071,128
2019-05-11 08:56:15.286,0.4,sell,6692.78,BTC-17MAY19-7000-C,75.31,0.0205,0.4,2,1557564975286,19539311,129
2019-05-11 08:56:42.206,0.2,buy,6674.17,BTC-17MAY19-7000-C,76.12,0.02,0.2,2,1557565002206,19539576,130
2019-05-11 10:38:02.191,0.5,sell,6836.31,BTC-17MAY19-7000-C,80.71,0.0305,0.5,0,1557571082191,19551605,131
2019-05-11 10:40:11.185,0.4,sell,6811.91,BTC-17MAY19-7000-C,83.55,0.0305,0.4,1,1557571211185,19551933,132
2019-05-11 10:40:11.258,0.1,sell,6811.91,BTC-17MAY19-7000-C,83.55,0.0305,0.1,1,1557571211258,19551935,133
2019-05-11 10:57:25.257,2.0,buy,6841.62,BTC-17MAY19-7000-C,83.19,0.032,2.0,0,1557572245257,19553876,134
2019-05-11 10:57:25.662,1.0,buy,6841.62,BTC-17MAY19-7000-C,83.19,0.032,1.0,1,1557572245662,19553883,135
2019-05-11 11:58:21.348,0.7000000000000001,sell,6786.57,BTC-17MAY19-7000-C,85.82,0.03,0.7000000000000001,2,1557575901348,19558928,136
2019-05-11 12:07:39.799,0.4,sell,6779.38,BTC-17MAY19-7000-C,85.67,0.0295,0.4,2,1557576459799,19559832,137
2019-05-11 12:08:35.904,0.4,sell,6772.11,BTC-17MAY19-7000-C,85.47,0.028999999999999998,0.4,2,1557576515904,19560067,138
2019-05-11 12:13:41.945,0.5,sell,6741.83,BTC-17MAY19-7000-C,82.66,0.026000000000000002,0.5,2,1557576821945,19561571,139
2019-05-11 12:32:28.300,1.0,sell,6768.36,BTC-17MAY19-7000-C,79.83,0.026000000000000002,1.0,3,1557577948300,19563620,140
2019-05-11 14:14:59.372,1.0,sell,6812.54,BTC-17MAY19-7000-C,75.34,0.026000000000000002,1.0,3,1557584099372,19571264,141
2019-05-11 14:24:38.511,0.1,sell,6792.93,BTC-17MAY19-7000-C,69.29,0.022000000000000002,0.1,2,1557584678511,19572529,142
2019-05-11 14:45:51.372,1.6,buy,6800.27,BTC-17MAY19-7000-C,79.98,0.0275,1.6,0,1557585951372,19575021,144
2019-05-11 14:45:51.372,0.4,buy,6800.27,BTC-17MAY19-7000-C,76.88,0.026000000000000002,0.4,0,1557585951372,19575020,143
2019-05-11 15:20:36.360,0.4,buy,6828.77,BTC-17MAY19-7000-C,73.76,0.026000000000000002,0.4,2,1557588036360,19578324,145
2019-05-11 15:20:37.483,0.4,buy,6829.09,BTC-17MAY19-7000-C,73.73,0.026000000000000002,0.4,3,1557588037483,19578330,146
2019-05-11 15:20:37.664,0.4,buy,6829.09,BTC-17MAY19-7000-C,73.73,0.026000000000000002,0.4,3,1557588037664,19578333,147
2019-05-11 15:20:37.714,0.4,buy,6829.09,BTC-17MAY19-7000-C,73.73,0.026000000000000002,0.4,3,1557588037714,19578335,148
2019-05-11 15:20:43.600,1.0,buy,6829.1,BTC-17MAY19-7000-C,73.73,0.026000000000000002,1.0,3,1557588043600,19578363,149
2019-05-11 15:20:44.703,0.4,buy,6828.43,BTC-17MAY19-7000-C,73.8,0.026000000000000002,0.4,3,1557588044703,19578364,150
2019-05-11 15:24:38.401,10.0,buy,6864.34,BTC-17MAY19-7000-C,73.67,0.027999999999999997,10.0,0,1557588278401,19579470,151
2019-05-11 15:41:26.583,5.0,buy,6859.76,BTC-17MAY19-7000-C,75.31,0.0285,5.0,0,1557589286583,19583563,152
2019-05-11 15:46:13.148,5.0,buy,6868.84,BTC-17MAY19-7000-C,74.24,0.0285,5.0,1,1557589573148,19583921,153
2019-05-11 15:52:43.219,0.4,buy,6894.12,BTC-17MAY19-7000-C,74.21,0.03,0.4,0,1557589963219,19585050,154
2019-05-11 15:52:52.272,0.4,buy,6895.82,BTC-17MAY19-7000-C,74.0,0.03,0.4,1,1557589972272,19585084,155
2019-05-11 15:52:54.080,9.2,buy,6898.36,BTC-17MAY19-7000-C,73.69,0.03,9.2,1,1557589974080,19585088,156
2019-05-11 16:00:03.247,0.2,buy,6948.75,BTC-17MAY19-7000-C,77.35,0.035,0.2,0,1557590403247,19589106,157
2019-05-11 16:03:36.734,0.4,buy,6917.62,BTC-17MAY19-7000-C,85.44,0.037000000000000005,0.4,0,1557590616734,19591452,158
2019-05-11 16:03:36.734,17.6,buy,6917.62,BTC-17MAY19-7000-C,86.44,0.0375,17.6,0,1557590616734,19591453,159
2019-05-11 16:05:26.839,1.6,buy,6903.01,BTC-17MAY19-7000-C,88.31,0.0375,1.6,0,1557590726839,19592050,161
2019-05-11 16:05:26.839,0.4,buy,6903.01,BTC-17MAY19-7000-C,85.28,0.036000000000000004,0.4,2,1557590726839,19592049,160
2019-05-11 16:08:00.838,3.0,sell,6925.15,BTC-17MAY19-7000-C,82.47,0.036000000000000004,3.0,2,1557590880838,19593054,162
2019-05-11 16:15:37.157,0.2,buy,6994.71,BTC-17MAY19-7000-C,79.3,0.039,0.2,0,1557591337157,19596500,163
2019-05-11 16:47:37.112,0.4,buy,6958.76,BTC-17MAY19-7000-C,84.32,0.039,0.4,1,1557593257112,19607043,164
2019-05-11 16:50:02.598,0.4,sell,6924.81,BTC-17MAY19-7000-C,78.69,0.034,0.4,2,1557593402598,19608070,165
2019-05-11 16:54:58.779,0.4,buy,6936.5,BTC-17MAY19-7000-C,86.29,0.0385,0.4,0,1557593698779,19610477,166
2019-05-11 17:07:05.162,4.0,sell,6898.39,BTC-17MAY19-7000-C,79.1,0.0325,4.0,2,1557594425162,19613348,167
2019-05-11 18:24:22.663,3.5,sell,6998.09,BTC-17MAY19-7000-C,79.46,0.039,3.5,0,1557599062663,19624183,168
2019-05-11 19:14:49.078,8.8,sell,6941.5,BTC-17MAY19-7000-C,75.18,0.033,8.8,2,1557602089078,19630049,171
2019-05-11 19:14:49.078,0.4,sell,6941.5,BTC-17MAY19-7000-C,78.23,0.0345,0.4,2,1557602089078,19630047,169
2019-05-11 19:14:49.078,4.8,sell,6941.5,BTC-17MAY19-7000-C,77.21,0.034,4.8,2,1557602089078,19630048,170
2019-05-11 19:51:46.597,0.5,sell,6940.56,BTC-17MAY19-7000-C,76.5,0.0335,0.5,0,1557604306597,19633854,172
2019-05-11 21:59:18.745,5.0,buy,7076.36,BTC-17MAY19-7000-C,77.31,0.043,5.0,0,1557611958745,19646637,173
2019-05-11 22:04:31.862,2.0,buy,7141.91,BTC-17MAY19-7000-C,77.41,0.048,2.0,0,1557612271862,19650021,174
2019-05-11 22:04:46.086,2.0,buy,7153.42,BTC-17MAY19-7000-C,75.5,0.048,2.0,1,1557612286086,19650272,175
2019-05-11 22:04:47.047,1.0,buy,7152.8,BTC-17MAY19-7000-C,75.6,0.048,1.0,1,1557612287047,19650277,176
2019-05-11 22:05:16.149,0.2,buy,7180.05,BTC-17MAY19-7000-C,73.07,0.049,0.2,0,1557612316149,19651167,177
2019-05-11 22:05:32.249,0.1,buy,7197.48,BTC-17MAY19-7000-C,72.16,0.05,0.1,0,1557612332249,19652220,178
2019-05-11 22:07:36.628,3.7,sell,7121.56,BTC-17MAY19-7000-C,76.52,0.046,3.7,2,1557612456628,19656138,179
2019-05-11 22:07:44.022,1.3,sell,7120.69,BTC-17MAY19-7000-C,75.6,0.0455,1.3,2,1557612464022,19656316,180
2019-05-11 22:15:08.858,1.0,sell,7117.39,BTC-17MAY19-7000-C,73.0,0.044000000000000004,1.0,2,1557612908858,19660742,181
2019-05-11 22:23:47.515,0.2,buy,7224.7,BTC-17MAY19-7000-C,87.16,0.059000000000000004,0.2,0,1557613427515,19664294,182
2019-05-11 22:24:49.788,3.2,buy,7183.13,BTC-17MAY19-7000-C,96.37,0.06,3.2,0,1557613489788,19665845,183
2019-05-11 22:25:50.985,0.1,buy,7182.84,BTC-17MAY19-7000-C,95.35,0.0595,0.1,2,1557613550985,19666636,184
2019-05-11 22:35:12.457,0.2,buy,7310.01,BTC-17MAY19-7000-C,94.09,0.069,0.2,0,1557614112457,19674510,185
2019-05-11 22:35:56.285,12.0,sell,7329.82,BTC-17MAY19-7000-C,89.19,0.0685,12.0,2,1557614156285,19675173,186
2019-05-11 22:37:16.534,4.0,sell,7320.9,BTC-17MAY19-7000-C,92.06,0.069,4.0,2,1557614236534,19676353,188
2019-05-11 22:37:16.534,4.0,sell,7320.9,BTC-17MAY19-7000-C,93.2,0.0695,4.0,0,1557614236534,19676352,187
2019-05-11 22:40:42.325,0.2,buy,7232.77,BTC-17MAY19-7000-C,93.52,0.0625,0.2,2,1557614442325,19680564,189
2019-05-11 22:40:45.713,0.2,buy,7240.56,BTC-17MAY19-7000-C,92.16,0.0625,0.2,3,1557614445713,19680711,190
2019-05-11 22:40:51.406,9.6,buy,7247.82,BTC-17MAY19-7000-C,90.88,0.0625,9.6,3,1557614451406,19680799,191
2019-05-11 22:44:18.825,0.4,sell,7253.99,BTC-17MAY19-7000-C,94.22,0.0645,0.4,0,1557614658825,19682818,192
2019-05-11 22:45:28.279,0.4,buy,7257.93,BTC-17MAY19-7000-C,96.85,0.066,0.4,0,1557614728279,19683515,193
2019-05-11 22:47:52.136,0.4,sell,7231.11,BTC-17MAY19-7000-C,93.85,0.0625,0.4,2,1557614872136,19684933,194
2019-05-11 22:48:15.719,0.2,sell,7228.69,BTC-17MAY19-7000-C,93.17,0.062,0.2,2,1557614895719,19685209,195
2019-05-11 22:49:42.667,0.3,buy,7239.9,BTC-17MAY19-7000-C,91.23,0.062,0.3,3,1557614982667,19686532,196
2019-05-11 22:51:47.277,0.4,sell,7256.44,BTC-17MAY19-7000-C,93.84,0.0645,0.4,0,1557615107277,19687482,197
2019-05-11 22:51:52.932,0.4,sell,7260.65,BTC-17MAY19-7000-C,95.31,0.0655,0.4,0,1557615112932,19687499,198
2019-05-11 22:53:10.768,0.4,sell,7266.44,BTC-17MAY19-7000-C,94.29,0.0655,0.4,1,1557615190768,19687778,199
2019-05-11 22:54:41.926,0.1,buy,7279.43,BTC-17MAY19-7000-C,97.54,0.068,0.1,0,1557615281926,19688522,200
2019-05-11 22:58:31.608,1.3,sell,7270.38,BTC-17MAY19-7000-C,91.38,0.0645,1.3,2,1557615511608,19689809,201
2019-05-11 23:02:34.650,0.4,sell,7275.33,BTC-17MAY19-7000-C,101.65,0.0695,0.4,0,1557615754650,19691375,202
2019-05-11 23:02:37.841,0.4,sell,7277.7,BTC-17MAY19-7000-C,101.23,0.0695,0.4,1,1557615757841,19691382,203
2019-05-11 23:02:37.863,0.4,sell,7277.7,BTC-17MAY19-7000-C,101.23,0.0695,0.4,1,1557615757863,19691384,204
2019-05-11 23:02:38.053,0.4,sell,7277.7,BTC-17MAY19-7000-C,101.23,0.0695,0.4,1,1557615758053,19691389,205
2019-05-11 23:02:38.322,0.4,sell,7277.7,BTC-17MAY19-7000-C,101.23,0.0695,0.4,1,1557615758322,19691391,206
2019-05-11 23:03:02.566,0.1,buy,7281.47,BTC-17MAY19-7000-C,101.68,0.07,0.1,0,1557615782566,19691500,207
2019-05-11 23:04:04.343,0.1,buy,7289.97,BTC-17MAY19-7000-C,104.63,0.07200000000000001,0.1,0,1557615844343,19691798,208
2019-05-11 23:04:20.111,0.1,buy,7289.62,BTC-17MAY19-7000-C,106.92,0.073,0.1,0,1557615860111,19691896,209
2019-05-11 23:04:22.172,0.4,sell,7290.87,BTC-17MAY19-7000-C,106.7,0.073,0.4,1,1557615862172,19691924,210
2019-05-11 23:07:54.228,2.0,sell,7319.38,BTC-17MAY19-7000-C,108.38,0.076,2.0,0,1557616074228,19693575,211
2019-05-11 23:08:14.959,0.1,buy,7335.75,BTC-17MAY19-7000-C,107.7,0.077,0.1,0,1557616094959,19693830,212
2019-05-11 23:40:01.309,0.2,buy,7369.35,BTC-17MAY19-7000-C,106.29,0.079,0.2,0,1557618001309,19717430,213
2019-05-11 23:42:22.726,0.2,buy,7309.67,BTC-17MAY19-7000-C,92.28,0.068,0.2,2,1557618142726,19719856,214
2019-05-11 23:42:24.034,0.2,buy,7312.87,BTC-17MAY19-7000-C,91.68,0.068,0.2,3,1557618144034,19719890,215
2019-05-11 23:42:33.616,1.6,buy,7337.2,BTC-17MAY19-7000-C,86.95,0.068,1.6,3,1557618153616,19720186,216
2019-05-11 23:53:53.016,0.4,sell,7251.87,BTC-17MAY19-7000-C,97.24,0.0655,0.4,2,1557618833016,19727953,217
2019-05-12 00:01:35.621,2.6,buy,7258.07,BTC-17MAY19-7000-C,96.2,0.0655,2.6,3,1557619295621,19732164,218
2019-05-12 00:01:35.621,0.4,buy,7258.07,BTC-17MAY19-7000-C,96.2,0.0655,0.4,3,1557619295621,19732165,219
2019-05-12 00:42:17.947,1.5,sell,7067.2,BTC-17MAY19-7000-C,102.65,0.054000000000000006,1.5,2,1557621737947,19759220,220
2019-05-12 00:44:28.728,1.0,buy,7067.49,BTC-17MAY19-7000-C,98.42,0.052000000000000005,1.0,2,1557621868728,19760743,221
2019-05-12 00:45:15.306,0.7000000000000001,buy,7072.15,BTC-17MAY19-7000-C,98.78,0.0525,0.7000000000000001,0,1557621915306,19761318,222
2019-05-12 00:59:47.017,0.4,sell,7077.85,BTC-17MAY19-7000-C,100.12,0.0535,0.4,0,1557622787017,19767336,223
2019-05-12 01:04:54.416,0.4,sell,7086.22,BTC-17MAY19-7000-C,97.83,0.053,0.4,2,1557623094416,19768678,224
2019-05-12 01:10:19.598,21.8,buy,7155.25,BTC-17MAY19-7000-C,105.17,0.0615,21.8,0,1557623419598,19770177,225
2019-05-12 02:17:41.671,0.1,sell,7209.52,BTC-17MAY19-7000-C,97.77,0.062,0.1,0,1557627461671,19786417,226
2019-05-12 03:25:36.347,0.2,buy,7219.79,BTC-17MAY19-7000-C,106.39,0.0665,0.2,0,1557631536347,19797432,227
2019-05-12 03:32:20.357,0.5,sell,7195.99,BTC-17MAY19-7000-C,96.16,0.06,0.5,2,1557631940357,19798039,228
2019-05-12 03:32:26.114,0.3,sell,7198.94,BTC-17MAY19-7000-C,95.66,0.06,0.3,3,1557631946114,19798054,229
2019-05-12 03:43:34.871,0.4,buy,7146.79,BTC-17MAY19-7000-C,93.55,0.055,0.4,2,1557632614871,19799879,230
2019-05-12 03:44:29.853,0.6,buy,7131.05,BTC-17MAY19-7000-C,96.1,0.055,0.6,3,1557632669853,19800180,231
2019-05-12 03:45:11.764,0.4,sell,7125.78,BTC-17MAY19-7000-C,90.49,0.052000000000000005,0.4,2,1557632711764,19800352,232
2019-05-12 03:45:11.764,0.6,sell,7125.78,BTC-17MAY19-7000-C,90.49,0.052000000000000005,0.6,3,1557632711764,19800353,233
2019-05-12 03:49:37.026,0.4,buy,7147.74,BTC-17MAY19-7000-C,97.76,0.057,0.4,0,1557632977026,19801227,234
2019-05-12 04:04:55.514,0.4,buy,7178.41,BTC-17MAY19-7000-C,102.62,0.0615,0.4,0,1557633895514,19802150,235
2019-05-12 05:31:33.382,1.0,buy,7280.75,BTC-17MAY19-7000-C,95.31,0.066,1.0,0,1557639093382,19811311,236
2019-05-12 07:12:06.776,1.0,buy,7484.72,BTC-17MAY19-7000-C,119.4,0.0925,1.0,0,1557645126776,19831118,237
2019-05-12 07:38:28.318,0.4,buy,7529.19,BTC-17MAY19-7000-C,106.22,0.091,0.4,2,1557646708318,19837758,238
2019-05-12 08:25:27.565,0.1,sell,7319.53,BTC-17MAY19-7000-C,87.64,0.0655,0.1,2,1557649527565,19860914,239
2019-05-12 08:33:19.568,0.1,buy,7385.12,BTC-17MAY19-7000-C,97.29,0.075,0.1,0,1557649999568,19864404,240
2019-05-12 09:02:33.721,0.8,buy,7440.4,BTC-17MAY19-7000-C,94.31,0.0785,0.8,0,1557651753721,19870562,241
2019-05-12 09:02:45.849,0.2,buy,7440.4,BTC-17MAY19-7000-C,94.31,0.0785,0.2,1,1557651765849,19870567,242
2019-05-12 09:18:24.023,0.4,buy,7452.81,BTC-17MAY19-7000-C,91.55,0.0785,0.4,1,1557652704023,19872782,243
2019-05-12 09:18:26.561,0.6,buy,7461.5,BTC-17MAY19-7000-C,89.48,0.0785,0.6,1,1557652706561,19872811,244
2019-05-12 09:18:26.561,3.4,buy,7461.5,BTC-17MAY19-7000-C,89.48,0.0785,3.4,1,1557652706561,19872812,245
2019-05-12 10:16:03.010,0.5,sell,7421.37,BTC-17MAY19-7000-C,76.63,0.07,0.5,2,1557656163010,19900878,246
2019-05-12 10:23:05.850,0.4,sell,7416.02,BTC-17MAY19-7000-C,83.42,0.07200000000000001,0.4,0,1557656585850,19902997,247
2019-05-12 11:08:04.150,0.4,buy,7244.87,BTC-17MAY19-7000-C,89.16,0.0595,0.4,2,1557659284150,19924102,248
2019-05-12 11:08:05.224,0.4,buy,7245.03,BTC-17MAY19-7000-C,89.13,0.0595,0.4,3,1557659285224,19924108,249
2019-05-12 11:08:08.345,0.2,buy,7249.69,BTC-17MAY19-7000-C,88.24,0.0595,0.2,3,1557659288345,19924137,250
2019-05-12 12:45:48.636,0.1,buy,7128.14,BTC-17MAY19-7000-C,91.33,0.051,0.1,2,1557665148636,19967737,251
2019-05-12 14:30:44.109,10.0,buy,7129.84,BTC-17MAY19-7000-C,80.41,0.046,10.0,2,1557671444109,19985360,252
2019-05-12 14:59:56.701,0.4,buy,6959.41,BTC-17MAY19-7000-C,83.31,0.035,0.4,2,1557673196701,19998374,253
2019-05-12 15:00:00.474,0.1,sell,6955.17,BTC-17MAY19-7000-C,83.93,0.035,0.1,3,1557673200474,19998382,254
2019-05-12 15:10:05.573,0.1,buy,7002.31,BTC-17MAY19-7000-C,84.71,0.0385,0.1,0,1557673805573,20003623,255
2019-05-12 15:15:46.270,0.4,buy,6985.54,BTC-17MAY19-7000-C,86.18,0.038,0.4,2,1557674146270,20005289,256
2019-05-12 15:16:01.055,0.4,buy,6981.09,BTC-17MAY19-7000-C,87.95,0.0385,0.4,0,1557674161055,20005360,257
2019-05-12 15:16:20.971,0.4,sell,6972.62,BTC-17MAY19-7000-C,81.47,0.035,0.4,2,1557674180971,20005455,258
2019-05-12 15:43:48.155,0.1,sell,6773.75,BTC-17MAY19-7000-C,88.31,0.026000000000000002,0.1,2,1557675828155,20012422,259
2019-05-12 15:46:21.678,2.5,sell,6823.5,BTC-17MAY19-7000-C,82.07,0.026000000000000002,2.5,3,1557675981678,20014528,261
2019-05-12 15:46:21.678,0.9,sell,6823.5,BTC-17MAY19-7000-C,82.07,0.026000000000000002,0.9,3,1557675981678,20014527,260
2019-05-12 15:46:34.726,0.1,buy,6816.2,BTC-17MAY19-7000-C,90.95,0.0295,0.1,0,1557675994726,20014607,262
2019-05-12 15:48:32.351,0.2,sell,6797.24,BTC-17MAY19-7000-C,83.12,0.025,0.2,2,1557676112351,20015776,263
2019-05-12 15:48:41.072,0.2,sell,6797.85,BTC-17MAY19-7000-C,74.98,0.0215,0.2,2,1557676121072,20015804,265
2019-05-12 15:48:41.072,0.2,sell,6797.85,BTC-17MAY19-7000-C,83.05,0.025,0.2,3,1557676121072,20015803,264
2019-05-12 15:53:10.128,0.4,buy,6844.51,BTC-17MAY19-7000-C,81.67,0.027000000000000003,0.4,0,1557676390128,20017569,266
2019-05-12 16:08:37.654,0.4,buy,6948.25,BTC-17MAY19-7000-C,86.47,0.0355,0.4,0,1557677317654,20023178,267
2019-05-12 16:08:37.656,0.1,sell,6948.25,BTC-17MAY19-7000-C,87.58,0.036000000000000004,0.1,0,1557677317656,20023179,268
2019-05-12 16:09:28.384,0.1,sell,6966.32,BTC-17MAY19-7000-C,78.29,0.033,0.1,2,1557677368384,20023423,269
2019-05-12 16:11:48.260,0.1,sell,6954.81,BTC-17MAY19-7000-C,77.77,0.032,0.1,2,1557677508260,20024456,270
2019-05-12 16:45:20.527,0.4,buy,6860.34,BTC-17MAY19-7000-C,85.54,0.0295,0.4,2,1557679520527,20030790,271
2019-05-12 16:45:48.140,0.2,buy,6861.14,BTC-17MAY19-7000-C,87.69,0.0305,0.2,1,1557679548140,20030836,273
2019-05-12 16:45:48.140,0.4,buy,6861.14,BTC-17MAY19-7000-C,87.69,0.0305,0.4,0,1557679548140,20030835,272
2019-05-12 16:51:45.318,0.4,sell,6828.46,BTC-17MAY19-7000-C,77.26,0.024,0.4,2,1557679905318,20032203,274
2019-05-12 16:52:27.935,0.4,sell,6818.81,BTC-17MAY19-7000-C,78.49,0.024,0.4,3,1557679947935,20032639,275
2019-05-12 17:14:28.647,0.4,buy,6908.56,BTC-17MAY19-7000-C,78.03,0.029,0.4,0,1557681268647,20037023,276
2019-05-12 17:14:30.536,0.4,buy,6907.66,BTC-17MAY19-7000-C,77.03,0.0285,0.4,2,1557681270536,20037026,277
2019-05-12 18:21:30.834,0.2,sell,6992.29,BTC-17MAY19-7000-C,76.27,0.0335,0.2,0,1557685290834,20048925,278
2019-05-12 18:22:13.082,0.1,buy,6995.73,BTC-17MAY19-7000-C,81.35,0.036000000000000004,0.1,0,1557685333082,20048993,279
2019-05-12 18:26:29.697,0.2,sell,7039.06,BTC-17MAY19-7000-C,76.79,0.037000000000000005,0.2,0,1557685589697,20050473,280
2019-05-12 18:30:48.312,0.1,buy,7014.37,BTC-17MAY19-7000-C,86.37,0.0395,0.1,0,1557685848312,20051383,281
2019-05-12 18:30:52.936,1.9,sell,7011.26,BTC-17MAY19-7000-C,86.86,0.0395,1.9,1,1557685852936,20051387,282
2019-05-12 18:32:55.802,0.4,buy,7000.13,BTC-17MAY19-7000-C,89.72,0.04,0.4,1,1557685975802,20051865,284
2019-05-12 18:32:55.802,0.1,buy,7000.13,BTC-17MAY19-7000-C,89.72,0.04,0.1,0,1557685975802,20051864,283
2019-05-12 18:32:55.830,0.1,sell,7000.13,BTC-17MAY19-7000-C,89.72,0.04,0.1,1,1557685975830,20051867,285
2019-05-12 18:36:13.806,0.1,sell,7024.49,BTC-17MAY19-7000-C,79.18,0.037000000000000005,0.1,2,1557686173806,20052702,286
2019-05-12 18:40:04.651,0.1,buy,7043.72,BTC-17MAY19-7000-C,82.89,0.04,0.1,0,1557686404651,20053110,287
2019-05-12 18:42:23.856,0.1,sell,7042.99,BTC-17MAY19-7000-C,79.63,0.0385,0.1,2,1557686543856,20053302,288
2019-05-12 18:45:58.070,0.2,sell,7047.81,BTC-17MAY19-7000-C,78.87,0.0385,0.2,3,1557686758070,20053430,289
2019-05-12 18:48:12.491,0.1,buy,7046.03,BTC-17MAY19-7000-C,83.69,0.0405,0.1,0,1557686892491,20053688,290
2019-05-12 18:48:12.491,0.1,buy,7046.03,BTC-17MAY19-7000-C,84.82,0.040999999999999995,0.1,0,1557686892491,20053689,291
2019-05-12 18:55:18.788,0.1,sell,7058.28,BTC-17MAY19-7000-C,82.86,0.040999999999999995,0.1,1,1557687318788,20054210,292
2019-05-12 18:57:46.964,0.4,sell,7070.47,BTC-17MAY19-7000-C,83.13,0.042,0.4,0,1557687466964,20054626,293
2019-05-12 18:58:26.405,0.4,sell,7075.85,BTC-17MAY19-7000-C,81.09,0.0415,0.4,2,1557687506405,20054656,294
2019-05-12 20:28:34.187,0.1,buy,7109.64,BTC-17MAY19-7000-C,81.57,0.044000000000000004,0.1,0,1557692914187,20072463,295
2019-05-12 20:28:34.187,0.2,buy,7109.64,BTC-17MAY19-7000-C,81.57,0.044000000000000004,0.2,1,1557692914187,20072464,296
2019-05-12 20:28:46.194,1.3,buy,7115.25,BTC-17MAY19-7000-C,81.74,0.0445,1.3,0,1557692926194,20072569,297
2019-05-12 20:35:27.373,0.1,sell,7123.7,BTC-17MAY19-7000-C,74.43,0.042,0.1,2,1557693327373,20073705,298
2019-05-12 20:37:47.746,0.2,sell,7135.63,BTC-17MAY19-7000-C,73.41,0.0425,0.2,0,1557693467746,20073992,299
2019-05-12 20:52:16.078,4.4,buy,7156.76,BTC-17MAY19-7000-C,74.22,0.0445,4.4,0,1557694336078,20076487,300
2019-05-12 20:52:16.916,0.2,buy,7159.68,BTC-17MAY19-7000-C,73.66,0.0445,0.2,1,1557694336916,20076513,302
2019-05-12 20:52:16.916,4.3,buy,7159.68,BTC-17MAY19-7000-C,73.66,0.0445,4.3,1,1557694336916,20076512,301
2019-05-12 22:04:34.979,0.2,buy,7128.44,BTC-17MAY19-7000-C,83.49,0.046,0.2,0,1557698674979,20085942,303
2019-05-12 22:04:34.979,0.2,buy,7128.44,BTC-17MAY19-7000-C,87.01,0.0475,0.2,0,1557698674979,20085943,304
2019-05-12 22:52:06.377,1.0,sell,6992.49,BTC-17MAY19-7000-C,74.42,0.032,1.0,2,1557701526377,20099792,305
2019-05-12 23:58:54.661,0.1,buy,6979.31,BTC-17MAY19-7000-C,75.73,0.0315,0.1,2,1557705534661,20108984,306
2019-05-13 01:29:13.800,1.0,buy,7051.85,BTC-17MAY19-7000-C,91.24,0.043,1.0,0,1557710953800,20119762,307
2019-05-13 01:30:31.771,0.1,buy,7063.69,BTC-17MAY19-7000-C,89.25,0.043,0.1,1,1557711031771,20119861,308
2019-05-13 02:37:12.220,0.1,buy,7009.54,BTC-17MAY19-7000-C,80.03,0.035,0.1,2,1557715032220,20123503,309
2019-05-13 02:37:38.959,0.1,buy,7009.98,BTC-17MAY19-7000-C,79.97,0.035,0.1,3,1557715058959,20123521,310
2019-05-13 02:37:43.228,0.1,buy,7010.09,BTC-17MAY19-7000-C,79.95,0.035,0.1,3,1557715063228,20123522,311
2019-05-13 02:38:11.631,0.1,buy,7001.32,BTC-17MAY19-7000-C,80.2,0.0345,0.1,2,1557715091631,20123545,312
2019-05-13 02:39:17.669,1.0,buy,6994.14,BTC-17MAY19-7000-C,79.03,0.0335,1.0,2,1557715157669,20123623,313
2019-05-13 02:39:45.915,1.0,buy,6990.53,BTC-17MAY19-7000-C,80.78,0.034,1.0,0,1557715185915,20123898,314
2019-05-13 02:43:52.786,0.5,buy,7017.52,BTC-17MAY19-7000-C,78.77,0.035,0.5,0,1557715432786,20124500,315
2019-05-13 02:43:58.760,0.5,buy,7017.51,BTC-17MAY19-7000-C,78.78,0.035,0.5,1,1557715438760,20124505,316
2019-05-13 02:44:06.894,0.5,buy,7021.66,BTC-17MAY19-7000-C,78.09,0.035,0.5,1,1557715446894,20124525,317
2019-05-13 02:48:40.018,1.0,buy,7036.83,BTC-17MAY19-7000-C,80.28,0.037000000000000005,1.0,0,1557715720018,20124699,318
2019-05-13 02:51:15.338,1.0,buy,7038.98,BTC-17MAY19-7000-C,78.76,0.0365,1.0,2,1557715875338,20124792,319
2019-05-13 02:51:27.005,1.0,buy,7039.72,BTC-17MAY19-7000-C,78.63,0.0365,1.0,3,1557715887005,20124794,320
2019-05-13 02:53:16.428,2.0,buy,7036.79,BTC-17MAY19-7000-C,77.97,0.036000000000000004,2.0,2,1557715996428,20124809,321
2019-05-13 04:48:29.528,1.0,buy,7050.92,BTC-17MAY19-7000-C,85.79,0.04,1.0,0,1557722909528,20129468,322
2019-05-13 05:09:56.981,1.0,sell,7113.1,BTC-17MAY19-7000-C,80.81,0.0425,1.0,0,1557724196981,20132076,323
2019-05-13 08:33:51.175,0.1,buy,7061.36,BTC-17MAY19-7000-C,85.62,0.04,0.1,2,1557736431175,20145278,324
2019-05-13 09:55:57.005,0.6,sell,7093.9,BTC-17MAY19-7000-C,79.05,0.0395,0.6,2,1557741357005,20151267,327
2019-05-13 09:55:57.005,0.2,sell,7093.9,BTC-17MAY19-7000-C,82.75,0.040999999999999995,0.2,2,1557741357005,20151266,326
2019-05-13 09:55:57.005,0.2,sell,7093.9,BTC-17MAY19-7000-C,85.22,0.042,0.2,0,1557741357005,20151265,325
2019-05-13 09:56:09.635,1.0,sell,7092.49,BTC-17MAY19-7000-C,78.08,0.039,1.0,2,1557741369635,20151276,328
2019-05-13 09:56:20.297,1.0,buy,7091.99,BTC-17MAY19-7000-C,79.41,0.0395,1.0,0,1557741380297,20151278,329
2019-05-13 11:28:48.801,6.0,buy,7173.53,BTC-17MAY19-7000-C,84.09,0.0475,6.0,0,1557746928801,20157102,330
2019-05-13 11:28:55.490,3.8,buy,7180.12,BTC-17MAY19-7000-C,82.71,0.0475,3.8,1,1557746935490,20157220,331
2019-05-13 11:28:58.495,7.2,buy,7186.22,BTC-17MAY19-7000-C,84.01,0.0485,7.2,0,1557746938495,20157341,332
2019-05-13 11:28:58.541,0.9,buy,7186.22,BTC-17MAY19-7000-C,84.01,0.0485,0.9,1,1557746938541,20157345,333
2019-05-13 11:28:58.621,0.4,buy,7186.22,BTC-17MAY19-7000-C,84.01,0.0485,0.4,1,1557746938621,20157348,334
2019-05-13 11:28:58.978,0.4,buy,7186.22,BTC-17MAY19-7000-C,84.01,0.0485,0.4,1,1557746938978,20157368,335
2019-05-13 11:29:02.424,1.1,buy,7191.74,BTC-17MAY19-7000-C,82.83,0.0485,1.1,1,1557746942424,20157422,336
2019-05-13 11:29:11.505,10.0,buy,7205.53,BTC-17MAY19-7000-C,82.46,0.0495,10.0,0,1557746951505,20157551,337
2019-05-13 11:41:13.980,1.0,buy,7283.67,BTC-17MAY19-7000-C,79.24,0.055,1.0,0,1557747673980,20162494,338
2019-05-13 11:50:01.261,0.2,sell,7290.99,BTC-17MAY19-7000-C,83.1,0.057,0.2,0,1557748201261,20165015,339
2019-05-13 11:50:04.621,0.2,buy,7291.75,BTC-17MAY19-7000-C,81.5,0.0565,0.2,2,1557748204621,20165035,340
2019-05-13 11:50:05.989,0.1,buy,7293.34,BTC-17MAY19-7000-C,81.11,0.0565,0.1,3,1557748205989,20165037,341
2019-05-13 13:40:49.954,0.2,buy,7394.77,BTC-17MAY19-7000-C,90.41,0.0685,0.2,0,1557754849954,20185405,342
2019-05-13 13:55:25.843,0.1,sell,7400.37,BTC-17MAY19-7000-C,87.42,0.068,0.1,2,1557755725843,20187667,343
2019-05-13 14:03:24.880,1.0,sell,7364.28,BTC-17MAY19-7000-C,80.8,0.0625,1.0,2,1557756204880,20189066,344
2019-05-13 14:44:49.743,0.1,buy,7537.03,BTC-17MAY19-7000-C,84.43,0.08,0.1,0,1557758689743,20198738,345
2019-05-13 14:55:53.538,0.9,sell,7514.37,BTC-17MAY19-7000-C,99.1,0.08199999999999999,0.9,0,1557759353538,20202022,346
2019-05-13 15:08:30.200,0.1,buy,7627.43,BTC-17MAY19-7000-C,88.97,0.09,0.1,0,1557760110200,20207663,347
2019-05-13 15:08:36.993,4.0,buy,7636.04,BTC-17MAY19-7000-C,103.23,0.0945,4.0,0,1557760116993,20208167,348
2019-05-13 15:08:42.110,4.0,buy,7669.35,BTC-17MAY19-7000-C,98.76,0.0965,4.0,0,1557760122110,20208475,349
2019-05-13 15:11:26.535,0.1,buy,7719.82,BTC-17MAY19-7000-C,92.78,0.1,0.1,0,1557760286535,20213042,350
2019-05-13 15:11:26.535,0.4,buy,7719.82,BTC-17MAY19-7000-C,92.78,0.1,0.4,1,1557760286535,20213043,351
2019-05-13 15:13:53.088,12.0,buy,7861.92,BTC-17MAY19-7000-C,120.68,0.12,12.0,0,1557760433088,20218527,352
2019-05-13 15:13:53.432,0.1,buy,7867.01,BTC-17MAY19-7000-C,118.69,0.12,0.1,1,1557760433432,20218557,353
2019-05-13 15:25:55.158,4.0,sell,7797.98,BTC-17MAY19-7000-C,108.03,0.111,4.0,2,1557761155158,20233078,354
2019-05-13 15:26:33.641,1.0,sell,7833.92,BTC-17MAY19-7000-C,81.79,0.1095,1.0,2,1557761193641,20233365,355
2019-05-13 15:26:43.613,4.0,sell,7838.16,BTC-17MAY19-7000-C,106.53,0.1145,4.0,0,1557761203613,20233460,356
2019-05-13 15:26:51.744,4.0,sell,7835.62,BTC-17MAY19-7000-C,107.65,0.1145,4.0,1,1557761211744,20233489,357
2019-05-13 15:29:20.633,4.0,sell,7802.94,BTC-17MAY19-7000-C,103.75,0.1105,4.0,2,1557761360633,20234995,358
2019-05-13 15:36:58.122,3.1,sell,7814.1,BTC-17MAY19-7000-C,96.25,0.11,3.1,2,1557761818122,20237717,359
2019-05-13 15:45:49.874,0.2,buy,7748.51,BTC-17MAY19-7000-C,113.0,0.1075,0.2,2,1557762349874,20243679,360
2019-05-13 16:07:19.657,0.2,sell,7934.44,BTC-17MAY19-7000-C,129.16,0.1285,0.2,0,1557763639657,20252034,361
2019-05-13 16:07:23.856,7.8,sell,7921.64,BTC-17MAY19-7000-C,133.98,0.1285,7.8,1,1557763643856,20252142,362
2019-05-13 16:07:33.363,2.0,sell,7928.03,BTC-17MAY19-7000-C,125.22,0.127,2.0,2,1557763653363,20252204,363
2019-05-13 16:10:50.002,0.2,sell,7826.91,BTC-17MAY19-7000-C,128.15,0.1185,0.2,2,1557763850002,20254286,364
2019-05-13 16:40:16.484,0.2,sell,7896.25,BTC-17MAY19-7000-C,120.91,0.12300000000000001,0.2,0,1557765616484,20263795,365
2019-05-13 16:52:12.401,0.2,sell,7857.81,BTC-17MAY19-7000-C,112.57,0.1175,0.2,2,1557766332401,20267981,366
2019-05-13 19:16:28.579,0.5,sell,7827.47,BTC-17MAY19-7000-C,113.57,0.1145,0.5,2,1557774988579,20295966,367
2019-05-13 19:16:37.392,0.5,buy,7826.86,BTC-17MAY19-7000-C,111.59,0.114,0.5,2,1557774997392,20295976,368
2019-05-13 19:16:49.272,1.5,buy,7827.57,BTC-17MAY19-7000-C,111.29,0.114,1.5,3,1557775009272,20295986,369
2019-05-13 20:04:12.241,4.0,buy,7825.63,BTC-17MAY19-7000-C,114.88,0.1145,4.0,0,1557777852241,20303424,370
2019-05-13 21:33:40.099,0.2,buy,8145.76,BTC-17MAY19-7000-C,152.33,0.1515,0.2,0,1557783220099,20322481,371
2019-05-13 23:30:28.412,0.3,sell,7761.34,BTC-17MAY19-7000-C,115.37,0.10800000000000001,0.3,2,1557790228412,20364328,372
2019-05-13 23:30:28.415,0.7000000000000001,buy,7761.34,BTC-17MAY19-7000-C,113.22,0.1075,0.7000000000000001,2,1557790228415,20364329,373
2019-05-14 01:59:40.620,0.3,buy,7992.44,BTC-17MAY19-7000-C,160.36,0.139,0.3,0,1557799180620,20395669,374
2019-05-14 02:00:16.717,0.1,sell,7986.26,BTC-17MAY19-7000-C,158.41,0.138,0.1,2,1557799216717,20395729,375
2019-05-14 05:51:24.985,0.3,sell,8004.06,BTC-17MAY19-7000-C,122.61,0.1315,0.3,2,1557813084985,20429915,376
2019-05-14 11:15:25.060,0.2,sell,8086.59,BTC-17MAY19-7000-C,154.96,0.14400000000000002,0.2,0,1557832525060,20505773,377
2019-05-14 12:39:42.719,0.1,sell,8151.41,BTC-17MAY19-7000-C,90.0,0.142,0.1,2,1557837582719,20516136,378
2019-05-14 16:05:03.012,0.1,sell,7782.85,BTC-17MAY19-7000-C,129.34,0.11,0.1,2,1557849903012,20549701,379
2019-05-14 16:06:07.500,0.1,sell,7762.24,BTC-17MAY19-7000-C,138.41,0.11,0.1,3,1557849967500,20551125,380
2019-05-14 16:50:39.477,1.0,buy,7984.08,BTC-17MAY19-7000-C,118.69,0.1275,1.0,0,1557852639477,20559817,381
2019-05-14 16:52:04.093,0.5,buy,8011.25,BTC-17MAY19-7000-C,121.21,0.1305,0.5,0,1557852724093,20560177,382
2019-05-15 03:55:52.320,0.2,buy,8053.37,BTC-17MAY19-7000-C,152.23,0.13699999999999998,0.2,0,1557892552320,20666564,383
2019-05-15 03:57:28.744,0.1,sell,8055.03,BTC-17MAY19-7000-C,151.13,0.13699999999999998,0.1,1,1557892648744,20666624,384
2019-05-15 05:53:31.670,5.0,buy,8015.17,BTC-17MAY19-7000-C,165.72,0.135,5.0,2,1557899611670,20670179,385
2019-05-15 05:53:41.154,0.5,buy,8011.7,BTC-17MAY19-7000-C,170.86,0.1355,0.5,0,1557899621154,20670191,386
2019-05-16 16:20:23.066,0.2,sell,7988.66,BTC-17MAY19-7000-C,181.37,0.125,0.2,2,1558023623066,20949809,387
2019-05-16 16:28:46.660,0.6,buy,7957.46,BTC-17MAY19-7000-C,248.01,0.1255,0.6,0,1558024126660,20950823,388
2019-05-16 16:30:40.956,0.3,buy,7938.18,BTC-17MAY19-7000-C,246.64,0.1235,0.3,2,1558024240956,20951212,389
2019-05-16 17:42:33.296,0.2,buy,7866.67,BTC-17MAY19-7000-C,243.4,0.1155,0.2,2,1558028553296,20959261,390
2019-05-16 19:19:50.015,0.3,sell,7868.06,BTC-17MAY19-7000-C,205.38,0.1125,0.3,2,1558034390015,20966397,391
2019-05-16 19:23:41.654,0.2,sell,7850.67,BTC-17MAY19-7000-C,221.63,0.1115,0.2,2,1558034621654,20966849,392
2019-05-16 19:24:14.585,0.2,buy,7853.9,BTC-17MAY19-7000-C,248.54,0.1135,0.2,0,1558034654585,20966921,393
2019-05-16 19:25:17.247,0.2,sell,7848.41,BTC-17MAY19-7000-C,225.82,0.1115,0.2,2,1558034717247,20967031,394
2019-05-16 19:26:43.634,0.3,buy,7826.1,BTC-17MAY19-7000-C,238.45,0.11,0.3,2,1558034803634,20967397,395
2019-05-16 19:40:18.244,0.1,sell,7828.04,BTC-17MAY19-7000-C,229.55,0.1095,0.1,2,1558035618244,20968947,396
2019-05-16 19:41:09.461,0.2,buy,7825.98,BTC-17MAY19-7000-C,248.3,0.1105,0.2,0,1558035669461,20968987,397
2019-05-16 19:41:14.498,0.2,sell,7823.51,BTC-17MAY19-7000-C,229.1,0.109,0.2,2,1558035674498,20968990,398
2019-05-16 19:41:38.975,0.2,sell,7817.89,BTC-17MAY19-7000-C,213.35,0.1075,0.2,2,1558035698975,20969112,399
2019-05-16 19:50:41.601,0.2,sell,7794.52,BTC-17MAY19-7000-C,222.07,0.1055,0.2,2,1558036241601,20970448,400
2019-05-16 19:50:57.829,0.5,buy,7780.51,BTC-17MAY19-7000-C,221.2,0.10400000000000001,0.5,2,1558036257829,20970586,401
2019-05-16 20:56:50.366,0.2,sell,7754.37,BTC-17MAY19-7000-C,226.98,0.10099999999999999,0.2,2,1558040210366,20978796,402
2019-05-17 03:00:07.339,5.0,buy,7448.91,BTC-17MAY19-7000-C,289.3,0.067,5.0,2,1558062007339,21025307,403
2019-05-17 03:00:15.743,5.0,buy,7414.17,BTC-17MAY19-7000-C,304.44,0.0645,5.0,2,1558062015743,21025668,404
2019-05-17 03:05:20.819,1.0,sell,7141.97,BTC-17MAY19-7000-C,196.4,0.03,1.0,2,1558062320819,21038148,405
2019-05-17 03:05:32.457,1.0,sell,7107.9,BTC-17MAY19-7000-C,230.34,0.03,1.0,3,1558062332457,21038472,406
2019-05-17 03:06:07.466,0.1,sell,7049.36,BTC-17MAY19-7000-C,258.9,0.027999999999999997,0.1,2,1558062367466,21040025,407
2019-05-17 03:09:34.691,0.5,buy,6768.53,BTC-17MAY19-7000-C,355.7,0.0195,0.5,2,1558062574691,21047939,408
2019-05-17 03:09:34.691,0.3,buy,6768.53,BTC-17MAY19-7000-C,361.39,0.02,0.3,0,1558062574691,21047940,409
2019-05-17 03:09:34.691,0.3,buy,6768.53,BTC-17MAY19-7000-C,361.39,0.02,0.3,1,1558062574691,21047941,410
2019-05-17 03:10:29.238,10.0,sell,6637.74,BTC-17MAY19-7000-C,216.67,0.004,10.0,2,1558062629238,21051009,411
2019-05-17 03:10:53.638,2.5,sell,6659.48,BTC-17MAY19-7000-C,270.41,0.008,2.5,0,1558062653638,21051969,412
2019-05-17 03:10:54.836,1.5,sell,6663.86,BTC-17MAY19-7000-C,268.37,0.008,1.5,1,1558062654836,21051989,413
2019-05-17 03:18:53.881,0.1,buy,7245.56,BTC-17MAY19-7000-C,112.67,0.035,0.1,0,1558063133881,21064551,414
2019-05-17 03:28:36.262,0.2,buy,7301.01,BTC-17MAY19-7000-C,122.42,0.042,0.2,0,1558063716262,21073051,415
