date_utc,amount,direction,indexPrice,instrument,iv,price,quantity,tickDirection,timeStamp,tradeId,tradeSeq
2019-05-12 07:18:15.817,3.0,buy,7490.44,BTC-27SEP19-15000-C,98.72,0.051,3.0,1,1557645495817,19833869,1
2019-05-14 07:48:44.192,0.3,buy,8220.01,BTC-27SEP19-15000-C,99.76,0.07,0.3,0,1557820124192,20454844,2
2019-05-16 04:20:32.774,10.0,sell,8076.48,BTC-27SEP19-15000-C,99.61,0.0655,10.0,2,1557980432774,20844202,3
2019-05-16 04:20:34.195,9.7,sell,8070.7,BTC-27SEP19-15000-C,99.34,0.065,9.7,2,1557980434195,20844288,4
2019-05-16 14:50:44.712,1.0,sell,7955.41,BTC-27SEP19-15000-C,96.4,0.0565,1.0,2,1558018244712,20940679,5
2019-05-17 12:16:13.433,1.1,buy,7018.33,BTC-27SEP19-15000-C,105.2,0.0535,1.1,2,1558095373433,21161554,6
2019-05-17 14:28:02.100,0.1,sell,7182.7,BTC-27SEP19-15000-C,99.32,0.0465,0.1,2,1558103282100,21183162,7
2019-05-17 16:19:15.082,1.0,buy,7139.44,BTC-27SEP19-15000-C,101.89,0.05,1.0,0,1558109955082,21195633,8
2019-05-18 17:16:03.575,1.0,sell,7309.46,BTC-27SEP19-15000-C,101.98,0.05,1.0,1,1558199763575,21309868,9
2019-05-19 05:36:27.993,1.5,sell,7965.06,BTC-27SEP19-15000-C,94.55,0.0505,1.5,0,1558244187993,21376457,10
2019-05-19 22:39:57.347,0.5,buy,8209.64,BTC-27SEP19-15000-C,96.6,0.0605,0.5,0,1558305597347,21463454,11
2019-05-20 05:08:01.541,10.0,sell,8023.5,BTC-27SEP19-15000-C,98.04,0.0595,10.0,2,1558328881541,21529563,12
2019-05-20 09:04:14.981,0.1,buy,7907.76,BTC-27SEP19-15000-C,100.27,0.061,0.1,0,1558343054981,21555188,13
2019-05-20 10:36:19.672,4.9,buy,7939.67,BTC-27SEP19-15000-C,99.72,0.0605,4.9,2,1558348579672,21560805,14
2019-05-21 17:23:33.799,10.0,sell,7949.14,BTC-27SEP19-15000-C,96.29,0.0535,10.0,2,1558459413799,21709871,15
2019-05-21 18:02:20.451,0.2,buy,8048.5,BTC-27SEP19-15000-C,96.03,0.055,0.2,0,1558461740451,21713732,16
2019-05-21 19:31:48.855,20.0,sell,8000.41,BTC-27SEP19-15000-C,97.84,0.057,20.0,0,1558467108855,21719567,17
2019-05-22 17:49:39.179,1.0,sell,7902.63,BTC-27SEP19-15000-C,91.78,0.045,1.0,2,1558547379179,21793315,18
2019-05-22 20:15:11.399,5.0,sell,7921.22,BTC-27SEP19-15000-C,93.84,0.0485,5.0,0,1558556111399,21799281,19
2019-05-22 22:04:41.989,2.5,buy,7617.9,BTC-27SEP19-15000-C,94.26,0.0435,2.5,2,1558562681989,21830537,20
2019-05-22 22:06:10.823,2.0,buy,7520.45,BTC-27SEP19-15000-C,95.11,0.043,2.0,2,1558562770823,21832881,21
2019-05-23 19:50:21.754,0.5,buy,7757.28,BTC-27SEP19-15000-C,94.0,0.044,0.5,0,1558641021754,21928722,22
2019-05-26 19:39:10.884,1.0,buy,8552.13,BTC-27SEP19-15000-C,85.12,0.045,1.0,0,1558899550884,22142689,23
2019-05-26 19:47:19.987,2.0,buy,8415.6,BTC-27SEP19-15000-C,86.48,0.045,2.0,1,1558900039987,22152194,24
2019-05-26 22:28:45.961,0.5,buy,8673.66,BTC-27SEP19-15000-C,88.67,0.0555,0.5,0,1558909725961,22220316,25
2019-05-27 00:02:07.913,1.0,buy,8765.16,BTC-27SEP19-15000-C,92.0,0.063,1.0,0,1558915327913,22234827,26
2019-05-27 07:45:04.346,0.5,buy,8778.18,BTC-27SEP19-15000-C,93.97,0.067,0.5,0,1558943104346,22279785,27
2019-05-27 10:12:51.096,0.1,buy,8725.19,BTC-27SEP19-15000-C,96.13,0.07,0.1,0,1558951971096,22285611,28
2019-05-27 10:14:58.547,0.5,buy,8724.4,BTC-27SEP19-15000-C,96.91,0.0715,0.5,0,1558952098547,22285648,29
2019-05-27 10:31:14.848,0.1,buy,8730.26,BTC-27SEP19-15000-C,98.63,0.075,0.1,0,1558953074848,22286198,30
2019-05-28 16:59:11.913,0.1,buy,8651.2,BTC-27SEP19-15000-C,92.48,0.0615,0.1,2,1559062751913,22427762,31
2019-05-28 16:59:27.575,0.1,buy,8651.2,BTC-27SEP19-15000-C,92.74,0.062,0.1,0,1559062767575,22427774,32
2019-05-28 16:59:31.566,0.1,buy,8651.2,BTC-27SEP19-15000-C,92.74,0.062,0.1,1,1559062771566,22427780,33
2019-05-29 20:14:03.285,10.0,sell,8705.29,BTC-27SEP19-15000-C,88.53,0.051,10.0,2,1559160843285,22536552,34
2019-05-30 09:08:46.099,2.0,sell,8709.4,BTC-27SEP19-15000-C,86.45,0.0485,2.0,2,1559207326099,22591356,35
2019-05-30 16:01:15.474,3.4,buy,9023.59,BTC-27SEP19-15000-C,89.67,0.06,3.4,0,1559232075474,22621464,36
2019-05-30 19:40:30.657,1.0,sell,8584.06,BTC-27SEP19-15000-C,91.35,0.0525,1.0,2,1559245230657,22675450,37
2019-05-30 21:04:54.664,4.0,sell,8493.61,BTC-27SEP19-15000-C,90.89,0.05,4.0,3,1559250294664,22697132,39
2019-05-30 21:04:54.664,4.9,sell,8493.61,BTC-27SEP19-15000-C,90.89,0.05,4.9,2,1559250294664,22697131,38
2019-05-31 12:09:37.674,10.0,sell,8247.53,BTC-27SEP19-15000-C,90.07,0.0435,10.0,2,1559304577674,22795826,40
2019-05-31 15:24:00.167,4.9,sell,8421.71,BTC-27SEP19-15000-C,89.1,0.045,4.9,0,1559316240167,22812266,41
2019-06-01 08:57:31.617,2.0,buy,8556.19,BTC-27SEP19-15000-C,89.3,0.049,2.0,0,1559379451617,22873168,42
2019-06-01 13:50:35.650,5.0,buy,8529.64,BTC-27SEP19-15000-C,86.5,0.0435,5.0,2,1559397035650,22883416,43
2019-06-02 06:53:39.322,17.5,sell,8586.28,BTC-27SEP19-15000-C,84.84,0.041,17.5,2,1559458419322,22915231,44
2019-06-02 06:54:06.351,12.4,sell,8586.06,BTC-27SEP19-15000-C,84.51,0.0405,12.4,2,1559458446351,22915235,45
2019-06-02 13:17:12.018,2.0,sell,8710.75,BTC-27SEP19-15000-C,86.98,0.0465,2.0,0,1559481432018,22941733,46
2019-06-02 13:17:37.587,2.0,sell,8650.2,BTC-27SEP19-15000-C,87.76,0.0465,2.0,1,1559481457587,22942589,47
2019-06-02 13:17:39.864,1.0,sell,8644.21,BTC-27SEP19-15000-C,87.79,0.0465,1.0,1,1559481459864,22942708,48
2019-06-04 00:06:01.822,1.0,sell,7843.06,BTC-27SEP19-15000-C,87.61,0.0315,1.0,2,1559606761822,23122031,49
2019-06-04 00:07:01.069,1.0,sell,7820.85,BTC-27SEP19-15000-C,87.81,0.0315,1.0,3,1559606821069,23124253,50
2019-06-04 07:20:37.524,2.0,sell,7759.29,BTC-27SEP19-15000-C,89.91,0.0325,2.0,0,1559632837524,23182825,51
2019-06-04 15:07:27.125,3.0,sell,7950.9,BTC-27SEP19-15000-C,87.61,0.0315,3.0,2,1559660847125,23216924,52
2019-06-04 23:16:24.519,0.1,buy,7634.77,BTC-27SEP19-15000-C,87.75,0.027000000000000003,0.1,2,1559690184519,23319599,53
2019-06-05 20:35:16.112,4.4,sell,7733.27,BTC-27SEP19-15000-C,85.27,0.025,4.4,2,1559766916112,23405485,54
2019-06-06 02:29:00.256,6.0,sell,7819.37,BTC-27SEP19-15000-C,83.74,0.0245,6.0,2,1559788140256,23437146,55
2019-06-06 02:59:55.011,1.0,sell,7819.96,BTC-27SEP19-15000-C,82.48,0.023,1.0,2,1559789995011,23438108,56
2019-06-06 18:13:33.969,0.1,sell,7523.79,BTC-27SEP19-15000-C,81.99,0.018000000000000002,0.1,2,1559844813969,23501011,57
2019-06-06 20:43:09.205,0.2,buy,7705.56,BTC-27SEP19-15000-C,82.79,0.021,0.2,1,1559853789205,23529261,59
2019-06-06 20:43:09.205,6.0,buy,7705.56,BTC-27SEP19-15000-C,82.79,0.021,6.0,0,1559853789205,23529260,58
2019-06-07 09:36:29.581,3.0,buy,7953.3,BTC-27SEP19-15000-C,81.94,0.023,3.0,1,1559900189581,23581919,61
2019-06-07 09:36:29.581,23.9,buy,7953.3,BTC-27SEP19-15000-C,82.38,0.0235,23.9,0,1559900189581,23581920,62
2019-06-07 09:36:29.581,6.0,buy,7953.3,BTC-27SEP19-15000-C,81.94,0.023,6.0,0,1559900189581,23581918,60
2019-06-07 16:03:16.002,1.0,sell,7933.64,BTC-27SEP19-15000-C,78.39,0.019,1.0,2,1559923396002,23593099,63
2019-06-07 18:18:45.987,1.0,sell,8103.9,BTC-27SEP19-15000-C,77.12,0.0195,1.0,0,1559931525987,23605740,64
2019-06-08 04:31:57.076,6.0,buy,7989.49,BTC-27SEP19-15000-C,77.84,0.0185,6.0,2,1559968317076,23638891,65
2019-06-09 16:06:41.129,2.0,sell,7688.36,BTC-27SEP19-15000-C,78.35,0.015,2.0,2,1560096401129,23725211,66
2019-06-10 01:31:16.200,0.3,buy,7633.34,BTC-27SEP19-15000-C,80.08,0.016,0.3,0,1560130276200,23791042,67
2019-06-10 11:52:15.609,1.0,buy,7953.14,BTC-27SEP19-15000-C,79.64,0.019,1.0,0,1560167535609,23834644,68
2019-06-11 08:52:48.074,0.2,buy,7958.94,BTC-27SEP19-15000-C,78.84,0.0185,0.2,2,1560243168074,23898526,69
2019-06-11 09:55:42.817,1.0,buy,7941.68,BTC-27SEP19-15000-C,78.59,0.018000000000000002,1.0,2,1560246942817,23899450,70
2019-06-11 12:05:01.190,1.0,sell,7795.67,BTC-27SEP19-15000-C,79.25,0.016,1.0,2,1560254701190,23922311,71
2019-06-12 15:16:02.625,0.5,buy,8269.17,BTC-27SEP19-15000-C,76.96,0.019,0.5,0,1560352562625,24021125,72
2019-06-12 15:51:10.047,0.3,buy,8172.68,BTC-27SEP19-15000-C,79.06,0.02,0.3,0,1560354670047,24027731,73
2019-06-13 10:18:53.042,0.4,buy,8093.1,BTC-27SEP19-15000-C,80.13,0.02,0.4,1,1560421133042,24061321,74
2019-06-13 10:19:26.497,0.1,buy,8084.95,BTC-27SEP19-15000-C,80.22,0.02,0.1,1,1560421166497,24061410,75
2019-06-14 08:23:04.546,5.0,sell,8281.57,BTC-27SEP19-15000-C,78.3,0.02,5.0,1,1560500584546,24120153,76
2019-06-14 18:53:04.909,2.0,sell,8421.61,BTC-27SEP19-15000-C,77.88,0.021,2.0,1,1560538384909,24155500,78
2019-06-14 18:53:04.909,2.0,sell,8421.61,BTC-27SEP19-15000-C,77.88,0.021,2.0,0,1560538384909,24155499,77
2019-06-14 21:29:05.169,2.0,buy,8586.35,BTC-27SEP19-15000-C,78.77,0.024,2.0,0,1560547745169,24172967,79
2019-06-15 02:25:43.857,7.0,buy,8665.45,BTC-27SEP19-15000-C,79.45,0.026000000000000002,7.0,0,1560565543857,24191740,80
2019-06-16 01:45:09.102,5.0,buy,9001.79,BTC-27SEP19-15000-C,78.41,0.03,5.0,0,1560649509102,24267715,81
2019-06-16 01:45:18.572,5.0,buy,9008.48,BTC-27SEP19-15000-C,78.34,0.03,5.0,1,1560649518572,24268056,82
2019-06-16 03:22:04.216,2.0,buy,8980.27,BTC-27SEP19-15000-C,82.16,0.035,2.0,0,1560655324216,24275050,83
2019-06-16 05:03:40.042,2.0,buy,9186.86,BTC-27SEP19-15000-C,79.43,0.035,2.0,1,1560661420042,24285445,84
2019-06-16 05:07:19.279,1.0,buy,9175.85,BTC-27SEP19-15000-C,79.7,0.035,1.0,1,1560661639279,24286643,85
2019-06-16 05:07:42.098,1.0,buy,9178.72,BTC-27SEP19-15000-C,79.66,0.035,1.0,1,1560661662098,24286718,86
2019-06-16 05:13:55.700,1.0,buy,9180.53,BTC-27SEP19-15000-C,79.59,0.035,1.0,1,1560662035700,24289410,87
2019-06-16 05:16:21.891,0.4,buy,9193.21,BTC-27SEP19-15000-C,79.38,0.035,0.4,1,1560662181891,24290736,88
2019-06-16 05:17:23.576,1.3,buy,9198.78,BTC-27SEP19-15000-C,79.34,0.035,1.3,1,1560662243576,24290983,89
2019-06-16 05:32:37.481,1.0,buy,9194.06,BTC-27SEP19-15000-C,79.27,0.035,1.0,1,1560663157481,24293372,90
2019-06-16 05:33:48.404,0.3,buy,9207.27,BTC-27SEP19-15000-C,79.17,0.035,0.3,1,1560663228404,24293560,91
2019-06-16 06:07:38.716,1.0,buy,9281.07,BTC-27SEP19-15000-C,81.6,0.04,1.0,0,1560665258716,24303664,92
2019-06-16 06:08:01.319,0.5,buy,9273.28,BTC-27SEP19-15000-C,81.67,0.04,0.5,1,1560665281319,24303825,93
2019-06-16 06:26:33.007,8.0,buy,9311.93,BTC-27SEP19-15000-C,81.44,0.04,8.0,1,1560666393007,24307961,94
2019-06-16 08:46:48.978,3.0,sell,8979.75,BTC-27SEP19-15000-C,81.34,0.035,3.0,2,1560674808978,24327576,95
2019-06-16 08:58:24.647,0.6,buy,9121.38,BTC-27SEP19-15000-C,82.77,0.039,0.6,0,1560675504647,24336189,96
2019-06-16 12:16:00.872,0.1,buy,9088.16,BTC-27SEP19-15000-C,80.12,0.035,0.1,2,1560687360872,24359319,97
2019-06-16 13:37:58.142,0.5,buy,9143.21,BTC-27SEP19-15000-C,82.91,0.04,0.5,0,1560692278142,24364866,98
2019-06-17 02:22:58.618,0.1,buy,9170.53,BTC-27SEP19-15000-C,83.52,0.0405,0.1,0,1560738178618,24449829,99
2019-06-17 02:23:14.708,0.1,sell,9167.25,BTC-27SEP19-15000-C,83.21,0.04,0.1,2,1560738194708,24449841,100
2019-06-17 05:57:27.148,0.1,sell,9171.09,BTC-27SEP19-15000-C,82.53,0.038,0.1,2,1560751047148,24465759,101
2019-06-17 09:01:56.887,0.4,buy,9210.74,BTC-27SEP19-15000-C,83.73,0.0405,0.4,0,1560762116887,24474381,102
2019-06-17 11:08:10.157,0.1,buy,9309.26,BTC-27SEP19-15000-C,83.72,0.0425,0.1,0,1560769690157,24484989,103
2019-06-17 11:09:05.311,0.1,buy,9319.43,BTC-27SEP19-15000-C,83.58,0.0425,0.1,1,1560769745311,24485060,104
2019-06-17 11:51:39.483,0.3,sell,9291.09,BTC-27SEP19-15000-C,83.71,0.042,0.3,2,1560772299483,24488694,105
2019-06-17 12:23:03.774,0.1,buy,9279.45,BTC-27SEP19-15000-C,83.99,0.0425,0.1,0,1560774183774,24494771,106
2019-06-17 14:41:55.600,5.0,buy,9340.08,BTC-27SEP19-15000-C,85.06,0.045,5.0,0,1560782515600,24506064,107
2019-06-17 14:41:57.441,5.0,buy,9339.38,BTC-27SEP19-15000-C,85.06,0.045,5.0,1,1560782517441,24506065,108
2019-06-18 09:58:09.245,1.0,buy,9240.47,BTC-27SEP19-15000-C,89.03,0.049,1.0,0,1560851889245,24640278,109
2019-06-18 11:10:40.972,0.1,sell,9189.66,BTC-27SEP19-15000-C,87.98,0.0465,0.1,2,1560856240972,24643335,110
2019-06-19 12:11:09.565,4.3,sell,9140.22,BTC-27SEP19-15000-C,83.97,0.0395,4.3,2,1560946269565,24731805,111
2019-06-19 12:46:57.569,1.7,sell,9072.09,BTC-27SEP19-15000-C,83.26,0.0375,1.7,2,1560948417569,24734584,112
2019-06-19 17:01:05.099,0.1,buy,9135.02,BTC-27SEP19-15000-C,86.87,0.0435,0.1,0,1560963665099,24752001,113
2019-06-20 10:14:09.515,4.9,sell,9231.18,BTC-27SEP19-15000-C,83.71,0.0405,4.9,2,1561025649515,24802259,114
2019-06-20 10:14:09.517,10.0,buy,9231.18,BTC-27SEP19-15000-C,83.37,0.04,10.0,2,1561025649517,24802260,115
2019-06-20 10:14:11.365,4.9,buy,9231.13,BTC-27SEP19-15000-C,83.37,0.04,4.9,3,1561025651365,24802272,116
2019-06-20 10:28:17.957,4.9,buy,9237.59,BTC-27SEP19-15000-C,83.27,0.04,4.9,3,1561026497957,24803133,117
2019-06-20 10:28:18.012,0.3,buy,9237.59,BTC-27SEP19-15000-C,83.27,0.04,0.3,3,1561026498012,24803134,118
2019-06-20 11:31:41.435,0.1,buy,9237.81,BTC-27SEP19-15000-C,85.92,0.044000000000000004,0.1,0,1561030301435,24804704,119
2019-06-20 12:23:46.404,10.0,sell,9257.0,BTC-27SEP19-15000-C,85.61,0.044000000000000004,10.0,1,1561033426404,24806842,120
2019-06-20 12:24:03.334,4.9,buy,9256.79,BTC-27SEP19-15000-C,85.62,0.044000000000000004,4.9,1,1561033443334,24806852,121
2019-06-20 12:27:28.629,1.0,buy,9254.78,BTC-27SEP19-15000-C,85.62,0.044000000000000004,1.0,1,1561033648629,24807019,122
2019-06-20 12:36:47.822,10.0,buy,9259.11,BTC-27SEP19-15000-C,85.64,0.044000000000000004,10.0,1,1561034207822,24807171,123
2019-06-20 12:38:27.082,4.4,buy,9259.95,BTC-27SEP19-15000-C,85.59,0.044000000000000004,4.4,1,1561034307082,24807205,124
2019-06-20 14:53:41.320,0.1,buy,9349.83,BTC-27SEP19-15000-C,85.11,0.045,0.1,0,1561042421320,24816856,125
