date_utc,amount,direction,indexPrice,instrument,iv,price,quantity,tickDirection,timeStamp,tradeId,tradeSeq
2019-02-16 13:25:31.847,0.5,buy,3598.06,BTC-28JUN19-14000-C,83.96,0.001,0.5,1,1550323531847,15415616,64
2019-02-18 15:50:51.358,0.5,sell,3804.0,BTC-28JUN19-14000-C,76.26,0.0005,0.5,2,1550505051358,15546894,65
2019-02-24 03:35:10.994,10.0,buy,4180.26,BTC-28JUN19-14000-C,81.81,0.0015,10.0,0,1550979310994,15863957,66
2019-02-24 16:31:14.626,3.0,sell,3734.19,BTC-28JUN19-14000-C,79.4,0.0005,3.0,2,1551025874626,15945834,67
2019-02-24 16:31:18.054,3.0,sell,3729.38,BTC-28JUN19-14000-C,79.48,0.0005,3.0,3,1551025878054,15945910,68
2019-02-26 15:26:11.400,0.5,sell,3806.5,BTC-28JUN19-14000-C,78.94,0.0005,0.5,3,1551194771400,16034410,69
2019-02-26 15:56:58.069,3.0,sell,3809.81,BTC-28JUN19-14000-C,78.93,0.0005,3.0,3,1551196618069,16035197,70
2019-02-27 15:15:25.790,1.0,sell,3801.3,BTC-28JUN19-14000-C,79.26,0.0005,1.0,3,1551280525790,16061356,71
2019-02-28 09:34:58.899,3.0,sell,3825.69,BTC-28JUN19-14000-C,79.14,0.0005,3.0,3,1551346498899,16099474,72
2019-02-28 09:35:01.002,3.0,sell,3825.69,BTC-28JUN19-14000-C,79.14,0.0005,3.0,3,1551346501002,16099475,73
2019-03-01 05:53:21.111,3.0,sell,3801.91,BTC-28JUN19-14000-C,79.67,0.0005,3.0,3,1551419601111,16143170,74
2019-03-01 05:53:25.401,2.0,sell,3801.97,BTC-28JUN19-14000-C,79.67,0.0005,2.0,3,1551419605401,16143175,75
2019-03-01 20:26:27.400,1.1,sell,3831.61,BTC-28JUN19-14000-C,79.42,0.0005,1.1,3,1551471987400,16155944,76
2019-03-04 16:28:31.495,5.0,sell,3714.32,BTC-28JUN19-14000-C,82.04,0.0005,5.0,3,1551716911495,16239738,77
2019-03-05 07:12:39.291,3.0,sell,3710.1,BTC-28JUN19-14000-C,87.93,0.001,3.0,0,1551769959291,16250631,78
2019-03-05 07:12:42.813,3.0,sell,3710.03,BTC-28JUN19-14000-C,87.93,0.001,3.0,1,1551769962813,16250644,79
2019-03-10 10:32:13.518,3.0,sell,3889.94,BTC-28JUN19-14000-C,81.66,0.0005,3.0,2,1552213933518,16459730,80
2019-03-10 10:35:43.944,3.0,sell,3890.06,BTC-28JUN19-14000-C,81.68,0.0005,3.0,3,1552214143944,16459746,81
2019-03-10 16:12:09.518,0.1,sell,3889.43,BTC-28JUN19-14000-C,81.73,0.0005,0.1,3,1552234329518,16463626,82
2019-03-13 09:17:14.878,0.1,sell,3853.02,BTC-28JUN19-14000-C,83.23,0.0005,0.1,3,1552468634878,16531627,83
2019-03-18 12:46:30.688,6.9,buy,3964.08,BTC-28JUN19-14000-C,83.76,0.0005,6.9,3,1552913190688,16689276,84
2019-03-18 22:03:46.410,6.9,buy,3973.89,BTC-28JUN19-14000-C,83.76,0.0005,6.9,3,1552946626410,16694140,85
2019-03-19 00:06:28.875,6.9,sell,3969.51,BTC-28JUN19-14000-C,83.83,0.0005,6.9,3,1552953988875,16695113,86
2019-03-19 00:06:30.901,6.9,sell,3969.51,BTC-28JUN19-14000-C,83.83,0.0005,6.9,3,1552953990901,16695114,87
2019-03-19 00:06:32.917,6.9,sell,3969.48,BTC-28JUN19-14000-C,83.83,0.0005,6.9,3,1552953992917,16695115,88
2019-03-19 00:06:34.938,6.9,sell,3969.48,BTC-28JUN19-14000-C,83.83,0.0005,6.9,3,1552953994938,16695116,89
2019-03-19 00:06:36.936,6.9,sell,3969.48,BTC-28JUN19-14000-C,83.83,0.0005,6.9,3,1552953996936,16695117,90
2019-03-19 01:58:52.582,0.1,buy,3974.74,BTC-28JUN19-14000-C,89.73,0.001,0.1,0,1552960732582,16696450,91
2019-03-22 13:34:16.722,6.9,buy,3989.24,BTC-28JUN19-14000-C,85.19,0.0005,6.9,2,1553261656722,16778449,92
2019-03-22 13:34:16.753,6.9,sell,3989.24,BTC-28JUN19-14000-C,85.19,0.0005,6.9,3,1553261656753,16778450,93
2019-03-22 13:34:18.786,6.9,sell,3989.24,BTC-28JUN19-14000-C,85.19,0.0005,6.9,3,1553261658786,16778451,94
2019-03-22 13:34:20.827,6.9,sell,3989.24,BTC-28JUN19-14000-C,85.19,0.0005,6.9,3,1553261660827,16778452,95
2019-03-22 13:34:22.847,6.9,sell,3989.19,BTC-28JUN19-14000-C,85.19,0.0005,6.9,3,1553261662847,16778453,96
2019-03-22 13:34:31.267,6.9,sell,3989.19,BTC-28JUN19-14000-C,85.19,0.0005,6.9,3,1553261671267,16778454,97
2019-03-22 13:34:33.277,6.9,sell,3989.18,BTC-28JUN19-14000-C,85.19,0.0005,6.9,3,1553261673277,16778455,98
2019-03-22 13:34:35.293,1.7,sell,3989.18,BTC-28JUN19-14000-C,85.19,0.0005,1.7,3,1553261675293,16778456,99
2019-03-22 13:35:00.590,6.9,sell,3989.15,BTC-28JUN19-14000-C,85.19,0.0005,6.9,3,1553261700590,16778457,100
2019-03-22 13:35:02.654,6.9,sell,3989.15,BTC-28JUN19-14000-C,85.19,0.0005,6.9,3,1553261702654,16778458,101
2019-03-26 06:56:07.658,0.1,sell,3890.82,BTC-28JUN19-14000-C,88.38,0.0005,0.1,3,1553583367658,16833689,102
2019-04-02 06:39:28.354,0.1,buy,4664.52,BTC-28JUN19-14000-C,85.96,0.001,0.1,1,1554187168354,17085868,105
2019-04-02 06:39:28.354,0.9,buy,4664.52,BTC-28JUN19-14000-C,85.96,0.001,0.9,0,1554187168354,17085866,103
2019-04-02 06:39:28.354,0.1,buy,4664.52,BTC-28JUN19-14000-C,85.96,0.001,0.1,1,1554187168354,17085867,104
2019-04-03 02:50:07.410,0.2,buy,5044.41,BTC-28JUN19-14000-C,88.16,0.002,0.2,0,1554259807410,17172169,106
2019-04-03 06:42:55.425,0.1,buy,4977.76,BTC-28JUN19-14000-C,99.26,0.0045,0.1,0,1554273775425,17189830,107
2019-04-03 18:55:31.648,2.0,buy,5171.4,BTC-28JUN19-14000-C,95.07,0.004,2.0,2,1554317731648,17224302,108
2019-04-05 14:43:53.000,0.1,sell,4995.8,BTC-28JUN19-14000-C,92.66,0.0025,0.1,2,1554475433000,17368583,109
2019-04-06 02:03:42.529,3.0,buy,5003.02,BTC-28JUN19-14000-C,102.16,0.005,3.0,0,1554516222529,17388010,110
2019-04-08 17:07:22.244,1.0,sell,5206.19,BTC-28JUN19-14000-C,88.53,0.002,1.0,2,1554743242244,17537260,111
2019-04-10 13:08:51.694,6.9,sell,5269.06,BTC-28JUN19-14000-C,91.22,0.0025,6.9,0,1554901731694,17600146,112
2019-04-10 13:10:20.861,3.1,sell,5267.37,BTC-28JUN19-14000-C,91.27,0.0025,3.1,1,1554901820861,17600159,113
2019-04-10 14:37:13.266,7.0,sell,5266.73,BTC-28JUN19-14000-C,88.85,0.002,7.0,2,1554907033266,17602067,114
2019-04-10 21:13:05.092,1.0,sell,5291.52,BTC-28JUN19-14000-C,88.66,0.002,1.0,3,1554930785092,17643448,115
2019-04-11 14:01:20.945,1.0,sell,5038.1,BTC-28JUN19-14000-C,93.07,0.002,1.0,3,1554991280945,17701569,116
2019-04-11 18:33:12.081,72.2,buy,5066.52,BTC-28JUN19-14000-C,95.51,0.0025,72.2,0,1555007592081,17710464,117
2019-04-12 23:12:20.831,1.0,buy,5081.44,BTC-28JUN19-14000-C,93.28,0.002,1.0,2,1555110740831,17762512,118
2019-04-15 06:18:48.564,12.0,sell,5169.31,BTC-28JUN19-14000-C,90.38,0.0015,12.0,2,1555309128564,17814497,119
2019-04-18 14:27:15.391,10.0,sell,5243.77,BTC-28JUN19-14000-C,86.9,0.001,10.0,2,1555597635391,17923750,120
2019-04-18 14:27:15.391,2.2,sell,5243.77,BTC-28JUN19-14000-C,86.9,0.001,2.2,3,1555597635391,17923751,121
2019-04-18 17:23:13.897,0.1,buy,5265.02,BTC-28JUN19-14000-C,86.63,0.001,0.1,3,1555608193897,17928672,122
2019-04-22 15:36:24.489,0.1,buy,5327.99,BTC-28JUN19-14000-C,88.33,0.001,0.1,3,1555947384489,18039641,123
2019-04-23 01:42:32.674,12.0,sell,5383.29,BTC-28JUN19-14000-C,87.82,0.001,12.0,3,1555983752674,18073222,124
2019-04-26 08:45:55.710,3.1,buy,5186.36,BTC-28JUN19-14000-C,93.36,0.001,3.1,3,1556268355710,18320603,125
2019-04-26 16:53:17.751,1.0,buy,5100.1,BTC-28JUN19-14000-C,95.04,0.001,1.0,3,1556297597751,18341127,126
2019-05-03 09:11:04.704,4.1,buy,5681.26,BTC-28JUN19-14000-C,91.45,0.001,4.1,3,1556874664704,18638970,127
2019-05-03 09:42:42.022,1.1,buy,5755.07,BTC-28JUN19-14000-C,90.41,0.001,1.1,3,1556876562022,18648043,128
2019-05-04 11:52:01.971,0.1,buy,5720.33,BTC-28JUN19-14000-C,91.73,0.001,0.1,3,1556970721971,18761241,129
2019-05-04 14:43:14.078,3.0,buy,5573.06,BTC-28JUN19-14000-C,94.08,0.001,3.0,3,1556980994078,18783342,130
2019-05-04 21:21:08.517,3.0,sell,5809.2,BTC-28JUN19-14000-C,84.16,0.0005,3.0,2,1557004868517,18809163,131
2019-05-04 23:36:59.330,0.1,sell,5762.8,BTC-28JUN19-14000-C,84.88,0.0005,0.1,3,1557013019330,18832803,132
2019-05-05 22:42:20.367,0.1,sell,5729.58,BTC-28JUN19-14000-C,86.16,0.0005,0.1,3,1557096140367,18905776,133
2019-05-05 22:42:26.123,1.0,sell,5731.12,BTC-28JUN19-14000-C,86.14,0.0005,1.0,3,1557096146123,18905782,134
2019-05-06 01:00:58.594,7.0,buy,5656.19,BTC-28JUN19-14000-C,94.0,0.001,7.0,0,1557104458594,18914862,135
2019-05-06 21:37:48.867,2.5,sell,5684.12,BTC-28JUN19-14000-C,87.53,0.0005,2.5,2,1557178668867,18984197,136
2019-05-07 02:59:14.461,0.1,buy,5904.66,BTC-28JUN19-14000-C,90.89,0.001,0.1,0,1557197954461,19009420,137
2019-05-07 18:45:16.021,24.0,sell,5866.17,BTC-28JUN19-14000-C,85.69,0.0005,24.0,3,1557254716021,19070982,141
2019-05-07 18:45:16.021,10.0,sell,5866.17,BTC-28JUN19-14000-C,85.69,0.0005,10.0,3,1557254716021,19070981,140
2019-05-07 18:45:16.021,3.3000000000000003,sell,5866.17,BTC-28JUN19-14000-C,85.69,0.0005,3.3000000000000003,2,1557254716021,19070979,138
2019-05-07 18:45:16.021,1.1,sell,5866.17,BTC-28JUN19-14000-C,85.69,0.0005,1.1,3,1557254716021,19070980,139
2019-05-07 18:46:01.304,10.0,sell,5868.55,BTC-28JUN19-14000-C,85.67,0.0005,10.0,3,1557254761304,19071061,142
2019-05-07 18:49:20.499,10.0,sell,5872.6,BTC-28JUN19-14000-C,85.6,0.0005,10.0,3,1557254960499,19071240,143
2019-05-07 19:53:55.010,53.7,buy,5839.66,BTC-28JUN19-14000-C,86.06,0.0005,53.7,3,1557258835010,19078653,144
2019-05-09 18:15:42.408,30.5,buy,6057.5,BTC-28JUN19-14000-C,91.85,0.001,30.5,0,1557425742408,19257486,145
2019-05-09 18:15:42.408,0.1,buy,6057.5,BTC-28JUN19-14000-C,91.85,0.001,0.1,1,1557425742408,19257487,146
2019-05-09 18:15:42.408,9.4,buy,6057.5,BTC-28JUN19-14000-C,91.85,0.001,9.4,1,1557425742408,19257488,147
2019-05-10 04:52:15.681,0.1,buy,6285.87,BTC-28JUN19-14000-C,93.62,0.0015,0.1,1,1557463935681,19320657,150
2019-05-10 04:52:15.681,1.0,buy,6285.87,BTC-28JUN19-14000-C,93.62,0.0015,1.0,0,1557463935681,19320655,148
2019-05-10 04:52:15.681,10.0,buy,6285.87,BTC-28JUN19-14000-C,93.62,0.0015,10.0,1,1557463935681,19320656,149
2019-05-10 04:52:15.684,25.0,sell,6285.87,BTC-28JUN19-14000-C,93.62,0.0015,25.0,1,1557463935684,19320658,151
2019-05-10 16:12:03.945,0.1,buy,6342.76,BTC-28JUN19-14000-C,93.12,0.0015,0.1,1,1557504723945,19370177,152
2019-05-11 02:28:38.448,1.0,buy,6476.07,BTC-28JUN19-14000-C,91.57,0.0015,1.0,1,1557541718448,19428862,153
2019-05-11 05:09:36.537,0.1,buy,6686.23,BTC-28JUN19-14000-C,91.7,0.002,0.1,0,1557551376537,19464265,154
2019-05-11 05:09:36.537,0.9,buy,6686.23,BTC-28JUN19-14000-C,91.7,0.002,0.9,1,1557551376537,19464267,156
2019-05-11 05:09:36.537,1.0,buy,6686.23,BTC-28JUN19-14000-C,91.7,0.002,1.0,1,1557551376537,19464266,155
2019-05-11 05:19:38.112,0.2,buy,6700.07,BTC-28JUN19-14000-C,91.37,0.002,0.2,1,1557551978112,19465747,157
2019-05-11 05:19:39.476,8.9,buy,6700.07,BTC-28JUN19-14000-C,91.37,0.002,8.9,1,1557551979476,19465755,158
2019-05-11 14:24:56.565,0.1,sell,6792.86,BTC-28JUN19-14000-C,82.38,0.001,0.1,2,1557584696565,19572547,159
2019-05-11 16:01:24.918,2.2,buy,6900.84,BTC-28JUN19-14000-C,95.57,0.0035,2.2,0,1557590484918,19590053,160
2019-05-11 16:01:25.026,2.2,buy,6900.84,BTC-28JUN19-14000-C,95.57,0.0035,2.2,1,1557590485026,19590062,161
2019-05-11 16:01:25.037,2.2,buy,6900.84,BTC-28JUN19-14000-C,95.57,0.0035,2.2,1,1557590485037,19590063,162
2019-05-11 16:01:25.078,2.2,buy,6900.84,BTC-28JUN19-14000-C,95.57,0.0035,2.2,1,1557590485078,19590065,163
2019-05-11 16:01:25.146,2.2,buy,6900.84,BTC-28JUN19-14000-C,95.57,0.0035,2.2,1,1557590485146,19590067,164
2019-05-11 16:01:25.163,2.2,buy,6900.84,BTC-28JUN19-14000-C,95.57,0.0035,2.2,1,1557590485163,19590069,165
2019-05-11 16:01:25.186,2.2,buy,6900.84,BTC-28JUN19-14000-C,95.57,0.0035,2.2,1,1557590485186,19590071,166
2019-05-11 16:01:25.271,2.2,buy,6900.84,BTC-28JUN19-14000-C,95.57,0.0035,2.2,1,1557590485271,19590076,167
2019-05-11 16:02:11.332,2.4,buy,6907.15,BTC-28JUN19-14000-C,95.41,0.0035,2.4,1,1557590531332,19590908,168
2019-05-11 16:52:03.831,25.0,buy,6931.69,BTC-28JUN19-14000-C,100.47,0.005,25.0,0,1557593523831,19609820,169
2019-05-11 17:57:00.768,10.0,buy,6964.52,BTC-28JUN19-14000-C,101.51,0.0055,10.0,0,1557597420768,19617998,170
2019-05-11 18:05:18.245,0.4,buy,6974.98,BTC-28JUN19-14000-C,102.96,0.006,0.4,0,1557597918245,19618680,171
2019-05-11 18:42:54.469,1.2,sell,6990.38,BTC-28JUN19-14000-C,99.73,0.005,1.2,2,1557600174469,19627112,172
2019-05-11 22:32:29.932,1.0,buy,7261.57,BTC-28JUN19-14000-C,99.24,0.0065,1.0,0,1557613949932,19671374,173
2019-05-11 22:33:19.248,5.0,buy,7271.93,BTC-28JUN19-14000-C,99.06,0.0065,5.0,1,1557613999248,19671851,174
2019-05-11 22:35:01.222,3.0,sell,7304.17,BTC-28JUN19-14000-C,86.74,0.003,3.0,2,1557614101222,19674284,175
2019-05-11 23:07:41.896,14.0,buy,7308.52,BTC-28JUN19-14000-C,98.79,0.0065,14.0,0,1557616061896,19693405,176
2019-05-11 23:14:27.909,10.0,buy,7418.37,BTC-28JUN19-14000-C,101.05,0.008,10.0,0,1557616467909,19701216,177
2019-05-12 01:30:33.990,6.1000000000000005,sell,7126.92,BTC-28JUN19-14000-C,103.72,0.006999999999999999,6.1000000000000005,2,1557624633990,19776923,178
2019-05-12 09:08:42.543,2.0,buy,7434.98,BTC-28JUN19-14000-C,96.81,0.006,2.0,2,1557652122543,19871674,179
2019-05-12 09:09:43.536,2.0,buy,7426.46,BTC-28JUN19-14000-C,99.75,0.006999999999999999,2.0,0,1557652183536,19871801,180
2019-05-12 11:00:31.758,2.0,sell,7232.16,BTC-28JUN19-14000-C,96.98,0.005,2.0,2,1557658831758,19918992,181
2019-05-12 11:02:09.130,3.0,sell,7159.29,BTC-28JUN19-14000-C,98.11,0.005,3.0,3,1557658929130,19921057,182
2019-05-12 11:17:46.150,2.0,sell,7283.05,BTC-28JUN19-14000-C,96.11,0.005,2.0,3,1557659866150,19928139,183
2019-05-12 11:19:59.742,2.0,sell,7261.81,BTC-28JUN19-14000-C,96.44,0.005,2.0,3,1557659999742,19928889,184
2019-05-12 11:36:58.823,1.0,buy,7091.87,BTC-28JUN19-14000-C,98.97,0.005,1.0,3,1557661018823,19940477,185
