date_utc,amount,direction,indexPrice,instrument,iv,price,quantity,tickDirection,timeStamp,tradeId,tradeSeq
2019-05-11 11:58:15.833,0.1,sell,6786.5,BTC-28JUN19-7500-P,75.81,0.182,0.1,1,1557575895833,19558926,1
2019-05-11 13:54:43.842,0.1,buy,6808.98,BTC-28JUN19-7500-P,81.3,0.1835,0.1,0,1557582883842,19569399,2
2019-05-11 22:12:51.842,0.1,buy,7122.09,BTC-28JUN19-7500-P,80.66,0.1465,0.1,2,1557612771842,19659575,3
2019-05-12 03:32:17.374,0.1,buy,7196.66,BTC-28JUN19-7500-P,78.56,0.14,0.1,2,1557631937374,19798025,4
2019-05-12 03:53:32.750,0.1,sell,7172.57,BTC-28JUN19-7500-P,78.65,0.1415,0.1,0,1557633212750,19801400,5
2019-05-12 04:46:08.703,1.0,buy,7188.39,BTC-28JUN19-7500-P,86.26,0.152,1.0,0,1557636368703,19807407,6
2019-05-12 18:39:36.954,1.0,sell,7042.65,BTC-28JUN19-7500-P,69.85,0.1395,1.0,2,1557686376954,20053086,7
2019-05-13 05:09:06.467,1.0,buy,7112.23,BTC-28JUN19-7500-P,79.43,0.1465,1.0,0,1557724146467,20131973,8
2019-05-13 14:15:22.382,1.0,sell,7395.77,BTC-28JUN19-7500-P,76.05,0.11800000000000001,1.0,2,1557756922382,20190829,9
2019-05-13 14:43:21.532,0.1,sell,7504.95,BTC-28JUN19-7500-P,80.8,0.115,0.1,2,1557758601532,20198167,10
2019-05-13 15:19:28.084,0.7000000000000001,sell,7844.29,BTC-28JUN19-7500-P,86.66,0.0975,0.7000000000000001,2,1557760768084,20227302,11
2019-05-13 15:48:34.542,1.0,sell,7748.08,BTC-28JUN19-7500-P,83.84,0.10099999999999999,1.0,0,1557762514542,20244684,12
2019-05-13 15:49:06.194,0.4,buy,7740.4,BTC-28JUN19-7500-P,88.27,0.1075,0.4,0,1557762546194,20245001,13
2019-05-13 16:08:00.936,5.0,buy,7895.85,BTC-28JUN19-7500-P,82.1,0.08900000000000001,5.0,2,1557763680936,20252486,14
2019-05-13 18:33:46.088,0.7000000000000001,sell,7871.3,BTC-28JUN19-7500-P,82.33,0.091,0.7000000000000001,0,1557772426088,20292790,15
2019-05-13 19:32:39.993,0.4,buy,7881.98,BTC-28JUN19-7500-P,91.34,0.102,0.4,0,1557775959993,20297632,16
2019-05-13 22:11:44.093,0.1,buy,8107.45,BTC-28JUN19-7500-P,97.41,0.0965,0.1,2,1557785504093,20333797,17
2019-05-14 06:30:44.614,0.5,sell,8046.96,BTC-28JUN19-7500-P,99.88,0.1,0.5,0,1557815444614,20435858,18
2019-05-14 07:00:18.982,0.1,sell,8066.82,BTC-28JUN19-7500-P,98.15,0.0965,0.1,2,1557817218982,20438560,19
2019-05-14 07:39:04.814,0.1,sell,8203.72,BTC-28JUN19-7500-P,101.22,0.0935,0.1,2,1557819544814,20451994,20
2019-05-14 09:54:34.518,0.1,buy,8118.78,BTC-28JUN19-7500-P,95.0,0.0895,0.1,2,1557827674518,20492529,21
2019-05-14 12:02:33.342,0.1,sell,8062.73,BTC-28JUN19-7500-P,96.1,0.095,0.1,0,1557835353342,20509196,22
2019-05-14 14:32:54.789,0.5,sell,8089.1,BTC-28JUN19-7500-P,97.58,0.096,0.5,0,1557844374789,20529981,23
2019-05-14 14:40:16.110,0.4,sell,8040.65,BTC-28JUN19-7500-P,97.76,0.099,0.4,0,1557844816110,20531026,24
2019-05-14 14:44:44.869,1.0,buy,7991.06,BTC-28JUN19-7500-P,102.12,0.1075,1.0,0,1557845084869,20533100,25
2019-05-14 17:27:22.844,0.4,sell,8028.88,BTC-28JUN19-7500-P,98.17,0.1,0.4,2,1557854842844,20565361,26
2019-05-14 19:02:49.188,2.0,buy,7824.62,BTC-28JUN19-7500-P,89.55,0.1,2.0,3,1557860569188,20590360,27
2019-05-14 19:22:20.405,0.1,buy,7796.04,BTC-28JUN19-7500-P,92.82,0.106,0.1,0,1557861740405,20596634,28
2019-05-14 19:22:25.436,0.1,buy,7794.51,BTC-28JUN19-7500-P,91.95,0.105,0.1,2,1557861745436,20596644,29
2019-05-14 19:22:36.305,0.9,buy,7789.87,BTC-28JUN19-7500-P,91.66,0.105,0.9,3,1557861756305,20596689,30
2019-05-14 20:04:58.442,0.1,buy,7844.26,BTC-28JUN19-7500-P,90.16,0.1,0.1,2,1557864298442,20605257,31
2019-05-14 22:11:01.364,2.0,buy,7867.66,BTC-28JUN19-7500-P,98.11,0.1085,2.0,0,1557871861364,20625487,32
2019-05-15 07:34:37.719,0.1,buy,7928.68,BTC-28JUN19-7500-P,100.88,0.107,0.1,2,1557905677719,20676861,33
2019-05-15 15:26:53.834,0.2,buy,7995.58,BTC-28JUN19-7500-P,98.12,0.1,0.2,2,1557934013834,20729824,34
2019-05-15 15:35:12.997,5.0,sell,8004.75,BTC-28JUN19-7500-P,91.28,0.0905,5.0,2,1557934512997,20731140,35
2019-05-15 16:28:10.347,1.0,sell,7996.73,BTC-28JUN19-7500-P,90.58,0.0905,1.0,3,1557937690347,20738853,36
2019-05-15 16:40:07.839,0.5,sell,8013.41,BTC-28JUN19-7500-P,91.06,0.09,0.5,2,1557938407839,20740333,37
2019-05-15 19:02:10.507,1.0,buy,8234.14,BTC-28JUN19-7500-P,88.33,0.075,1.0,2,1557946930507,20758551,38
2019-05-15 20:16:29.190,2.0,sell,8206.17,BTC-28JUN19-7500-P,85.0,0.07200000000000001,2.0,2,1557951389190,20774285,39
2019-05-15 23:58:41.014,5.0,buy,8199.94,BTC-28JUN19-7500-P,85.9,0.073,5.0,0,1557964721014,20804645,40
2019-05-16 00:07:09.841,4.0,sell,8198.69,BTC-28JUN19-7500-P,85.97,0.0725,4.0,2,1557965229841,20807179,41
2019-05-16 01:52:11.662,0.2,sell,8304.06,BTC-28JUN19-7500-P,85.93,0.067,0.2,2,1557971531662,20829356,42
2019-05-16 08:06:00.586,0.1,buy,8010.2,BTC-28JUN19-7500-P,98.64,0.096,0.1,0,1557993960586,20886829,43
2019-05-16 12:31:55.734,0.9,buy,7884.4,BTC-28JUN19-7500-P,98.69,0.10400000000000001,0.9,0,1558009915734,20923902,44
2019-05-16 12:31:55.734,0.1,buy,7884.4,BTC-28JUN19-7500-P,99.46,0.105,0.1,0,1558009915734,20923903,45
2019-05-16 13:20:04.380,0.1,sell,7851.13,BTC-28JUN19-7500-P,90.55,0.095,0.1,2,1558012804380,20930434,46
2019-05-17 03:10:25.710,1.0,buy,6631.11,BTC-28JUN19-7500-P,107.87,0.19899999999999998,1.0,0,1558062625710,21050800,47
2019-05-17 03:36:59.325,5.0,buy,7240.56,BTC-28JUN19-7500-P,105.52,0.157,5.0,2,1558064219325,21079141,48
2019-05-17 03:59:36.231,0.4,sell,7292.5,BTC-28JUN19-7500-P,86.92,0.128,0.4,2,1558065576231,21088828,49
2019-05-17 05:08:41.349,7.0,buy,7259.72,BTC-28JUN19-7500-P,116.17,0.16899999999999998,7.0,0,1558069721349,21109172,50
2019-05-17 05:44:35.814,1.0,buy,7270.91,BTC-28JUN19-7500-P,118.13,0.171,1.0,0,1558071875814,21114012,51
2019-05-17 07:45:49.441,2.0,sell,7348.67,BTC-28JUN19-7500-P,96.81,0.13699999999999998,2.0,2,1558079149441,21128504,52
2019-05-17 10:45:29.444,0.5,buy,7230.51,BTC-28JUN19-7500-P,106.07,0.159,0.5,0,1558089929444,21145071,53
2019-05-17 14:43:35.071,0.1,sell,7180.5,BTC-28JUN19-7500-P,96.1,0.1485,0.1,2,1558104215071,21183985,54
2019-05-17 14:49:39.116,1.0,sell,7197.25,BTC-28JUN19-7500-P,101.18,0.1535,1.0,0,1558104579116,21184230,55
2019-05-17 17:55:07.206,1.0,buy,7008.45,BTC-28JUN19-7500-P,95.37,0.16399999999999998,1.0,0,1558115707206,21210022,56
2019-05-18 00:15:48.675,1.0,buy,7372.97,BTC-28JUN19-7500-P,103.47,0.145,1.0,2,1558138548675,21252065,57
2019-05-18 13:03:33.785,0.1,buy,7302.76,BTC-28JUN19-7500-P,100.97,0.15,0.1,0,1558184613785,21298857,58
2019-05-19 02:05:56.349,0.1,sell,7707.71,BTC-28JUN19-7500-P,102.76,0.12,0.1,2,1558231556349,21342989,59
2019-05-19 04:10:17.190,0.1,buy,7909.27,BTC-28JUN19-7500-P,103.75,0.109,0.1,2,1558239017190,21366944,60
2019-05-19 04:57:14.129,1.0,sell,7992.78,BTC-28JUN19-7500-P,93.29,0.091,1.0,2,1558241834129,21372912,61
2019-05-19 13:11:49.681,4.0,sell,7968.13,BTC-28JUN19-7500-P,102.18,0.1,4.0,0,1558271509681,21419161,62
2019-05-19 14:12:04.160,0.3,buy,7927.91,BTC-28JUN19-7500-P,105.82,0.105,0.3,0,1558275124160,21429376,63
2019-05-19 14:18:52.195,0.1,buy,7930.3,BTC-28JUN19-7500-P,105.35,0.1045,0.1,2,1558275532195,21429681,64
2019-05-19 21:14:41.585,0.3,sell,8052.55,BTC-28JUN19-7500-P,96.05,0.086,0.3,2,1558300481585,21456679,65
2019-05-19 22:39:59.385,0.1,sell,8211.74,BTC-28JUN19-7500-P,98.1,0.08,0.1,2,1558305599385,21463654,66
2019-05-19 22:44:50.744,9.0,sell,8208.88,BTC-28JUN19-7500-P,95.36,0.077,9.0,2,1558305890744,21466856,67
2019-05-19 23:31:51.642,5.0,buy,8231.56,BTC-28JUN19-7500-P,96.26,0.075,5.0,2,1558308711642,21481874,68
2019-05-20 00:26:36.209,2.0,sell,8060.26,BTC-28JUN19-7500-P,93.49,0.08,2.0,0,1558311996209,21495444,69
2019-05-20 05:12:17.008,0.1,buy,8011.81,BTC-28JUN19-7500-P,97.07,0.08800000000000001,0.1,0,1558329137008,21529781,70
2019-05-20 06:37:33.784,0.1,sell,7955.06,BTC-28JUN19-7500-P,94.22,0.0875,0.1,2,1558334253784,21534100,71
2019-05-20 06:38:21.543,0.1,sell,7954.02,BTC-28JUN19-7500-P,95.15,0.0885,0.1,0,1558334301543,21534121,72
2019-05-20 12:46:16.330,1.1,buy,7810.42,BTC-28JUN19-7500-P,97.42,0.099,1.1,0,1558356376330,21569477,73
2019-05-20 12:47:01.604,3.9,buy,7782.42,BTC-28JUN19-7500-P,95.79,0.099,3.9,1,1558356421604,21570041,74
2019-05-20 13:52:59.577,1.0,buy,7711.63,BTC-28JUN19-7500-P,96.42,0.1035,1.0,0,1558360379577,21589830,75
2019-05-20 14:16:34.739,0.2,buy,7775.97,BTC-28JUN19-7500-P,101.21,0.106,0.2,0,1558361794739,21592131,76
2019-05-20 21:20:10.333,0.1,buy,8036.27,BTC-28JUN19-7500-P,99.12,0.0885,0.1,2,1558387210333,21630592,77
2019-05-20 22:11:46.418,0.5,buy,8086.05,BTC-28JUN19-7500-P,100.68,0.08800000000000001,0.5,2,1558390306418,21640269,78
2019-05-21 03:26:27.593,1.1,sell,7908.11,BTC-28JUN19-7500-P,97.02,0.0935,1.1,0,1558409187593,21665746,79
2019-05-21 08:47:32.284,0.1,sell,7944.32,BTC-28JUN19-7500-P,98.24,0.092,0.1,2,1558428452284,21677617,80
2019-05-21 21:26:36.043,2.0,sell,8036.96,BTC-28JUN19-7500-P,89.57,0.0765,2.0,2,1558473996043,21727553,81
2019-05-22 16:16:45.129,1.0,buy,7968.1,BTC-28JUN19-7500-P,93.13,0.08199999999999999,1.0,0,1558541805129,21787027,82
2019-05-23 12:01:07.997,1.0,sell,7598.57,BTC-28JUN19-7500-P,86.26,0.095,1.0,0,1558612867997,21894917,83
2019-05-23 12:04:31.354,1.0,sell,7589.06,BTC-28JUN19-7500-P,86.0,0.095,1.0,1,1558613071354,21895651,84
2019-05-23 14:39:41.343,3.0,buy,7703.59,BTC-28JUN19-7500-P,93.31,0.0975,3.0,0,1558622381343,21907019,85
2019-05-23 16:05:37.976,2.0,buy,7787.48,BTC-28JUN19-7500-P,93.71,0.0935,2.0,2,1558627537976,21916254,86
2019-05-23 16:14:47.934,0.1,sell,7846.76,BTC-28JUN19-7500-P,87.66,0.083,0.1,2,1558628087934,21917359,87
2019-05-23 19:56:54.399,3.0,sell,7790.75,BTC-28JUN19-7500-P,87.21,0.0855,3.0,0,1558641414399,21929029,88
2019-05-23 23:50:38.949,10.0,sell,7873.67,BTC-28JUN19-7500-P,86.82,0.079,10.0,2,1558655438949,21950645,89
2019-05-24 01:14:14.427,5.0,sell,7919.83,BTC-28JUN19-7500-P,88.34,0.0775,5.0,2,1558660454427,21955612,90
2019-05-24 04:06:15.252,0.1,buy,7884.16,BTC-28JUN19-7500-P,92.06,0.0835,0.1,0,1558670775252,21961734,91
2019-05-24 04:36:39.121,0.1,sell,7853.35,BTC-28JUN19-7500-P,88.77,0.0815,0.1,2,1558672599121,21962095,92
2019-05-24 06:41:05.995,0.1,buy,7858.58,BTC-28JUN19-7500-P,89.26,0.0815,0.1,3,1558680065995,21965386,93
2019-05-24 08:41:40.872,5.0,sell,8006.06,BTC-28JUN19-7500-P,87.76,0.0715,5.0,2,1558687300872,21974927,94
2019-05-24 08:42:00.207,5.0,sell,8000.16,BTC-28JUN19-7500-P,86.96,0.071,5.0,2,1558687320207,21974936,95
2019-05-24 09:15:55.604,3.0,sell,7980.53,BTC-28JUN19-7500-P,85.73,0.0705,3.0,2,1558689355604,21976463,96
2019-05-24 12:28:51.904,5.0,sell,8016.99,BTC-28JUN19-7500-P,88.03,0.071,5.0,0,1558700931904,21986868,97
2019-05-24 13:43:41.948,1.0,sell,8003.41,BTC-28JUN19-7500-P,86.71,0.07,1.0,2,1558705421948,21989749,98
2019-05-24 15:18:07.889,1.0,sell,8139.41,BTC-28JUN19-7500-P,85.61,0.0615,1.0,2,1558711087889,21997038,99
2019-05-24 19:34:57.035,2.0,sell,8037.92,BTC-28JUN19-7500-P,87.09,0.068,2.0,0,1558726497035,22014418,100
2019-05-24 19:35:49.239,5.0,sell,8028.87,BTC-28JUN19-7500-P,87.25,0.0685,5.0,0,1558726549239,22014475,101
2019-05-24 23:51:59.528,3.0,buy,7996.13,BTC-28JUN19-7500-P,91.41,0.0745,3.0,0,1558741919528,22029929,104
2019-05-24 23:51:59.528,2.0,buy,7996.13,BTC-28JUN19-7500-P,90.07,0.073,2.0,0,1558741919528,22029927,102
2019-05-24 23:51:59.528,5.0,buy,7996.13,BTC-28JUN19-7500-P,90.07,0.073,5.0,1,1558741919528,22029928,103
2019-05-25 02:45:28.924,0.4,buy,8025.53,BTC-28JUN19-7500-P,90.5,0.07200000000000001,0.4,2,1558752328924,22034666,105
2019-05-25 20:21:07.012,2.0,sell,8057.27,BTC-28JUN19-7500-P,83.95,0.062,2.0,2,1558815667012,22072706,106
2019-05-25 23:24:00.374,0.1,buy,8071.91,BTC-28JUN19-7500-P,89.85,0.0675,0.1,0,1558826640374,22076783,107
2019-05-26 09:05:10.622,3.0,sell,8022.86,BTC-28JUN19-7500-P,83.92,0.0625,3.0,2,1558861510622,22092964,108
2019-05-26 09:05:59.438,1.0,sell,8023.99,BTC-28JUN19-7500-P,83.98,0.0625,1.0,3,1558861559438,22092966,110
2019-05-26 09:05:59.438,2.0,sell,8023.99,BTC-28JUN19-7500-P,83.98,0.0625,2.0,3,1558861559438,22092965,109
2019-05-26 09:31:48.722,1.0,sell,8023.15,BTC-28JUN19-7500-P,84.21,0.063,1.0,0,1558863108722,22093239,111
2019-05-26 10:03:37.512,5.0,buy,7983.24,BTC-28JUN19-7500-P,84.01,0.065,5.0,0,1558865017512,22093798,112
2019-05-26 10:10:15.152,2.0,sell,7993.44,BTC-28JUN19-7500-P,83.67,0.064,2.0,2,1558865415152,22094411,113
2019-05-26 20:15:39.041,1.0,sell,8701.96,BTC-28JUN19-7500-P,86.02,0.034,1.0,2,1558901739041,22180894,114
2019-05-27 01:04:43.767,0.4,buy,8922.74,BTC-28JUN19-7500-P,95.32,0.037000000000000005,0.4,0,1558919083767,22255038,115
2019-05-27 02:32:29.242,0.2,sell,8740.59,BTC-28JUN19-7500-P,91.8,0.0385,0.2,0,1558924349242,22266388,116
2019-05-27 04:57:32.472,0.1,buy,8723.61,BTC-28JUN19-7500-P,95.7,0.042,0.1,0,1558933052472,22275500,117
2019-05-27 05:29:13.003,1.0,sell,8748.88,BTC-28JUN19-7500-P,91.61,0.0375,1.0,2,1558934953003,22276365,118
2019-05-27 06:11:03.848,1.9,buy,8734.03,BTC-28JUN19-7500-P,96.37,0.042,1.9,0,1558937463848,22277193,119
2019-05-27 06:54:59.185,1.0,buy,8751.48,BTC-28JUN19-7500-P,99.02,0.0435,1.0,0,1558940099185,22278427,120
2019-05-27 07:19:54.897,2.0,buy,8803.28,BTC-28JUN19-7500-P,95.45,0.039,2.0,2,1558941594897,22279193,121
2019-05-27 08:50:05.672,0.1,sell,8750.49,BTC-28JUN19-7500-P,94.59,0.04,0.1,0,1558947005672,22282086,122
2019-05-27 12:09:03.457,1.0,sell,8802.36,BTC-28JUN19-7500-P,99.83,0.042,1.0,0,1558958943457,22294077,123
2019-05-27 12:14:03.232,0.1,sell,8835.77,BTC-28JUN19-7500-P,98.31,0.04,0.1,2,1558959243232,22295286,124
2019-05-27 17:37:47.503,10.0,sell,8707.84,BTC-28JUN19-7500-P,93.52,0.04,10.0,3,1558978667503,22343042,125
2019-05-27 17:57:06.229,5.0,buy,8694.61,BTC-28JUN19-7500-P,94.9,0.0415,5.0,0,1558979826229,22344526,126
2019-05-27 23:05:23.401,2.6,sell,8825.06,BTC-28JUN19-7500-P,94.25,0.037000000000000005,2.6,2,1558998323401,22361721,127
2019-05-28 00:12:21.783,1.7,sell,8808.83,BTC-28JUN19-7500-P,92.51,0.0355,1.7,3,1559002341783,22367909,130
2019-05-28 00:12:21.783,2.0,sell,8808.83,BTC-28JUN19-7500-P,92.51,0.0355,2.0,2,1559002341783,22367907,128
2019-05-28 00:12:21.783,0.1,sell,8808.83,BTC-28JUN19-7500-P,92.51,0.0355,0.1,3,1559002341783,22367908,129
2019-05-28 01:27:36.942,4.0,buy,8781.8,BTC-28JUN19-7500-P,95.34,0.0385,4.0,0,1559006856942,22371473,131
2019-05-28 01:32:25.739,4.1,buy,8789.54,BTC-28JUN19-7500-P,96.66,0.0395,4.1,0,1559007145739,22371505,132
2019-05-28 01:33:54.242,4.0,buy,8797.54,BTC-28JUN19-7500-P,97.04,0.0395,4.0,1,1559007234242,22371600,133
2019-05-28 01:34:06.413,0.9,buy,8796.25,BTC-28JUN19-7500-P,97.03,0.0395,0.9,1,1559007246413,22371626,134
2019-05-28 01:34:06.413,9.1,buy,8796.25,BTC-28JUN19-7500-P,97.03,0.0395,9.1,1,1559007246413,22371627,135
2019-05-28 01:34:38.809,5.0,buy,8796.44,BTC-28JUN19-7500-P,97.06,0.0395,5.0,1,1559007278809,22371643,136
2019-05-28 01:34:45.459,2.7,buy,8796.43,BTC-28JUN19-7500-P,97.06,0.0395,2.7,1,1559007285459,22371645,138
2019-05-28 01:34:45.459,12.3,buy,8796.43,BTC-28JUN19-7500-P,97.06,0.0395,12.3,1,1559007285459,22371644,137
2019-05-28 02:55:33.899,2.0,buy,8784.59,BTC-28JUN19-7500-P,97.2,0.04,2.0,0,1559012133899,22373295,139
2019-05-28 03:23:52.347,0.5,sell,8781.6,BTC-28JUN19-7500-P,96.39,0.0395,0.5,2,1559013832347,22373823,140
2019-05-28 03:42:14.369,2.0,sell,8776.08,BTC-28JUN19-7500-P,96.47,0.0395,2.0,3,1559014934369,22374322,141
2019-05-28 04:12:31.057,2.0,sell,8788.72,BTC-28JUN19-7500-P,96.51,0.039,2.0,2,1559016751057,22375212,142
2019-05-28 05:26:43.655,5.0,buy,8773.4,BTC-28JUN19-7500-P,99.06,0.042,5.0,0,1559021203655,22377506,143
2019-05-28 05:43:31.839,1.0,sell,8760.34,BTC-28JUN19-7500-P,97.44,0.041,1.0,2,1559022211839,22378194,144
2019-05-28 08:15:32.409,1.0,sell,8727.03,BTC-28JUN19-7500-P,94.99,0.04,1.0,2,1559031332409,22390797,145
2019-05-28 10:02:32.648,0.5,sell,8705.76,BTC-28JUN19-7500-P,92.66,0.038,0.5,2,1559037752648,22393982,146
2019-05-28 10:28:11.078,1.0,sell,8702.42,BTC-28JUN19-7500-P,92.26,0.038,1.0,3,1559039291078,22395902,147
2019-05-28 12:00:25.599,4.0,sell,8750.5,BTC-28JUN19-7500-P,95.15,0.039,4.0,0,1559044825599,22400850,148
2019-05-28 12:00:28.661,0.1,sell,8750.79,BTC-28JUN19-7500-P,95.14,0.039,0.1,1,1559044828661,22400854,149
2019-05-28 12:00:33.624,0.9,sell,8750.34,BTC-28JUN19-7500-P,95.11,0.039,0.9,1,1559044833624,22400911,150
2019-05-28 12:13:19.038,5.0,sell,8740.71,BTC-28JUN19-7500-P,95.55,0.04,5.0,0,1559045599038,22402344,151
2019-05-28 13:35:39.982,0.2,buy,8627.15,BTC-28JUN19-7500-P,93.98,0.0425,0.2,0,1559050539982,22414993,152
2019-05-28 13:37:24.143,0.5,buy,8647.17,BTC-28JUN19-7500-P,93.99,0.042,0.5,2,1559050644143,22415394,153
2019-05-28 13:40:45.528,0.5,buy,8648.87,BTC-28JUN19-7500-P,97.37,0.045,0.5,0,1559050845528,22415646,154
2019-05-28 17:36:51.127,3.0,sell,8784.17,BTC-28JUN19-7500-P,95.24,0.0385,3.0,2,1559065011127,22431354,155
2019-05-28 18:21:50.455,0.5,sell,8750.82,BTC-28JUN19-7500-P,93.54,0.038,0.5,2,1559067710455,22436482,156
2019-05-28 18:21:50.455,5.0,sell,8750.82,BTC-28JUN19-7500-P,93.54,0.038,5.0,3,1559067710455,22436483,157
2019-05-29 02:01:53.290,22.4,buy,8653.49,BTC-28JUN19-7500-P,91.72,0.04,22.4,0,1559095313290,22457204,158
2019-05-29 02:01:53.411,2.6,buy,8653.49,BTC-28JUN19-7500-P,91.72,0.04,2.6,1,1559095313411,22457219,159
2019-05-29 04:34:20.147,10.0,buy,8565.2,BTC-28JUN19-7500-P,94.03,0.045,10.0,0,1559104460147,22467160,160
2019-05-29 08:50:54.453,10.0,sell,8615.61,BTC-28JUN19-7500-P,94.14,0.045,10.0,1,1559119854453,22492200,161
2019-05-29 14:22:09.050,2.0,sell,8720.66,BTC-28JUN19-7500-P,90.16,0.037000000000000005,2.0,2,1559139729050,22518577,162
2019-05-29 14:22:30.490,0.1,buy,8723.85,BTC-28JUN19-7500-P,92.63,0.039,0.1,0,1559139750490,22518591,163
2019-05-29 14:30:28.502,10.0,sell,8721.89,BTC-28JUN19-7500-P,90.17,0.037000000000000005,10.0,2,1559140228502,22519130,164
2019-05-29 14:52:24.058,10.0,sell,8706.1,BTC-28JUN19-7500-P,88.99,0.0365,10.0,2,1559141544058,22520665,165
2019-05-29 14:52:24.058,25.6,sell,8706.1,BTC-28JUN19-7500-P,88.99,0.0365,25.6,3,1559141544058,22520666,166
2019-05-29 14:52:24.155,10.0,buy,8705.52,BTC-28JUN19-7500-P,88.99,0.0365,10.0,3,1559141544155,22520667,167
2019-05-29 14:52:33.601,4.0,buy,8704.53,BTC-28JUN19-7500-P,88.93,0.0365,4.0,3,1559141553601,22520670,168
2019-05-29 14:53:33.109,0.4,buy,8705.25,BTC-28JUN19-7500-P,88.88,0.0365,0.4,3,1559141613109,22520702,169
2019-05-29 20:45:42.491,10.0,buy,8649.61,BTC-28JUN19-7500-P,88.17,0.038,10.0,0,1559162742491,22539324,170
2019-05-29 21:15:35.312,0.2,sell,8663.45,BTC-28JUN19-7500-P,87.33,0.0365,0.2,2,1559164535312,22541811,171
2019-05-29 23:33:40.171,0.5,buy,8633.29,BTC-28JUN19-7500-P,87.95,0.038,0.5,0,1559172820171,22546120,172
2019-05-30 00:59:43.817,0.1,sell,8678.95,BTC-28JUN19-7500-P,90.1,0.038,0.1,1,1559177983817,22551192,173
2019-05-30 01:43:26.121,10.0,buy,8626.07,BTC-28JUN19-7500-P,90.63,0.04,10.0,0,1559180606121,22558911,174
2019-05-30 04:19:53.443,0.9,sell,8688.8,BTC-28JUN19-7500-P,90.69,0.0375,0.9,2,1559189993443,22576404,175
2019-05-30 05:07:36.222,1.0,sell,8736.71,BTC-28JUN19-7500-P,91.02,0.036000000000000004,1.0,2,1559192856222,22578921,176
2019-05-30 05:37:23.457,1.0,sell,8735.81,BTC-28JUN19-7500-P,91.22,0.036000000000000004,1.0,3,1559194643457,22583424,177
2019-05-30 10:21:38.744,10.0,sell,8744.42,BTC-28JUN19-7500-P,92.21,0.036000000000000004,10.0,3,1559211698744,22594967,178
2019-05-30 15:44:25.079,2.0,sell,8797.06,BTC-28JUN19-7500-P,91.73,0.0345,2.0,2,1559231065079,22611604,179
2019-05-30 15:46:36.155,8.0,sell,8840.55,BTC-28JUN19-7500-P,91.92,0.0335,8.0,3,1559231196155,22612492,181
2019-05-30 15:46:36.155,2.0,sell,8840.55,BTC-28JUN19-7500-P,91.92,0.0335,2.0,2,1559231196155,22612491,180
2019-05-30 15:47:01.857,10.1,sell,8851.92,BTC-28JUN19-7500-P,92.4,0.0335,10.1,3,1559231221857,22612766,182
2019-05-30 15:47:01.933,10.0,sell,8851.92,BTC-28JUN19-7500-P,92.42,0.0335,10.0,3,1559231221933,22612806,183
2019-05-30 15:47:02.234,0.6,sell,8855.4,BTC-28JUN19-7500-P,92.53,0.0335,0.6,3,1559231222234,22612843,184
2019-05-30 15:47:02.568,0.6,sell,8855.4,BTC-28JUN19-7500-P,92.53,0.0335,0.6,3,1559231222568,22612867,185
2019-05-30 15:47:02.753,0.8,sell,8855.4,BTC-28JUN19-7500-P,92.53,0.0335,0.8,3,1559231222753,22612870,186
2019-05-30 15:47:03.014,0.6,sell,8855.4,BTC-28JUN19-7500-P,92.53,0.0335,0.6,3,1559231223014,22612885,187
2019-05-30 15:47:03.708,0.5,sell,8859.86,BTC-28JUN19-7500-P,92.56,0.0335,0.5,3,1559231223708,22612938,188
2019-05-30 15:47:04.807,0.5,sell,8860.87,BTC-28JUN19-7500-P,92.75,0.0335,0.5,3,1559231224807,22613009,189
2019-05-30 15:47:04.819,0.5,sell,8860.87,BTC-28JUN19-7500-P,92.75,0.0335,0.5,3,1559231224819,22613010,190
2019-05-30 15:47:07.388,7.8,sell,8868.22,BTC-28JUN19-7500-P,92.95,0.0335,7.8,3,1559231227388,22613132,191
2019-05-30 15:48:46.595,2.0,sell,8836.06,BTC-28JUN19-7500-P,90.65,0.0325,2.0,2,1559231326595,22614451,192
2019-05-30 15:57:43.548,2.0,sell,8933.97,BTC-28JUN19-7500-P,92.83,0.0315,2.0,2,1559231863548,22617511,193
2019-05-30 16:00:43.640,2.0,sell,9004.35,BTC-28JUN19-7500-P,93.85,0.0305,2.0,2,1559232043640,22620352,194
2019-05-30 16:05:37.177,5.0,buy,9070.52,BTC-28JUN19-7500-P,94.5,0.0295,5.0,2,1559232337177,22625679,195
2019-05-30 16:06:33.886,0.1,sell,9011.94,BTC-28JUN19-7500-P,90.13,0.0275,0.1,2,1559232393886,22626223,196
2019-05-30 16:09:57.364,0.1,buy,9023.28,BTC-28JUN19-7500-P,94.55,0.0305,0.1,0,1559232597364,22628258,197
2019-05-30 16:13:32.859,19.3,sell,8960.8,BTC-28JUN19-7500-P,89.34,0.0285,19.3,2,1559232812859,22631131,198
2019-05-30 16:13:32.861,0.7000000000000001,buy,8960.8,BTC-28JUN19-7500-P,89.34,0.0285,0.7000000000000001,3,1559232812861,22631132,199
2019-05-30 16:13:43.968,9.3,buy,8967.66,BTC-28JUN19-7500-P,89.56,0.0285,9.3,3,1559232823968,22631220,200
2019-05-30 16:13:57.540,1.0,buy,8959.6,BTC-28JUN19-7500-P,89.35,0.0285,1.0,3,1559232837540,22631426,201
2019-05-30 16:14:16.980,9.7,buy,8942.95,BTC-28JUN19-7500-P,88.56,0.0285,9.7,3,1559232856980,22631663,202
2019-05-30 16:14:57.929,5.0,buy,8906.22,BTC-28JUN19-7500-P,88.65,0.0295,5.0,0,1559232897929,22632080,203
2019-05-30 16:15:02.807,10.0,buy,8897.79,BTC-28JUN19-7500-P,88.36,0.0295,10.0,1,1559232902807,22632135,204
2019-05-30 16:15:24.936,0.3,buy,8884.13,BTC-28JUN19-7500-P,88.02,0.0295,0.3,1,1559232924936,22632717,205
2019-05-30 16:15:26.000,0.3,buy,8880.12,BTC-28JUN19-7500-P,87.88,0.0295,0.3,1,1559232926000,22632741,206
2019-05-30 16:15:26.160,4.4,buy,8878.39,BTC-28JUN19-7500-P,87.88,0.0295,4.4,1,1559232926160,22632746,207
2019-05-30 16:24:22.938,0.1,buy,8682.97,BTC-28JUN19-7500-P,91.01,0.038,0.1,0,1559233462938,22648180,208
2019-05-30 16:28:59.704,10.0,buy,8723.12,BTC-28JUN19-7500-P,92.01,0.0375,10.0,2,1559233739704,22649781,209
2019-05-30 16:29:20.594,2.0,buy,8720.31,BTC-28JUN19-7500-P,92.39,0.038,2.0,0,1559233760594,22649813,210
2019-05-30 16:29:30.286,8.0,sell,8719.03,BTC-28JUN19-7500-P,92.3,0.038,8.0,1,1559233770286,22649828,211
2019-05-30 16:29:35.067,10.0,buy,8714.31,BTC-28JUN19-7500-P,92.75,0.0385,10.0,0,1559233775067,22649853,212
2019-05-30 16:29:47.632,2.0,buy,8716.19,BTC-28JUN19-7500-P,93.38,0.039,2.0,0,1559233787632,22649872,213
2019-05-30 16:29:51.230,5.0,buy,8715.87,BTC-28JUN19-7500-P,93.36,0.039,5.0,1,1559233791230,22649899,214
2019-05-30 17:38:34.708,0.1,buy,8617.47,BTC-28JUN19-7500-P,90.31,0.0395,0.1,0,1559237914708,22668356,215
2019-05-30 17:51:30.542,10.9,buy,8641.03,BTC-28JUN19-7500-P,88.52,0.0375,10.9,2,1559238690542,22669500,216
2019-05-30 17:53:53.842,1.6,buy,8633.58,BTC-28JUN19-7500-P,88.27,0.0375,1.6,3,1559238833842,22669650,217
2019-05-30 17:54:40.989,10.0,buy,8630.44,BTC-28JUN19-7500-P,88.13,0.0375,10.0,3,1559238880989,22669752,218
2019-05-30 17:56:21.051,5.0,buy,8619.99,BTC-28JUN19-7500-P,87.73,0.0375,5.0,3,1559238981051,22669940,219
2019-05-30 17:57:21.071,1.9,buy,8617.07,BTC-28JUN19-7500-P,87.73,0.0375,1.9,3,1559239041071,22670060,220
2019-05-30 17:59:46.599,2.0,sell,8627.4,BTC-28JUN19-7500-P,87.33,0.037000000000000005,2.0,2,1559239186599,22670331,221
2019-05-30 17:59:46.599,5.0,sell,8627.4,BTC-28JUN19-7500-P,87.33,0.037000000000000005,5.0,3,1559239186599,22670332,222
2019-05-30 17:59:56.464,3.6,buy,8627.4,BTC-28JUN19-7500-P,87.31,0.037000000000000005,3.6,3,1559239196464,22670335,223
2019-05-30 20:21:42.307,0.1,buy,8498.04,BTC-28JUN19-7500-P,86.21,0.04,0.1,0,1559247702307,22684332,224
2019-05-31 00:39:41.045,1.0,sell,8327.79,BTC-28JUN19-7500-P,86.03,0.047,1.0,0,1559263181045,22755635,225
2019-05-31 03:49:21.708,2.5,sell,8259.16,BTC-28JUN19-7500-P,91.24,0.055,2.5,0,1559274561708,22766586,226
2019-05-31 08:01:35.539,12.5,sell,8302.26,BTC-28JUN19-7500-P,90.79,0.052000000000000005,12.5,2,1559289695539,22781981,228
2019-05-31 08:01:35.539,1.0,sell,8302.26,BTC-28JUN19-7500-P,91.32,0.0525,1.0,2,1559289695539,22781980,227
2019-05-31 12:30:03.763,0.1,buy,8272.79,BTC-28JUN19-7500-P,87.39,0.0495,0.1,2,1559305803763,22796862,229
2019-05-31 13:01:46.855,1.0,sell,8321.29,BTC-28JUN19-7500-P,84.05,0.0445,1.0,2,1559307706855,22798208,230
2019-05-31 13:20:00.983,0.3,buy,8387.55,BTC-28JUN19-7500-P,87.96,0.046,0.3,0,1559308800983,22803086,231
2019-05-31 17:21:32.416,6.0,buy,8432.57,BTC-28JUN19-7500-P,90.72,0.046,6.0,1,1559323292416,22825286,233
2019-05-31 17:21:32.416,14.3,buy,8432.57,BTC-28JUN19-7500-P,90.72,0.046,14.3,1,1559323292416,22825285,232
2019-05-31 17:21:32.416,29.7,buy,8432.57,BTC-28JUN19-7500-P,90.72,0.046,29.7,1,1559323292416,22825287,234
2019-05-31 21:07:20.404,0.1,sell,8542.11,BTC-28JUN19-7500-P,89.95,0.04,0.1,2,1559336840404,22843146,235
2019-05-31 21:11:56.062,2.0,buy,8536.39,BTC-28JUN19-7500-P,92.09,0.042,2.0,0,1559337116062,22844073,236
2019-05-31 21:27:23.278,0.1,sell,8535.35,BTC-28JUN19-7500-P,86.88,0.0375,0.1,2,1559338043278,22844971,237
2019-05-31 22:33:42.795,0.2,sell,8498.59,BTC-28JUN19-7500-P,87.48,0.039,0.2,0,1559342022795,22848539,238
2019-06-01 02:21:27.771,5.0,buy,8533.05,BTC-28JUN19-7500-P,91.94,0.041,5.0,0,1559355687771,22860718,239
2019-06-01 04:57:29.934,3.9,sell,8551.96,BTC-28JUN19-7500-P,89.01,0.0375,3.9,2,1559365049934,22864157,240
2019-06-01 05:44:49.665,0.2,sell,8521.53,BTC-28JUN19-7500-P,88.78,0.0385,0.2,0,1559367889665,22865888,241
2019-06-01 09:57:29.112,2.0,sell,8572.56,BTC-28JUN19-7500-P,86.31,0.035,2.0,2,1559383049112,22877082,243
2019-06-01 09:57:29.112,2.0,sell,8572.56,BTC-28JUN19-7500-P,87.52,0.036000000000000004,2.0,2,1559383049112,22877081,242
2019-06-01 10:03:02.175,16.0,sell,8581.18,BTC-28JUN19-7500-P,82.7,0.032,16.0,2,1559383382175,22877217,244
2019-06-01 13:12:58.909,10.0,sell,8531.71,BTC-28JUN19-7500-P,82.47,0.0335,10.0,0,1559394778909,22882488,245
2019-06-01 13:12:58.909,19.0,sell,8531.71,BTC-28JUN19-7500-P,81.86,0.033,19.0,2,1559394778909,22882489,246
2019-06-01 13:13:38.124,19.0,sell,8531.5,BTC-28JUN19-7500-P,80.64,0.032,19.0,2,1559394818124,22882515,247
2019-06-01 21:26:33.298,1.0,buy,8586.43,BTC-28JUN19-7500-P,85.78,0.034,1.0,0,1559424393298,22899890,248
2019-06-02 05:13:48.034,1.0,sell,8590.98,BTC-28JUN19-7500-P,83.78,0.0325,1.0,2,1559452428034,22913611,249
2019-06-02 08:35:06.144,0.5,sell,8737.9,BTC-28JUN19-7500-P,86.26,0.0295,0.5,2,1559464506144,22925208,250
2019-06-02 12:21:44.055,3.0,buy,8794.54,BTC-28JUN19-7500-P,91.06,0.0315,3.0,0,1559478104055,22935635,251
2019-06-02 13:08:36.632,19.3,sell,8726.05,BTC-28JUN19-7500-P,87.21,0.0305,19.3,2,1559480916632,22940809,252
2019-06-02 17:38:01.211,4.0,buy,8689.32,BTC-28JUN19-7500-P,88.29,0.032,4.0,0,1559497081211,22953687,253
2019-06-02 22:40:31.774,0.8,sell,8734.79,BTC-28JUN19-7500-P,83.57,0.027000000000000003,0.8,2,1559515231774,22963364,255
2019-06-02 22:40:31.774,0.1,sell,8734.79,BTC-28JUN19-7500-P,85.6,0.0285,0.1,2,1559515231774,22963363,254
2019-06-03 00:43:26.067,1.0,buy,8677.4,BTC-28JUN19-7500-P,84.91,0.0295,1.0,0,1559522606067,22968558,256
2019-06-03 05:54:40.957,10.0,buy,8577.44,BTC-28JUN19-7500-P,88.67,0.035,10.0,0,1559541280957,22985589,257
2019-06-03 05:54:40.957,19.3,buy,8577.44,BTC-28JUN19-7500-P,88.67,0.035,19.3,1,1559541280957,22985590,258
2019-06-03 05:54:40.960,20.7,sell,8577.44,BTC-28JUN19-7500-P,88.67,0.035,20.7,1,1559541280960,22985591,259
2019-06-03 06:40:00.853,10.0,buy,8490.88,BTC-28JUN19-7500-P,87.97,0.0375,10.0,0,1559544000853,22992513,260
2019-06-03 09:39:02.162,2.0,sell,8461.49,BTC-28JUN19-7500-P,86.67,0.037000000000000005,2.0,2,1559554742162,23015753,261
2019-06-03 10:32:52.405,2.0,sell,8500.63,BTC-28JUN19-7500-P,87.06,0.036000000000000004,2.0,2,1559557972405,23018000,262
2019-06-03 14:47:45.606,0.5,buy,8414.38,BTC-28JUN19-7500-P,84.65,0.0375,0.5,0,1559573265606,23035398,263
2019-06-03 15:18:27.087,5.7,buy,8414.02,BTC-28JUN19-7500-P,87.76,0.04,5.7,1,1559575107087,23046378,265
2019-06-03 15:18:27.087,19.3,buy,8414.02,BTC-28JUN19-7500-P,87.76,0.04,19.3,0,1559575107087,23046377,264
2019-06-03 15:59:35.967,19.3,buy,8482.73,BTC-28JUN19-7500-P,88.49,0.0385,19.3,2,1559577575967,23050636,266
2019-06-03 15:59:35.967,0.7000000000000001,buy,8482.73,BTC-28JUN19-7500-P,88.49,0.0385,0.7000000000000001,3,1559577575967,23050637,267
2019-06-03 19:38:55.365,0.2,buy,8550.6,BTC-28JUN19-7500-P,89.49,0.0355,0.2,2,1559590735365,23066833,268
2019-06-03 19:38:55.365,9.8,buy,8550.6,BTC-28JUN19-7500-P,89.49,0.0355,9.8,3,1559590735365,23066834,269
2019-06-03 20:11:17.772,2.0,buy,8563.58,BTC-28JUN19-7500-P,89.95,0.0355,2.0,3,1559592677772,23067895,270
2019-06-03 23:20:28.475,0.1,buy,8376.77,BTC-28JUN19-7500-P,87.19,0.0395,0.1,0,1559604028475,23083904,271
2019-06-04 00:03:56.615,1.1,buy,7992.86,BTC-28JUN19-7500-P,90.21,0.059,1.1,0,1559606636615,23117756,272
2019-06-04 00:05:12.499,0.1,buy,7893.39,BTC-28JUN19-7500-P,85.9,0.06,0.1,0,1559606712499,23119791,273
2019-06-04 00:07:27.912,0.8,buy,7757.47,BTC-28JUN19-7500-P,91.46,0.0755,0.8,0,1559606847912,23125402,274
2019-06-04 00:12:13.671,1.0,buy,7831.92,BTC-28JUN19-7500-P,89.48,0.067,1.0,2,1559607133671,23131989,275
2019-06-04 06:20:27.802,0.1,buy,7901.36,BTC-28JUN19-7500-P,89.46,0.064,0.1,2,1559629227802,23172254,276
2019-06-04 06:43:34.965,4.0,buy,7857.93,BTC-28JUN19-7500-P,89.23,0.0655,4.0,0,1559630614965,23177347,277
2019-06-04 07:25:30.393,1.0,sell,7817.14,BTC-28JUN19-7500-P,91.39,0.07,1.0,0,1559633130393,23185545,278
2019-06-04 09:54:01.908,1.1,buy,7957.76,BTC-28JUN19-7500-P,86.93,0.0585,1.1,2,1559642041908,23196505,279
2019-06-04 13:51:21.565,1.0,buy,7980.09,BTC-28JUN19-7500-P,89.23,0.06,1.0,0,1559656281565,23212915,280
2019-06-04 14:14:48.210,5.7,sell,7980.78,BTC-28JUN19-7500-P,85.57,0.0565,5.7,3,1559657688210,23214726,283
2019-06-04 14:14:48.210,10.0,sell,7980.78,BTC-28JUN19-7500-P,85.57,0.0565,10.0,3,1559657688210,23214725,282
2019-06-04 14:14:48.210,19.3,sell,7980.78,BTC-28JUN19-7500-P,85.57,0.0565,19.3,2,1559657688210,23214724,281
2019-06-04 17:40:26.388,3.0,sell,7697.19,BTC-28JUN19-7500-P,85.41,0.0725,3.0,0,1559670026388,23244102,284
2019-06-04 17:46:13.407,5.0,buy,7619.88,BTC-28JUN19-7500-P,88.17,0.0795,5.0,0,1559670373407,23254462,285
2019-06-04 17:46:39.966,5.0,buy,7652.55,BTC-28JUN19-7500-P,88.9,0.0775,5.0,2,1559670399966,23254765,286
2019-06-04 19:02:30.036,0.9,sell,7668.07,BTC-28JUN19-7500-P,87.74,0.076,0.9,2,1559674950036,23270817,287
2019-06-04 19:04:28.132,0.2,sell,7670.92,BTC-28JUN19-7500-P,85.04,0.073,0.2,2,1559675068132,23270967,288
2019-06-04 19:04:28.132,0.8,sell,7670.92,BTC-28JUN19-7500-P,84.03,0.07200000000000001,0.8,2,1559675068132,23270968,289
2019-06-04 20:11:08.855,0.2,sell,7637.81,BTC-28JUN19-7500-P,83.24,0.073,0.2,0,1559679068855,23291006,290
2019-06-04 21:58:33.863,0.3,sell,7522.04,BTC-28JUN19-7500-P,82.89,0.0805,0.3,0,1559685513863,23303510,291
2019-06-04 22:13:01.820,0.1,sell,7527.52,BTC-28JUN19-7500-P,82.75,0.08,0.1,2,1559686381820,23311125,292
2019-06-04 22:34:26.394,4.0,sell,7631.55,BTC-28JUN19-7500-P,82.88,0.073,4.0,2,1559687666394,23316105,293
2019-06-05 05:00:27.338,2.2,buy,7793.95,BTC-28JUN19-7500-P,89.59,0.069,2.2,0,1559710827338,23335102,295
2019-06-05 05:00:27.338,0.2,buy,7793.95,BTC-28JUN19-7500-P,88.03,0.0675,0.2,2,1559710827338,23335101,294
2019-06-05 12:02:26.721,0.1,sell,7762.83,BTC-28JUN19-7500-P,82.61,0.0635,0.1,2,1559736146721,23356301,296
2019-06-05 14:04:01.177,1.1,buy,7795.82,BTC-28JUN19-7500-P,88.73,0.0675,1.1,0,1559743441177,23362498,297
2019-06-05 14:08:12.307,1.1,buy,7782.09,BTC-28JUN19-7500-P,88.52,0.068,1.1,0,1559743692307,23362807,298
2019-06-05 14:44:23.725,5.0,buy,7685.34,BTC-28JUN19-7500-P,87.07,0.0725,5.0,0,1559745863725,23367488,299
2019-06-05 15:05:51.624,1.0,buy,7686.14,BTC-28JUN19-7500-P,87.41,0.073,1.0,0,1559747151624,23371074,300
2019-06-06 07:16:34.775,0.2,buy,7800.28,BTC-28JUN19-7500-P,82.9,0.061,0.2,2,1559805394775,23444174,301
2019-06-06 07:17:13.989,0.2,sell,7801.87,BTC-28JUN19-7500-P,82.94,0.061,0.2,3,1559805433989,23444181,302
2019-06-06 07:17:35.739,0.1,sell,7801.3,BTC-28JUN19-7500-P,82.86,0.061,0.1,3,1559805455739,23444184,303
2019-06-06 13:12:40.529,0.1,buy,7697.75,BTC-28JUN19-7500-P,81.96,0.0665,0.1,0,1559826760529,23466050,304
2019-06-06 13:13:32.731,0.4,buy,7708.85,BTC-28JUN19-7500-P,82.3,0.066,0.4,2,1559826812731,23466355,305
2019-06-06 13:13:51.221,0.4,buy,7707.08,BTC-28JUN19-7500-P,82.17,0.066,0.4,3,1559826831221,23466374,306
2019-06-06 13:15:32.591,0.1,buy,7701.12,BTC-28JUN19-7500-P,82.33,0.0665,0.1,0,1559826932591,23466630,307
2019-06-06 18:13:25.050,10.0,buy,7542.84,BTC-28JUN19-7500-P,77.61,0.073,10.0,0,1559844805050,23500699,308
2019-06-06 18:13:32.446,9.0,buy,7524.09,BTC-28JUN19-7500-P,76.18,0.073,9.0,1,1559844812446,23500927,309
2019-06-06 18:13:35.187,3.4,buy,7521.47,BTC-28JUN19-7500-P,76.4,0.0735,3.4,0,1559844815187,23501044,310
2019-06-06 18:24:11.482,1.0,buy,7517.46,BTC-28JUN19-7500-P,76.32,0.073,1.0,2,1559845451482,23506439,311
2019-06-06 18:24:16.915,14.4,buy,7507.04,BTC-28JUN19-7500-P,75.71,0.0735,14.4,0,1559845456915,23506602,312
2019-06-06 18:24:21.077,10.3,buy,7502.87,BTC-28JUN19-7500-P,75.38,0.0735,10.3,1,1559845461077,23506693,313
2019-06-06 18:24:21.082,10.4,buy,7502.87,BTC-28JUN19-7500-P,75.38,0.0735,10.4,1,1559845461082,23506694,314
2019-06-06 18:24:21.113,10.4,buy,7502.87,BTC-28JUN19-7500-P,75.38,0.0735,10.4,1,1559845461113,23506695,315
2019-06-06 18:24:21.125,5.0,buy,7502.87,BTC-28JUN19-7500-P,75.38,0.0735,5.0,1,1559845461125,23506696,316
2019-06-06 18:24:21.265,6.1000000000000005,buy,7502.87,BTC-28JUN19-7500-P,75.38,0.0735,6.1000000000000005,1,1559845461265,23506697,317
2019-06-06 18:29:35.129,0.1,sell,7496.44,BTC-28JUN19-7500-P,75.6,0.0735,0.1,1,1559845775129,23510059,318
2019-06-06 19:32:25.409,1.0,buy,7585.26,BTC-28JUN19-7500-P,80.87,0.0725,1.0,2,1559849545409,23520916,319
2019-06-06 19:33:10.156,1.0,sell,7592.51,BTC-28JUN19-7500-P,80.83,0.07200000000000001,1.0,2,1559849590156,23520979,320
2019-06-07 03:15:28.837,1.0,sell,7816.58,BTC-28JUN19-7500-P,79.02,0.0555,1.0,2,1559877328837,23551610,321
2019-06-07 07:03:35.341,0.1,sell,7949.07,BTC-28JUN19-7500-P,78.56,0.048,0.1,2,1559891015341,23567217,322
2019-06-07 07:42:59.524,0.3,sell,7959.56,BTC-28JUN19-7500-P,73.82,0.0425,0.3,2,1559893379524,23573348,323
2019-06-07 07:42:59.524,5.0,sell,7959.56,BTC-28JUN19-7500-P,73.82,0.0425,5.0,3,1559893379524,23573349,324
2019-06-07 08:00:47.820,5.0,sell,7948.45,BTC-28JUN19-7500-P,74.54,0.0435,5.0,0,1559894447820,23574169,325
2019-06-07 08:11:28.537,3.0,sell,8028.41,BTC-28JUN19-7500-P,75.62,0.040999999999999995,3.0,2,1559895088537,23576782,326
2019-06-07 10:53:42.564,0.1,buy,7972.64,BTC-28JUN19-7500-P,76.59,0.045,0.1,0,1559904822564,23583807,327
2019-06-07 11:25:45.260,1.1,buy,7963.93,BTC-28JUN19-7500-P,76.48,0.045,1.1,1,1559906745260,23584267,328
2019-06-07 12:58:40.642,0.1,buy,7926.26,BTC-28JUN19-7500-P,79.31,0.049,0.1,0,1559912320642,23587276,329
2019-06-07 13:30:43.666,5.0,sell,7974.11,BTC-28JUN19-7500-P,74.03,0.042,5.0,2,1559914243666,23588475,330
2019-06-07 13:30:43.666,8.0,sell,7974.11,BTC-28JUN19-7500-P,74.03,0.042,8.0,3,1559914243666,23588476,331
2019-06-07 13:41:31.178,4.0,sell,7972.43,BTC-28JUN19-7500-P,73.78,0.042,4.0,3,1559914891178,23588850,332
2019-06-07 15:38:20.153,3.0,buy,7943.22,BTC-28JUN19-7500-P,78.06,0.047,3.0,0,1559921900153,23592318,333
2019-06-07 16:39:14.033,0.3,sell,8085.87,BTC-28JUN19-7500-P,77.84,0.04,0.3,2,1559925554033,23599311,334
2019-06-07 16:49:39.000,0.4,buy,8100.11,BTC-28JUN19-7500-P,77.75,0.0395,0.4,2,1559926179000,23601268,335
2019-06-07 16:49:42.999,0.4,sell,8100.1,BTC-28JUN19-7500-P,77.73,0.0395,0.4,3,1559926182999,23601272,336
2019-06-07 17:10:08.349,0.2,sell,8074.25,BTC-28JUN19-7500-P,76.07,0.039,0.2,2,1559927408349,23602683,337
2019-06-07 17:26:45.806,0.4,sell,8100.43,BTC-28JUN19-7500-P,76.12,0.038,0.4,3,1559928405806,23603696,339
2019-06-07 17:26:45.806,0.2,sell,8100.43,BTC-28JUN19-7500-P,76.12,0.038,0.2,2,1559928405806,23603695,338
2019-06-07 17:26:49.152,0.4,buy,8100.34,BTC-28JUN19-7500-P,76.11,0.038,0.4,3,1559928409152,23603703,340
2019-06-07 17:27:28.030,0.5,sell,8090.41,BTC-28JUN19-7500-P,73.77,0.0365,0.5,2,1559928448030,23603792,341
2019-06-07 18:12:08.792,0.4,sell,8088.75,BTC-28JUN19-7500-P,74.23,0.037000000000000005,0.4,0,1559931128792,23605503,342
2019-06-07 18:12:08.792,0.6,sell,8088.75,BTC-28JUN19-7500-P,74.23,0.037000000000000005,0.6,1,1559931128792,23605504,343
2019-06-08 16:37:30.210,2.0,buy,7877.45,BTC-28JUN19-7500-P,75.33,0.0475,2.0,0,1560011850210,23667418,344
2019-06-09 04:00:41.385,5.0,sell,7894.41,BTC-28JUN19-7500-P,70.79,0.042,5.0,2,1560052841385,23691565,345
2019-06-09 04:08:57.557,0.1,sell,7883.67,BTC-28JUN19-7500-P,70.13,0.042,0.1,3,1560053337557,23691639,347
2019-06-09 04:08:57.557,0.4,sell,7883.67,BTC-28JUN19-7500-P,70.13,0.042,0.4,3,1560053337557,23691638,346
2019-06-09 04:16:03.859,0.5,sell,7878.0,BTC-28JUN19-7500-P,69.66,0.042,0.5,3,1560053763859,23691735,348
2019-06-09 04:49:46.490,0.5,sell,7886.53,BTC-28JUN19-7500-P,70.59,0.042,0.5,3,1560055786490,23691981,349
2019-06-09 05:47:04.182,0.4,buy,7907.11,BTC-28JUN19-7500-P,73.82,0.044000000000000004,0.4,0,1560059224182,23692639,350
2019-06-09 07:42:31.809,0.3,sell,7915.8,BTC-28JUN19-7500-P,72.37,0.042,0.3,2,1560066151809,23694555,351
2019-06-09 11:33:53.028,0.2,sell,7913.85,BTC-28JUN19-7500-P,72.98,0.042,0.2,3,1560080033028,23699393,352
2019-06-09 11:38:59.428,0.4,buy,7909.76,BTC-28JUN19-7500-P,75.43,0.0445,0.4,0,1560080339428,23699515,353
2019-06-09 14:23:58.127,1.0,buy,7729.67,BTC-28JUN19-7500-P,75.29,0.055,1.0,0,1560090238127,23717794,354
2019-06-09 17:33:40.237,0.1,buy,7670.47,BTC-28JUN19-7500-P,74.36,0.057999999999999996,0.1,0,1560101620237,23734262,355
2019-06-09 17:34:01.173,0.9,buy,7669.42,BTC-28JUN19-7500-P,74.98,0.0585,0.9,0,1560101641173,23734277,356
2019-06-09 19:13:59.468,0.5,sell,7694.43,BTC-28JUN19-7500-P,69.16,0.052000000000000005,0.5,2,1560107639468,23741038,357
2019-06-09 20:02:20.551,0.1,sell,7752.67,BTC-28JUN19-7500-P,71.26,0.0495,0.1,2,1560110540551,23744771,358
2019-06-09 21:27:27.423,2.1,buy,7701.26,BTC-28JUN19-7500-P,69.99,0.052000000000000005,2.1,0,1560115647423,23750132,359
2019-06-09 21:57:20.285,0.1,buy,7665.33,BTC-28JUN19-7500-P,75.33,0.0585,0.1,0,1560117440285,23755035,360
2019-06-09 22:10:05.786,0.1,sell,7568.27,BTC-28JUN19-7500-P,70.33,0.0605,0.1,0,1560118205786,23759622,361
2019-06-09 22:15:29.388,0.4,sell,7574.96,BTC-28JUN19-7500-P,70.76,0.061,0.4,0,1560118529388,23761841,362
2019-06-09 22:28:07.764,0.5,sell,7535.75,BTC-28JUN19-7500-P,71.52,0.064,0.5,0,1560119287764,23764530,363
2019-06-10 03:04:01.625,0.1,sell,7651.43,BTC-28JUN19-7500-P,74.85,0.057999999999999996,0.1,2,1560135841625,23796333,364
2019-06-10 05:30:15.519,0.1,buy,7626.89,BTC-28JUN19-7500-P,73.09,0.057999999999999996,0.1,3,1560144615519,23800911,365
2019-06-10 05:39:45.046,0.4,buy,7637.56,BTC-28JUN19-7500-P,75.99,0.0595,0.4,1,1560145185046,23801101,367
2019-06-10 05:39:45.046,3.0,buy,7637.56,BTC-28JUN19-7500-P,75.99,0.0595,3.0,1,1560145185046,23801102,368
2019-06-10 05:39:45.046,5.0,buy,7637.56,BTC-28JUN19-7500-P,75.99,0.0595,5.0,0,1560145185046,23801100,366
2019-06-10 05:44:57.257,0.4,buy,7631.24,BTC-28JUN19-7500-P,77.68,0.0615,0.4,0,1560145497257,23801221,369
2019-06-10 06:23:25.561,0.1,buy,7703.32,BTC-28JUN19-7500-P,76.25,0.0555,0.1,2,1560147805561,23803251,370
2019-06-10 06:28:59.592,0.4,buy,7710.07,BTC-28JUN19-7500-P,76.57,0.0555,0.4,3,1560148139592,23804004,371
2019-06-10 06:35:53.832,0.1,buy,7726.88,BTC-28JUN19-7500-P,76.89,0.055,0.1,2,1560148553832,23804639,372
2019-06-10 06:42:50.913,0.4,sell,7721.39,BTC-28JUN19-7500-P,72.7,0.0515,0.4,2,1560148970913,23804902,373
2019-06-10 06:43:49.068,1.0,sell,7721.03,BTC-28JUN19-7500-P,72.32,0.051,1.0,2,1560149029068,23804942,374
2019-06-10 06:44:20.673,1.5,sell,7720.13,BTC-28JUN19-7500-P,72.37,0.051,1.5,3,1560149060673,23804962,375
2019-06-10 11:34:17.140,0.2,sell,7942.94,BTC-28JUN19-7500-P,73.97,0.04,0.2,2,1560166457140,23827418,376
2019-06-10 11:35:29.225,7.9,sell,7944.34,BTC-28JUN19-7500-P,69.35,0.0365,7.9,2,1560166529225,23830006,378
2019-06-10 11:35:29.225,5.0,sell,7944.34,BTC-28JUN19-7500-P,69.98,0.037000000000000005,5.0,2,1560166529225,23830005,377
2019-06-10 11:35:29.267,2.1,buy,7944.34,BTC-28JUN19-7500-P,69.35,0.0365,2.1,3,1560166529267,23830007,379
2019-06-10 12:03:53.518,2.0,sell,8036.76,BTC-28JUN19-7500-P,75.26,0.0365,2.0,3,1560168233518,23838263,380
2019-06-10 12:04:23.650,5.0,sell,8075.9,BTC-28JUN19-7500-P,70.41,0.031,5.0,2,1560168263650,23839115,381
2019-06-10 12:12:41.112,0.2,buy,8009.92,BTC-28JUN19-7500-P,71.99,0.0355,0.2,0,1560168761112,23842453,382
2019-06-10 12:16:57.253,5.0,buy,7993.41,BTC-28JUN19-7500-P,72.04,0.0365,5.0,0,1560169017253,23843349,383
2019-06-10 13:17:06.643,0.4,sell,7996.44,BTC-28JUN19-7500-P,74.83,0.0395,0.4,0,1560172626643,23851624,384
2019-06-10 13:17:09.465,0.4,buy,7996.41,BTC-28JUN19-7500-P,74.21,0.039,0.4,2,1560172629465,23851627,385
2019-06-10 13:18:22.669,0.4,buy,7985.54,BTC-28JUN19-7500-P,73.84,0.039,0.4,3,1560172702669,23851798,386
2019-06-10 13:18:23.694,0.4,buy,7985.17,BTC-28JUN19-7500-P,73.82,0.039,0.4,3,1560172703694,23851801,387
2019-06-10 13:18:23.741,0.4,buy,7985.17,BTC-28JUN19-7500-P,73.82,0.039,0.4,3,1560172703741,23851804,388
2019-06-10 13:18:31.157,0.4,buy,7984.26,BTC-28JUN19-7500-P,73.69,0.039,0.4,3,1560172711157,23851816,389
2019-06-10 13:18:32.402,0.4,buy,7984.13,BTC-28JUN19-7500-P,73.66,0.039,0.4,3,1560172712402,23851824,390
2019-06-10 13:18:37.532,2.2,buy,7984.62,BTC-28JUN19-7500-P,73.67,0.039,2.2,3,1560172717532,23851831,391
2019-06-10 15:49:14.070,1.0,sell,7935.16,BTC-28JUN19-7500-P,73.94,0.04,1.0,0,1560181754070,23863236,392
2019-06-10 17:31:46.593,0.2,buy,7925.79,BTC-28JUN19-7500-P,74.0,0.04,0.2,1,1560187906593,23869601,393
2019-06-10 19:40:28.089,2.0,sell,7995.1,BTC-28JUN19-7500-P,76.55,0.039,2.0,2,1560195628089,23873417,394
2019-06-10 19:49:41.207,4.0,sell,8015.48,BTC-28JUN19-7500-P,73.07,0.035,4.0,2,1560196181207,23874237,395
2019-06-11 00:13:40.774,0.2,sell,7993.01,BTC-28JUN19-7500-P,71.88,0.0345,0.2,2,1560212020774,23887855,396
2019-06-11 04:34:31.172,5.2,buy,7971.79,BTC-28JUN19-7500-P,76.86,0.039,5.2,0,1560227671172,23893168,397
2019-06-11 04:35:31.291,1.0,buy,7971.5,BTC-28JUN19-7500-P,76.86,0.039,1.0,1,1560227731291,23893183,398
2019-06-11 05:00:43.720,2.0,buy,7946.61,BTC-28JUN19-7500-P,76.82,0.0405,2.0,0,1560229243720,23893670,399
2019-06-11 08:09:33.017,5.0,sell,7932.43,BTC-28JUN19-7500-P,71.5,0.0365,5.0,2,1560240573017,23897976,400
2019-06-11 08:09:40.088,0.4,buy,7932.6,BTC-28JUN19-7500-P,71.51,0.0365,0.4,3,1560240580088,23897977,401
2019-06-11 10:09:59.976,1.6,buy,7926.89,BTC-28JUN19-7500-P,71.82,0.0365,1.6,3,1560247799976,23900139,402
2019-06-11 10:16:34.673,0.1,buy,7791.03,BTC-28JUN19-7500-P,74.6,0.046,0.1,0,1560248194673,23906709,403
2019-06-11 10:51:22.680,5.0,sell,7816.73,BTC-28JUN19-7500-P,70.93,0.042,5.0,2,1560250282680,23910886,404
2019-06-11 14:04:36.881,6.0,sell,7826.79,BTC-28JUN19-7500-P,70.58,0.0425,6.0,0,1560261876881,23929082,405
2019-06-11 17:12:08.180,1.0,sell,7876.79,BTC-28JUN19-7500-P,75.75,0.043,1.0,0,1560273128180,23946764,406
2019-06-11 17:12:31.012,0.4,sell,7878.08,BTC-28JUN19-7500-P,72.1,0.04,0.4,2,1560273151012,23946845,407
2019-06-11 17:12:43.236,1.6,sell,7878.2,BTC-28JUN19-7500-P,71.59,0.0395,1.6,2,1560273163236,23946902,408
2019-06-11 18:08:39.956,0.2,sell,7902.68,BTC-28JUN19-7500-P,71.81,0.0385,0.2,2,1560276519956,23950299,409
2019-06-11 18:19:29.328,5.0,sell,7911.61,BTC-28JUN19-7500-P,71.53,0.038,5.0,2,1560277169328,23951197,410
2019-06-11 18:19:29.328,2.0,sell,7911.61,BTC-28JUN19-7500-P,71.53,0.038,2.0,3,1560277169328,23951198,411
2019-06-11 18:40:31.451,0.1,sell,7873.17,BTC-28JUN19-7500-P,71.01,0.0395,0.1,0,1560278431451,23952255,412
2019-06-11 19:21:51.979,2.0,sell,7887.86,BTC-28JUN19-7500-P,71.42,0.039,2.0,2,1560280911979,23953436,413
2019-06-11 19:24:30.587,2.0,sell,7884.84,BTC-28JUN19-7500-P,71.39,0.039,2.0,3,1560281070587,23953451,414
2019-06-11 21:48:57.223,2.0,buy,7915.87,BTC-28JUN19-7500-P,72.06,0.038,2.0,2,1560289737223,23962645,415
2019-06-12 00:17:31.542,0.1,buy,7886.24,BTC-28JUN19-7500-P,72.94,0.04,0.1,0,1560298651542,23966196,416
2019-06-12 01:02:31.684,1.0,sell,7832.91,BTC-28JUN19-7500-P,70.07,0.0405,1.0,1,1560301351684,23968409,418
2019-06-12 01:02:31.684,24.0,sell,7832.91,BTC-28JUN19-7500-P,70.07,0.0405,24.0,0,1560301351684,23968408,417
2019-06-12 01:30:56.631,1.0,sell,7860.14,BTC-28JUN19-7500-P,70.14,0.0395,1.0,2,1560303056631,23969123,419
2019-06-12 02:43:08.422,0.1,sell,7914.42,BTC-28JUN19-7500-P,74.95,0.04,0.1,0,1560307388422,23970648,420
2019-06-12 03:24:43.747,2.4,sell,7993.98,BTC-28JUN19-7500-P,70.22,0.0325,2.4,2,1560309883747,23980289,421
2019-06-12 03:48:56.099,1.0,buy,7981.75,BTC-28JUN19-7500-P,75.64,0.037000000000000005,1.0,0,1560311336099,23981725,422
2019-06-12 04:23:47.473,1.0,sell,8001.65,BTC-28JUN19-7500-P,70.08,0.032,1.0,2,1560313427473,23982649,423
2019-06-12 07:42:01.192,2.0,sell,7990.78,BTC-28JUN19-7500-P,70.06,0.032,2.0,3,1560325321192,23987466,424
2019-06-12 07:53:53.550,5.0,sell,8011.23,BTC-28JUN19-7500-P,70.46,0.0315,5.0,2,1560326033550,23988027,425
2019-06-12 07:55:22.343,4.9,sell,8011.58,BTC-28JUN19-7500-P,69.94,0.031,4.9,2,1560326122343,23988072,426
2019-06-12 07:55:22.343,1.1,sell,8011.58,BTC-28JUN19-7500-P,69.94,0.031,1.1,3,1560326122343,23988073,427
2019-06-12 09:04:34.394,0.1,buy,7933.0,BTC-28JUN19-7500-P,69.3,0.034,0.1,0,1560330274394,23990283,428
2019-06-12 09:04:37.550,5.0,buy,7925.05,BTC-28JUN19-7500-P,69.38,0.0345,5.0,0,1560330277550,23990435,429
2019-06-12 11:24:52.347,0.1,sell,7992.75,BTC-28JUN19-7500-P,69.72,0.0315,0.1,2,1560338692347,23998391,430
2019-06-12 12:16:20.150,0.1,sell,8043.17,BTC-28JUN19-7500-P,70.08,0.0295,0.1,2,1560341780150,24001607,431
2019-06-12 14:16:59.922,0.1,buy,7954.14,BTC-28JUN19-7500-P,70.99,0.034,0.1,0,1560349019922,24007483,432
2019-06-12 14:36:31.440,0.3,sell,8046.99,BTC-28JUN19-7500-P,72.1,0.0305,0.3,2,1560350191440,24009305,433
2019-06-12 15:11:29.537,0.2,sell,8171.11,BTC-28JUN19-7500-P,74.7,0.027000000000000003,0.2,2,1560352289537,24016113,434
2019-06-12 15:17:03.806,4.0,buy,8234.06,BTC-28JUN19-7500-P,75.49,0.0255,4.0,2,1560352623806,24022219,435
2019-06-12 15:31:16.472,0.4,buy,8150.51,BTC-28JUN19-7500-P,71.83,0.026000000000000002,0.4,0,1560353476472,24025527,436
2019-06-12 15:55:19.735,5.0,buy,8196.13,BTC-28JUN19-7500-P,75.71,0.027000000000000003,5.0,0,1560354919735,24028179,437
2019-06-12 15:55:19.735,24.0,buy,8196.13,BTC-28JUN19-7500-P,75.71,0.027000000000000003,24.0,1,1560354919735,24028180,438
2019-06-12 16:16:23.877,3.0,buy,8177.03,BTC-28JUN19-7500-P,75.8,0.0275,3.0,0,1560356183877,24029577,439
2019-06-12 16:40:49.577,5.0,buy,8183.26,BTC-28JUN19-7500-P,76.08,0.0275,5.0,1,1560357649577,24030923,440
2019-06-12 16:43:31.413,20.0,buy,8173.09,BTC-28JUN19-7500-P,77.1,0.0285,20.0,0,1560357811413,24031000,441
2019-06-12 16:45:12.914,0.2,sell,8185.99,BTC-28JUN19-7500-P,73.15,0.0255,0.2,2,1560357912914,24031083,442
2019-06-12 16:49:02.054,1.5,sell,8174.56,BTC-28JUN19-7500-P,75.69,0.0275,1.5,0,1560358142054,24031185,443
2019-06-12 16:52:26.794,2.5,buy,8172.02,BTC-28JUN19-7500-P,76.21,0.027999999999999997,2.5,1,1560358346794,24031348,445
2019-06-12 16:52:26.794,7.5,buy,8172.02,BTC-28JUN19-7500-P,76.21,0.027999999999999997,7.5,0,1560358346794,24031347,444
2019-06-12 17:31:39.270,10.0,buy,8136.74,BTC-28JUN19-7500-P,74.12,0.027999999999999997,10.0,1,1560360699270,24034087,446
2019-06-12 18:58:17.375,4.0,sell,8148.85,BTC-28JUN19-7500-P,74.71,0.027999999999999997,4.0,1,1560365897375,24036880,447
2019-06-12 19:09:09.096,4.0,sell,8160.58,BTC-28JUN19-7500-P,73.21,0.0265,4.0,2,1560366549096,24037471,448
2019-06-12 19:23:49.807,5.0,sell,8160.43,BTC-28JUN19-7500-P,73.28,0.0265,5.0,3,1560367429807,24037767,449
2019-06-12 19:24:32.583,4.0,sell,8160.84,BTC-28JUN19-7500-P,73.35,0.0265,4.0,3,1560367472583,24037794,450
2019-06-12 20:56:20.545,1.8,sell,8126.79,BTC-28JUN19-7500-P,73.12,0.0275,1.8,0,1560372980545,24041268,451
2019-06-12 20:57:44.574,3.2,buy,8108.67,BTC-28JUN19-7500-P,72.03,0.0275,3.2,1,1560373064574,24041487,452
2019-06-12 22:04:44.722,0.1,buy,8150.13,BTC-28JUN19-7500-P,76.29,0.028999999999999998,0.1,0,1560377084722,24042954,453
2019-06-13 00:12:18.143,5.0,buy,8162.62,BTC-28JUN19-7500-P,76.87,0.0285,5.0,2,1560384738143,24045957,454
2019-06-13 00:12:18.143,5.0,buy,8162.62,BTC-28JUN19-7500-P,76.87,0.0285,5.0,3,1560384738143,24045958,455
2019-06-13 01:06:38.204,0.1,buy,8173.94,BTC-28JUN19-7500-P,72.58,0.025,0.1,2,1560387998204,24047898,456
2019-06-13 03:00:20.176,7.9,buy,8086.21,BTC-28JUN19-7500-P,71.5,0.0275,7.9,0,1560394820176,24050688,457
2019-06-13 10:16:59.950,0.4,sell,8110.69,BTC-28JUN19-7500-P,74.61,0.027999999999999997,0.4,0,1560421019950,24060752,458
2019-06-13 10:17:01.114,0.4,sell,8110.46,BTC-28JUN19-7500-P,74.61,0.027999999999999997,0.4,1,1560421021114,24060754,459
2019-06-13 10:17:01.136,0.2,sell,8110.46,BTC-28JUN19-7500-P,74.61,0.027999999999999997,0.2,1,1560421021136,24060757,460
2019-06-13 12:24:38.690,0.1,sell,8129.45,BTC-28JUN19-7500-P,74.26,0.027000000000000003,0.1,2,1560428678690,24064378,461
2019-06-13 14:42:03.509,0.1,sell,8165.53,BTC-28JUN19-7500-P,73.69,0.025,0.1,2,1560436923509,24076204,462
2019-06-13 14:43:48.442,0.1,sell,8169.5,BTC-28JUN19-7500-P,74.15,0.025,0.1,3,1560437028442,24076292,463
2019-06-13 15:03:59.416,0.1,buy,8168.11,BTC-28JUN19-7500-P,75.22,0.026000000000000002,0.1,0,1560438239416,24077041,464
2019-06-13 15:03:59.416,1.9,buy,8168.11,BTC-28JUN19-7500-P,75.99,0.0265,1.9,0,1560438239416,24077042,465
2019-06-13 15:07:34.387,4.8,sell,8186.61,BTC-28JUN19-7500-P,74.97,0.025,4.8,2,1560438454387,24077284,466
2019-06-13 18:31:17.972,0.4,sell,8209.09,BTC-28JUN19-7500-P,72.41,0.0225,0.4,2,1560450677972,24086915,467
2019-06-13 18:31:17.972,2.6,sell,8209.09,BTC-28JUN19-7500-P,72.41,0.0225,2.6,3,1560450677972,24086916,468
2019-06-13 19:17:19.719,0.4,sell,8259.79,BTC-28JUN19-7500-P,73.11,0.021,0.4,2,1560453439719,24091501,469
2019-06-13 19:18:17.995,0.6,sell,8263.96,BTC-28JUN19-7500-P,72.56,0.0205,0.6,2,1560453497995,24091526,470
2019-06-13 19:57:31.466,1.0,sell,8244.81,BTC-28JUN19-7500-P,72.2,0.021,1.0,0,1560455851466,24093199,471
2019-06-14 08:04:27.236,0.4,sell,8263.39,BTC-28JUN19-7500-P,69.29,0.0185,0.4,2,1560499467236,24118882,472
2019-06-14 08:04:27.236,0.6,sell,8263.39,BTC-28JUN19-7500-P,69.29,0.0185,0.6,3,1560499467236,24118883,473
2019-06-14 08:54:13.300,0.1,buy,8299.28,BTC-28JUN19-7500-P,74.66,0.02,0.1,0,1560502453300,24122642,474
2019-06-14 10:34:00.967,1.1,buy,8290.33,BTC-28JUN19-7500-P,73.43,0.0195,1.1,2,1560508440967,24126206,475
2019-06-14 12:33:00.521,1.0,sell,8363.41,BTC-28JUN19-7500-P,70.84,0.016,1.0,2,1560515580521,24131633,476
2019-06-14 14:17:58.908,10.0,buy,8375.74,BTC-28JUN19-7500-P,71.88,0.016,10.0,3,1560521878908,24143783,477
2019-06-14 14:18:03.649,10.0,buy,8380.38,BTC-28JUN19-7500-P,72.11,0.016,10.0,3,1560521883649,24143819,478
2019-06-14 14:25:47.046,5.0,buy,8384.38,BTC-28JUN19-7500-P,72.19,0.016,5.0,3,1560522347046,24144267,480
2019-06-14 14:25:47.046,5.0,buy,8384.38,BTC-28JUN19-7500-P,72.19,0.016,5.0,3,1560522347046,24144266,479
2019-06-14 15:01:36.407,0.1,sell,8402.56,BTC-28JUN19-7500-P,69.19,0.013999999999999999,0.1,2,1560524496407,24145840,481
2019-06-14 15:01:46.265,0.1,sell,8403.16,BTC-28JUN19-7500-P,69.21,0.013999999999999999,0.1,3,1560524506265,24145842,482
2019-06-14 15:06:44.237,0.1,sell,8402.39,BTC-28JUN19-7500-P,70.07,0.0145,0.1,0,1560524804237,24145928,483
2019-06-14 16:39:04.653,0.4,buy,8400.88,BTC-28JUN19-7500-P,76.68,0.018000000000000002,0.4,0,1560530344653,24150643,484
2019-06-14 19:03:44.510,1.0,sell,8412.33,BTC-28JUN19-7500-P,71.66,0.015,1.0,2,1560539024510,24155578,485
2019-06-14 19:05:24.749,1.0,sell,8412.74,BTC-28JUN19-7500-P,71.76,0.015,1.0,3,1560539124749,24155632,486
2019-06-14 19:19:01.334,1.0,sell,8431.95,BTC-28JUN19-7500-P,71.63,0.0145,1.0,2,1560539941334,24156063,487
2019-06-14 21:10:50.488,1.0,sell,8544.88,BTC-28JUN19-7500-P,75.0,0.0135,1.0,2,1560546650488,24165451,488
2019-06-14 21:11:28.734,0.9,sell,8556.63,BTC-28JUN19-7500-P,75.48,0.0135,0.9,3,1560546688734,24165579,489
2019-06-14 21:11:44.414,0.1,sell,8568.86,BTC-28JUN19-7500-P,76.0,0.0135,0.1,3,1560546704414,24165829,490
2019-06-14 21:14:10.079,2.0,sell,8632.9,BTC-28JUN19-7500-P,71.89,0.0105,2.0,2,1560546850079,24169204,491
2019-06-14 21:40:50.537,1.0,sell,8633.16,BTC-28JUN19-7500-P,73.25,0.011000000000000001,1.0,0,1560548450537,24174411,492
2019-06-15 00:40:39.253,0.5,buy,8654.82,BTC-28JUN19-7500-P,74.87,0.011000000000000001,0.5,1,1560559239253,24188894,493
2019-06-15 02:46:28.909,2.6,buy,8657.22,BTC-28JUN19-7500-P,78.85,0.0125,2.6,0,1560566788909,24192687,494
2019-06-15 04:45:42.172,1.0,buy,8641.54,BTC-28JUN19-7500-P,77.32,0.012,1.0,2,1560573942172,24194803,495
2019-06-15 05:15:39.004,1.0,sell,8677.81,BTC-28JUN19-7500-P,74.13,0.01,1.0,2,1560575739004,24195541,496
2019-06-15 09:31:54.266,1.0,buy,8674.09,BTC-28JUN19-7500-P,73.35,0.0095,1.0,2,1560591114266,24206478,497
2019-06-15 10:59:23.697,1.0,sell,8681.44,BTC-28JUN19-7500-P,71.34,0.0085,1.0,2,1560596363697,24208876,498
2019-06-15 16:34:51.672,4.0,sell,8847.98,BTC-28JUN19-7500-P,73.03,0.0065,4.0,2,1560616491672,24227795,499
2019-06-15 16:34:51.672,5.0,sell,8847.98,BTC-28JUN19-7500-P,73.03,0.0065,5.0,3,1560616491672,24227796,500
2019-06-15 16:34:51.672,6.0,sell,8847.98,BTC-28JUN19-7500-P,73.03,0.0065,6.0,3,1560616491672,24227797,501
2019-06-15 16:54:36.019,0.4,sell,8875.2,BTC-28JUN19-7500-P,73.85,0.0065,0.4,3,1560617676019,24232796,502
2019-06-15 16:54:36.019,4.6000000000000005,sell,8875.2,BTC-28JUN19-7500-P,73.85,0.0065,4.6000000000000005,3,1560617676019,24232797,503
2019-06-15 17:01:41.254,0.4,sell,8875.06,BTC-28JUN19-7500-P,75.65,0.006999999999999999,0.4,0,1560618101254,24233483,504
2019-06-15 17:19:26.273,2.0,buy,8822.25,BTC-28JUN19-7500-P,80.85,0.0095,2.0,0,1560619166273,24235455,505
2019-06-16 01:39:52.195,3.0,sell,8965.86,BTC-28JUN19-7500-P,73.28,0.005,3.0,2,1560649192195,24266739,506
2019-06-16 02:14:18.264,0.1,buy,8997.28,BTC-28JUN19-7500-P,80.27,0.0065,0.1,0,1560651258264,24271867,507
2019-06-16 03:11:20.152,0.1,buy,8968.33,BTC-28JUN19-7500-P,81.18,0.006999999999999999,0.1,0,1560654680152,24274806,508
2019-06-16 04:02:54.309,0.6,sell,9020.6,BTC-28JUN19-7500-P,78.08,0.0055,0.6,2,1560657774309,24276487,509
2019-06-16 04:02:54.309,0.4,sell,9020.6,BTC-28JUN19-7500-P,76.2,0.005,0.4,2,1560657774309,24276488,510
2019-06-16 04:35:42.090,0.3,buy,9014.14,BTC-28JUN19-7500-P,81.52,0.0065,0.3,0,1560659742090,24278108,511
2019-06-16 05:17:21.140,0.6,sell,9199.2,BTC-28JUN19-7500-P,90.46,0.006999999999999999,0.6,0,1560662241140,24290979,512
2019-06-16 05:17:22.146,0.4,sell,9199.2,BTC-28JUN19-7500-P,90.46,0.006999999999999999,0.4,1,1560662242146,24290981,513
2019-06-16 06:10:51.584,1.0,sell,9265.17,BTC-28JUN19-7500-P,83.97,0.0045,1.0,2,1560665451584,24305054,514
2019-06-16 06:10:51.584,30.0,sell,9265.17,BTC-28JUN19-7500-P,83.97,0.0045,30.0,3,1560665451584,24305055,515
2019-06-16 06:46:11.350,0.6,buy,9284.78,BTC-28JUN19-7500-P,92.28,0.0065,0.6,0,1560667571350,24309564,516
2019-06-16 06:46:42.992,0.9,buy,9294.3,BTC-28JUN19-7500-P,96.28,0.0075,0.9,0,1560667602992,24309682,517
2019-06-16 08:03:31.745,10.0,sell,9360.77,BTC-28JUN19-7500-P,87.2,0.0045,10.0,2,1560672211745,24315698,518
2019-06-16 08:34:54.788,20.0,sell,9354.91,BTC-28JUN19-7500-P,94.83,0.0065,20.0,0,1560674094788,24319848,519
2019-06-16 08:56:41.548,0.6,buy,9098.22,BTC-28JUN19-7500-P,86.51,0.0065,0.6,1,1560675401548,24335748,520
2019-06-16 08:56:41.642,4.4,buy,9098.22,BTC-28JUN19-7500-P,86.51,0.0065,4.4,1,1560675401642,24335760,521
2019-06-16 08:59:35.416,0.6,buy,9107.84,BTC-28JUN19-7500-P,86.48,0.0065,0.6,1,1560675575416,24336349,522
2019-06-16 12:07:59.553,1.0,sell,9121.84,BTC-28JUN19-7500-P,78.65,0.004,1.0,2,1560686879553,24358008,523
2019-06-16 12:07:59.553,9.0,sell,9121.84,BTC-28JUN19-7500-P,78.65,0.004,9.0,3,1560686879553,24358009,524
2019-06-16 14:53:58.674,2.0,sell,9274.67,BTC-28JUN19-7500-P,81.07,0.0035,2.0,2,1560696838674,24375668,525
2019-06-16 14:53:58.674,5.4,sell,9274.67,BTC-28JUN19-7500-P,81.07,0.0035,5.4,3,1560696838674,24375669,526
2019-06-16 15:55:47.088,4.0,sell,9226.0,BTC-28JUN19-7500-P,76.53,0.003,4.0,2,1560700547088,24381716,527
2019-06-16 17:48:38.137,30.0,sell,9044.79,BTC-28JUN19-7500-P,74.18,0.0035,30.0,0,1560707318137,24396426,528
2019-06-16 19:20:30.256,1.0,buy,9040.22,BTC-28JUN19-7500-P,80.32,0.005,1.0,0,1560712830256,24403627,529
2019-06-16 19:52:14.366,0.5,sell,8942.69,BTC-28JUN19-7500-P,77.71,0.005,0.5,1,1560714734366,24414027,530
2019-06-16 20:11:42.755,0.5,buy,8856.27,BTC-28JUN19-7500-P,83.37,0.0075,0.5,0,1560715902755,24419481,531
2019-06-16 20:12:12.116,5.0,buy,8836.22,BTC-28JUN19-7500-P,84.32,0.008,5.0,0,1560715932116,24419910,532
2019-06-16 22:18:25.674,6.0,sell,9040.39,BTC-28JUN19-7500-P,81.1,0.005,6.0,2,1560723505674,24432725,533
2019-06-16 22:18:25.674,4.0,sell,9040.39,BTC-28JUN19-7500-P,81.1,0.005,4.0,3,1560723505674,24432726,534
2019-06-16 23:14:10.261,1.6,sell,9059.03,BTC-28JUN19-7500-P,81.43,0.005,1.6,3,1560726850261,24435124,535
2019-06-17 00:40:05.010,1.0,sell,9177.4,BTC-28JUN19-7500-P,83.26,0.0045,1.0,2,1560732005010,24444060,536
2019-06-17 01:46:32.329,0.5,buy,9147.72,BTC-28JUN19-7500-P,88.34,0.006,0.5,0,1560735992329,24448515,537
2019-06-17 02:12:52.182,0.5,sell,9164.26,BTC-28JUN19-7500-P,82.89,0.0045,0.5,2,1560737572182,24449658,538
2019-06-17 03:01:44.507,15.0,sell,9098.06,BTC-28JUN19-7500-P,82.83,0.005,15.0,0,1560740504507,24452660,539
2019-06-17 03:13:09.399,0.1,buy,9103.4,BTC-28JUN19-7500-P,87.17,0.006,0.1,0,1560741189399,24453137,540
2019-06-17 05:50:11.408,1.0,buy,9173.82,BTC-28JUN19-7500-P,85.28,0.005,1.0,2,1560750611408,24465528,541
2019-06-17 05:50:11.408,10.0,buy,9173.82,BTC-28JUN19-7500-P,85.28,0.005,10.0,3,1560750611408,24465529,542
2019-06-17 06:08:48.828,0.1,buy,9191.59,BTC-28JUN19-7500-P,88.28,0.0055,0.1,0,1560751728828,24466369,543
2019-06-17 06:23:13.673,0.2,buy,9132.69,BTC-28JUN19-7500-P,84.01,0.005,0.2,2,1560752593673,24467963,544
2019-06-17 07:35:26.361,0.5,sell,9189.18,BTC-28JUN19-7500-P,81.57,0.004,0.5,2,1560756926361,24471140,545
2019-06-17 07:35:26.363,0.5,buy,9189.18,BTC-28JUN19-7500-P,81.57,0.004,0.5,3,1560756926363,24471141,546
2019-06-17 08:56:09.025,15.0,sell,9204.23,BTC-28JUN19-7500-P,84.75,0.0045,15.0,0,1560761769025,24474209,547
2019-06-17 11:00:29.052,8.9,buy,9281.71,BTC-28JUN19-7500-P,87.98,0.0045,8.9,1,1560769229052,24482731,548
2019-06-17 15:46:22.062,5.0,buy,9124.95,BTC-28JUN19-7500-P,90.04,0.006,5.0,0,1560786382062,24523782,549
2019-06-17 15:54:54.680,5.0,buy,9192.51,BTC-28JUN19-7500-P,94.6,0.0065,5.0,0,1560786894680,24529488,550
2019-06-17 16:16:12.355,5.0,sell,9210.04,BTC-28JUN19-7500-P,84.51,0.004,5.0,2,1560788172355,24533871,551
2019-06-17 16:21:39.015,3.0,buy,9154.05,BTC-28JUN19-7500-P,91.28,0.006,3.0,0,1560788499015,24534728,552
2019-06-17 17:45:16.668,0.4,sell,9260.99,BTC-28JUN19-7500-P,86.42,0.004,0.4,2,1560793516668,24539679,553
2019-06-17 17:45:20.099,1.6,buy,9261.26,BTC-28JUN19-7500-P,86.43,0.004,1.6,3,1560793520099,24539683,554
2019-06-17 19:59:35.249,1.0,buy,9302.41,BTC-28JUN19-7500-P,95.4,0.0055,1.0,0,1560801575249,24551592,555
2019-06-17 21:28:26.450,10.0,sell,9275.8,BTC-28JUN19-7500-P,92.5,0.005,10.0,2,1560806906450,24568262,556
2019-06-17 21:57:30.177,30.0,sell,9274.33,BTC-28JUN19-7500-P,87.85,0.004,30.0,2,1560808650177,24569245,557
2019-06-18 02:13:28.903,2.0,sell,9298.03,BTC-28JUN19-7500-P,89.62,0.004,2.0,3,1560824008903,24609888,558
2019-06-18 05:11:03.408,1.0,sell,9239.09,BTC-28JUN19-7500-P,90.5,0.0045,1.0,0,1560834663408,24617399,559
2019-06-18 05:12:03.280,0.8,buy,9221.05,BTC-28JUN19-7500-P,92.2,0.005,0.8,0,1560834723280,24617689,560
2019-06-18 05:25:33.072,0.2,buy,9190.35,BTC-28JUN19-7500-P,90.94,0.005,0.2,1,1560835533072,24618947,561
2019-06-18 06:12:49.613,2.0,buy,9190.39,BTC-28JUN19-7500-P,97.2,0.0065,2.0,0,1560838369613,24624850,562
2019-06-18 15:27:58.997,0.1,buy,9014.54,BTC-28JUN19-7500-P,92.58,0.0065,0.1,1,1560871678997,24659776,563
2019-06-18 15:32:24.190,1.0,buy,8950.69,BTC-28JUN19-7500-P,93.76,0.0075,1.0,0,1560871944190,24661845,564
2019-06-18 16:31:23.313,5.0,buy,9035.31,BTC-28JUN19-7500-P,97.16,0.0075,5.0,1,1560875483313,24668216,565
2019-06-18 21:36:43.267,1.0,buy,9083.29,BTC-28JUN19-7500-P,89.46,0.005,1.0,2,1560893803267,24692698,566
2019-06-19 00:58:04.791,1.1,sell,9157.9,BTC-28JUN19-7500-P,85.99,0.0035,1.1,2,1560905884791,24711676,567
2019-06-19 18:00:54.095,3.0,buy,9127.86,BTC-28JUN19-7500-P,91.02,0.004,3.0,0,1560967254095,24753787,568
2019-06-19 18:00:54.095,0.5,buy,9127.86,BTC-28JUN19-7500-P,91.02,0.004,0.5,1,1560967254095,24753788,569
2019-06-19 20:08:03.644,5.0,buy,9127.1,BTC-28JUN19-7500-P,98.63,0.0055,5.0,0,1560974883644,24756945,570
2019-06-20 03:06:49.632,1.0,buy,9339.92,BTC-28JUN19-7500-P,101.88,0.004,1.0,2,1561000009632,24784097,571
2019-06-20 04:23:43.201,0.1,buy,9310.14,BTC-28JUN19-7500-P,101.01,0.004,0.1,3,1561004623201,24787630,572
2019-06-20 15:56:19.302,2.0,sell,9418.08,BTC-28JUN19-7500-P,93.6,0.002,2.0,2,1561046179302,24823744,573
2019-06-20 16:13:02.866,1.0,sell,9406.66,BTC-28JUN19-7500-P,88.35,0.0015,1.0,2,1561047182866,24828161,574
