date_utc,amount,direction,indexPrice,instrument,iv,price,quantity,tickDirection,timeStamp,tradeId,tradeSeq
2019-02-15 09:57:49.323,3.0,sell,3570.93,BTC-28JUN19-12000-C,71.11,0.0005,3.0,3,1550224669323,15383615,175
2019-02-15 16:09:48.002,3.0,sell,3558.24,BTC-28JUN19-12000-C,71.4,0.0005,3.0,3,1550246988002,15399902,176
2019-02-16 10:22:33.093,3.0,sell,3588.24,BTC-28JUN19-12000-C,71.01,0.0005,3.0,3,1550312553093,15411472,177
2019-02-16 10:22:35.340,1.0,sell,3588.43,BTC-28JUN19-12000-C,71.01,0.0005,1.0,3,1550312555340,15411473,178
2019-02-17 12:12:14.897,35.0,buy,3578.68,BTC-28JUN19-12000-C,79.94,0.0015,35.0,1,1550405534897,15444404,180
2019-02-17 12:12:14.897,5.0,buy,3578.68,BTC-28JUN19-12000-C,79.94,0.0015,5.0,0,1550405534897,15444403,179
2019-02-17 12:12:14.956,0.1,sell,3578.68,BTC-28JUN19-12000-C,79.94,0.0015,0.1,1,1550405534956,15444405,181
2019-02-19 14:49:57.344,3.0,sell,3919.64,BTC-28JUN19-12000-C,71.87,0.001,3.0,2,1550587797344,15644800,182
2019-02-19 14:51:11.793,3.0,sell,3924.09,BTC-28JUN19-12000-C,71.84,0.001,3.0,3,1550587871793,15644925,183
2019-02-19 14:51:14.207,3.0,sell,3924.18,BTC-28JUN19-12000-C,71.83,0.001,3.0,3,1550587874207,15644932,184
2019-02-19 14:51:51.172,3.0,sell,3939.67,BTC-28JUN19-12000-C,71.6,0.001,3.0,3,1550587911172,15645285,185
2019-02-19 14:51:54.770,3.0,sell,3941.42,BTC-28JUN19-12000-C,71.58,0.001,3.0,3,1550587914770,15645324,186
2019-02-19 14:52:00.908,3.0,sell,3942.15,BTC-28JUN19-12000-C,71.59,0.001,3.0,3,1550587920908,15645353,187
2019-02-20 06:26:20.066,0.5,buy,3880.19,BTC-28JUN19-12000-C,75.88,0.0015,0.5,0,1550643980066,15678714,188
2019-02-21 12:11:51.310,9.4,buy,3893.27,BTC-28JUN19-12000-C,75.93,0.0015,9.4,1,1550751111310,15742136,189
2019-02-21 12:11:51.310,0.6,buy,3893.27,BTC-28JUN19-12000-C,78.53,0.002,0.6,0,1550751111310,15742137,190
2019-02-22 10:06:22.004,3.1,buy,3922.04,BTC-28JUN19-12000-C,75.75,0.0015,3.1,2,1550829982004,15766349,191
2019-02-22 18:25:00.085,9.1,sell,3940.59,BTC-28JUN19-12000-C,72.43,0.001,9.1,2,1550859900085,15785808,192
2019-02-23 06:39:33.016,0.9,sell,3928.66,BTC-28JUN19-12000-C,72.87,0.001,0.9,3,1550903973016,15797013,193
2019-03-05 07:12:39.374,3.0,sell,3710.1,BTC-28JUN19-12000-C,79.34,0.001,3.0,3,1551769959374,16250633,194
2019-03-05 07:12:43.610,3.0,sell,3710.03,BTC-28JUN19-12000-C,79.34,0.001,3.0,3,1551769963610,16250645,195
2019-03-08 13:15:23.145,15.0,sell,3876.16,BTC-28JUN19-12000-C,77.99,0.001,15.0,3,1552050923145,16384161,196
2019-03-08 22:06:22.311,1.0,buy,3812.17,BTC-28JUN19-12000-C,82.67,0.0015,1.0,0,1552082782311,16401789,197
2019-03-09 09:27:16.935,3.0,sell,3898.27,BTC-28JUN19-12000-C,77.94,0.001,3.0,2,1552123636935,16422555,198
2019-03-09 09:28:45.049,3.0,sell,3895.27,BTC-28JUN19-12000-C,77.96,0.001,3.0,3,1552123725049,16422584,199
2019-03-09 09:29:20.171,3.0,sell,3894.79,BTC-28JUN19-12000-C,77.96,0.001,3.0,3,1552123760171,16422588,200
2019-03-09 09:35:17.688,1.0,sell,3897.21,BTC-28JUN19-12000-C,77.95,0.001,1.0,3,1552124117688,16422641,201
2019-03-20 16:15:23.692,1.0,buy,4006.42,BTC-28JUN19-12000-C,80.52,0.001,1.0,3,1553098523692,16734813,202
2019-03-22 20:41:26.536,6.9,buy,3981.65,BTC-28JUN19-12000-C,82.12,0.001,6.9,3,1553287286536,16781747,203
2019-03-27 12:03:16.944,2.0,sell,4016.01,BTC-28JUN19-12000-C,77.88,0.0005,2.0,2,1553688196944,16862222,204
2019-03-27 12:03:16.944,3.0,sell,4016.01,BTC-28JUN19-12000-C,77.88,0.0005,3.0,3,1553688196944,16862223,205
2019-03-29 14:42:30.968,2.0,buy,4075.27,BTC-28JUN19-12000-C,83.39,0.001,2.0,0,1553870550968,16958977,206
2019-03-29 14:42:30.968,6.9,buy,4075.27,BTC-28JUN19-12000-C,83.39,0.001,6.9,1,1553870550968,16958978,207
2019-03-29 14:44:01.368,6.9,sell,4076.03,BTC-28JUN19-12000-C,83.38,0.001,6.9,1,1553870641368,16959027,208
2019-03-29 14:45:16.335,1.3,sell,4075.83,BTC-28JUN19-12000-C,83.38,0.001,1.3,1,1553870716335,16959038,209
2019-04-02 05:19:30.135,2.0,buy,4904.26,BTC-28JUN19-12000-C,75.93,0.0015,2.0,0,1554182370135,17056794,210
2019-04-02 18:02:27.738,3.0,buy,4724.18,BTC-28JUN19-12000-C,81.63,0.002,3.0,0,1554228147738,17126017,211
2019-04-03 00:29:29.969,1.0,sell,4984.97,BTC-28JUN19-12000-C,75.32,0.0015,1.0,2,1554251369969,17157607,212
2019-04-03 00:29:29.969,1.0,sell,4984.97,BTC-28JUN19-12000-C,75.32,0.0015,1.0,3,1554251369969,17157608,213
2019-04-03 02:42:32.783,0.2,buy,5033.36,BTC-28JUN19-12000-C,83.34,0.0035,0.2,0,1554259352783,17171431,214
2019-04-03 02:42:53.572,1.8,buy,5041.47,BTC-28JUN19-12000-C,90.27,0.006,1.8,0,1554259373572,17171489,215
2019-04-03 06:44:34.076,0.1,buy,4976.43,BTC-28JUN19-12000-C,90.13,0.0055,0.1,2,1554273874076,17189858,216
2019-04-03 06:44:36.603,0.1,buy,4976.5,BTC-28JUN19-12000-C,97.8,0.009000000000000001,0.1,0,1554273876603,17189859,217
2019-04-03 19:48:42.580,0.5,sell,5141.5,BTC-28JUN19-12000-C,78.21,0.0025,0.5,2,1554320922580,17227152,218
2019-04-05 08:44:56.241,0.9,sell,4962.18,BTC-28JUN19-12000-C,83.58,0.003,0.9,0,1554453896241,17355993,219
2019-04-05 11:30:23.222,0.1,sell,4995.88,BTC-28JUN19-12000-C,83.18,0.003,0.1,1,1554463823222,17358957,220
2019-04-05 20:05:54.305,0.1,buy,5022.59,BTC-28JUN19-12000-C,93.35,0.0065,0.1,0,1554494754305,17380264,221
2019-04-09 19:33:51.040,12.0,buy,5211.99,BTC-28JUN19-12000-C,87.08,0.0045,12.0,2,1554838431040,17580463,222
2019-04-09 19:33:52.720,8.0,buy,5211.99,BTC-28JUN19-12000-C,87.08,0.0045,8.0,3,1554838432720,17580464,223
2019-04-11 18:33:52.760,73.9,sell,5069.03,BTC-28JUN19-12000-C,89.29,0.004,73.9,2,1555007632760,17710478,224
2019-04-12 05:42:14.902,4.0,sell,5008.28,BTC-28JUN19-12000-C,86.63,0.003,4.0,2,1555047734902,17738243,225
2019-04-14 13:01:21.838,0.1,buy,5070.85,BTC-28JUN19-12000-C,89.32,0.0035,0.1,0,1555246881838,17795904,226
2019-04-15 06:18:48.545,12.0,sell,5169.31,BTC-28JUN19-12000-C,84.03,0.0025,12.0,2,1555309128545,17814496,227
2019-04-18 14:27:56.723,5.9,sell,5243.75,BTC-28JUN19-12000-C,81.94,0.002,5.9,2,1555597676723,17923761,228
2019-04-18 17:23:24.617,4.1,sell,5265.39,BTC-28JUN19-12000-C,81.62,0.002,4.1,3,1555608204617,17928673,229
2019-04-18 17:26:37.512,2.8000000000000003,sell,5271.14,BTC-28JUN19-12000-C,78.61,0.0015,2.8000000000000003,3,1555608397512,17928832,231
2019-04-18 17:26:37.512,10.0,sell,5271.14,BTC-28JUN19-12000-C,78.61,0.0015,10.0,2,1555608397512,17928831,230
2019-04-18 17:48:20.431,11.8,sell,5282.97,BTC-28JUN19-12000-C,78.53,0.0015,11.8,3,1555609700431,17929959,233
2019-04-18 17:48:20.431,7.2,sell,5282.97,BTC-28JUN19-12000-C,78.53,0.0015,7.2,3,1555609700431,17929958,232
2019-04-19 17:00:53.267,4.0,buy,5274.75,BTC-28JUN19-12000-C,86.82,0.003,4.0,0,1555693253267,17961814,234
2019-04-24 17:35:02.788,18.0,sell,5432.54,BTC-28JUN19-12000-C,80.09,0.0015,18.0,3,1556127302788,18185365,236
2019-04-24 17:35:02.788,0.1,sell,5432.54,BTC-28JUN19-12000-C,80.09,0.0015,0.1,2,1556127302788,18185364,235
2019-04-24 17:35:02.906,4.0,buy,5432.54,BTC-28JUN19-12000-C,80.1,0.0015,4.0,3,1556127302906,18185366,237
2019-04-24 18:10:41.654,17.0,sell,5417.22,BTC-28JUN19-12000-C,70.95,0.0005,17.0,3,1556129441654,18188152,240
2019-04-24 18:10:41.654,2.0,sell,5417.22,BTC-28JUN19-12000-C,70.95,0.0005,2.0,2,1556129441654,18188151,239
2019-04-24 18:10:41.654,3.0,sell,5417.22,BTC-28JUN19-12000-C,76.52,0.001,3.0,2,1556129441654,18188150,238
2019-04-24 20:29:22.747,2.0,buy,5432.97,BTC-28JUN19-12000-C,80.23,0.0015,2.0,0,1556137762747,18197271,241
2019-04-24 22:05:59.298,15.9,buy,5436.98,BTC-28JUN19-12000-C,80.15,0.0015,15.9,1,1556143559298,18198911,242
2019-04-29 15:20:10.836,0.5,sell,5146.16,BTC-28JUN19-12000-C,84.42,0.001,0.5,2,1556551210836,18428902,243
2019-04-29 16:08:55.839,1.0,buy,5151.73,BTC-28JUN19-12000-C,84.4,0.001,1.0,3,1556554135839,18430006,244
2019-04-29 17:29:50.252,0.1,sell,5167.88,BTC-28JUN19-12000-C,78.13,0.0005,0.1,2,1556558990252,18431815,245
2019-04-29 17:29:50.252,0.9,sell,5167.88,BTC-28JUN19-12000-C,78.13,0.0005,0.9,3,1556558990252,18431816,246
2019-04-29 17:31:05.415,0.2,sell,5168.26,BTC-28JUN19-12000-C,78.12,0.0005,0.2,3,1556559065415,18431861,247
2019-04-29 17:37:33.907,4.0,buy,5170.12,BTC-28JUN19-12000-C,84.13,0.001,4.0,0,1556559453907,18431945,248
2019-04-30 19:07:48.689,0.1,buy,5249.3,BTC-28JUN19-12000-C,87.82,0.0015,0.1,0,1556651268689,18481921,249
2019-05-03 11:35:21.414,0.1,buy,5696.57,BTC-28JUN19-12000-C,82.01,0.0015,0.1,1,1556883321414,18670485,250
2019-05-03 11:35:21.414,10.0,buy,5696.57,BTC-28JUN19-12000-C,82.01,0.0015,10.0,1,1556883321414,18670486,251
2019-05-04 14:20:39.512,3.8,sell,5571.19,BTC-28JUN19-12000-C,80.67,0.001,3.8,2,1556979639512,18781964,252
2019-05-04 23:37:28.276,0.1,sell,5760.22,BTC-28JUN19-12000-C,77.95,0.001,0.1,3,1557013048276,18832826,253
2019-05-05 00:44:36.646,1.5,buy,5733.98,BTC-28JUN19-12000-C,85.5,0.002,1.5,0,1557017076646,18843128,254
2019-05-05 21:59:06.778,1.5,sell,5746.14,BTC-28JUN19-12000-C,82.84,0.0015,1.5,2,1557093546778,18903642,255
2019-05-05 22:42:15.144,0.2,sell,5729.81,BTC-28JUN19-12000-C,83.19,0.0015,0.2,3,1557096135144,18905770,256
2019-05-06 14:26:45.885,3.0,sell,5645.36,BTC-28JUN19-12000-C,85.08,0.0015,3.0,3,1557152805885,18953846,257
2019-05-06 21:39:18.426,1.0,buy,5682.55,BTC-28JUN19-12000-C,87.82,0.002,1.0,0,1557178758426,18984205,258
2019-05-08 06:53:40.609,0.1,buy,5833.23,BTC-28JUN19-12000-C,86.87,0.002,0.1,1,1557298420609,19133701,259
2019-05-09 10:23:18.700,0.1,buy,6052.57,BTC-28JUN19-12000-C,84.51,0.002,0.1,1,1557397398700,19233735,260
2019-05-09 14:47:12.551,1.0,sell,5996.98,BTC-28JUN19-12000-C,82.39,0.0015,1.0,2,1557413232551,19250053,261
2019-05-09 17:14:32.066,0.1,buy,6046.54,BTC-28JUN19-12000-C,84.9,0.002,0.1,1,1557422072066,19255376,263
2019-05-09 17:14:32.066,9.9,buy,6046.54,BTC-28JUN19-12000-C,84.9,0.002,9.9,0,1557422072066,19255375,262
2019-05-09 19:34:58.483,5.0,sell,6058.82,BTC-28JUN19-12000-C,81.68,0.0015,5.0,2,1557430498483,19260194,264
2019-05-09 23:55:39.514,10.0,buy,6150.85,BTC-28JUN19-12000-C,83.66,0.002,10.0,1,1557446139514,19281057,267
2019-05-09 23:55:39.514,1.0,buy,6150.85,BTC-28JUN19-12000-C,83.66,0.002,1.0,1,1557446139514,19281056,266
2019-05-09 23:55:39.514,0.2,buy,6150.85,BTC-28JUN19-12000-C,83.66,0.002,0.2,0,1557446139514,19281055,265
2019-05-10 02:43:01.063,0.2,buy,6239.61,BTC-28JUN19-12000-C,84.91,0.0025,0.2,1,1557456181063,19297167,270
2019-05-10 02:43:01.063,10.0,buy,6239.61,BTC-28JUN19-12000-C,84.91,0.0025,10.0,1,1557456181063,19297166,269
2019-05-10 02:43:01.063,0.1,buy,6239.61,BTC-28JUN19-12000-C,84.91,0.0025,0.1,0,1557456181063,19297165,268
2019-05-10 04:53:01.597,0.1,buy,6285.08,BTC-28JUN19-12000-C,86.69,0.003,0.1,0,1557463981597,19320772,271
2019-05-10 04:53:01.597,10.0,buy,6285.08,BTC-28JUN19-12000-C,86.69,0.003,10.0,1,1557463981597,19320773,272
2019-05-10 04:53:01.597,0.2,buy,6285.08,BTC-28JUN19-12000-C,86.69,0.003,0.2,1,1557463981597,19320774,273
2019-05-10 08:20:28.024,1.0,buy,6291.37,BTC-28JUN19-12000-C,86.77,0.003,1.0,1,1557476428024,19340563,274
2019-05-10 10:49:02.155,0.5,buy,6293.42,BTC-28JUN19-12000-C,89.13,0.0035,0.5,0,1557485342155,19349614,275
2019-05-10 17:42:48.345,0.2,buy,6387.89,BTC-28JUN19-12000-C,87.52,0.0035,0.2,1,1557510168345,19386330,278
2019-05-10 17:42:48.345,1.2,buy,6387.89,BTC-28JUN19-12000-C,87.52,0.0035,1.2,1,1557510168345,19386331,279
2019-05-10 17:42:48.345,0.1,buy,6387.89,BTC-28JUN19-12000-C,87.52,0.0035,0.1,1,1557510168345,19386329,277
2019-05-10 17:42:48.345,0.5,buy,6387.89,BTC-28JUN19-12000-C,87.52,0.0035,0.5,1,1557510168345,19386328,276
2019-05-11 02:15:07.235,8.8,buy,6490.26,BTC-28JUN19-12000-C,86.02,0.0035,8.8,1,1557540907235,19427519,280
2019-05-11 03:08:51.593,0.2,buy,6533.36,BTC-28JUN19-12000-C,86.84,0.004,0.2,1,1557544131593,19435661,282
2019-05-11 03:08:51.593,0.1,buy,6533.36,BTC-28JUN19-12000-C,86.84,0.004,0.1,0,1557544131593,19435660,281
2019-05-11 05:19:40.252,0.2,buy,6700.16,BTC-28JUN19-12000-C,85.68,0.0045,0.2,1,1557551980252,19465759,285
2019-05-11 05:19:40.252,10.0,buy,6700.16,BTC-28JUN19-12000-C,85.68,0.0045,10.0,1,1557551980252,19465760,286
2019-05-11 05:19:40.252,1.0,buy,6700.16,BTC-28JUN19-12000-C,85.68,0.0045,1.0,0,1557551980252,19465757,283
2019-05-11 05:19:40.252,0.3,buy,6700.16,BTC-28JUN19-12000-C,85.68,0.0045,0.3,1,1557551980252,19465758,284
2019-05-11 10:58:49.372,1.0,buy,6841.25,BTC-28JUN19-12000-C,86.41,0.0055,1.0,0,1557572329372,19554038,287
2019-05-11 11:38:58.056,1.0,buy,6826.69,BTC-28JUN19-12000-C,89.14,0.0065,1.0,0,1557574738056,19557360,288
2019-05-11 14:15:52.788,2.0,buy,6805.93,BTC-28JUN19-12000-C,86.77,0.0055,2.0,2,1557584152788,19571486,289
2019-05-11 14:24:44.687,0.1,sell,6793.25,BTC-28JUN19-12000-C,82.32,0.004,0.1,2,1557584684687,19572539,290
2019-05-11 16:00:21.516,10.0,buy,6948.77,BTC-28JUN19-12000-C,87.89,0.006999999999999999,10.0,0,1557590421516,19589218,291
2019-05-11 16:13:54.883,1.0,buy,6977.77,BTC-28JUN19-12000-C,88.57,0.0075,1.0,0,1557591234883,19595574,292
2019-05-11 16:16:06.784,1.0,buy,6991.19,BTC-28JUN19-12000-C,90.59,0.0085,1.0,0,1557591366784,19596797,293
2019-05-11 16:21:09.692,1.0,buy,7002.08,BTC-28JUN19-12000-C,92.53,0.0095,1.0,0,1557591669692,19601008,294
2019-05-11 18:47:25.939,1.1,sell,6987.12,BTC-28JUN19-12000-C,91.76,0.009000000000000001,1.1,2,1557600445939,19627292,295
2019-05-11 21:10:56.018,6.1000000000000005,buy,6945.64,BTC-28JUN19-12000-C,88.15,0.006999999999999999,6.1000000000000005,2,1557609056018,19639070,296
2019-05-11 21:33:20.148,1.5,sell,6933.98,BTC-28JUN19-12000-C,85.84,0.006,1.5,2,1557610400148,19639949,297
2019-05-11 21:41:21.080,1.5,buy,6950.75,BTC-28JUN19-12000-C,90.33,0.008,1.5,0,1557610881080,19640327,298
2019-05-11 21:47:09.819,1.5,buy,7010.62,BTC-28JUN19-12000-C,90.34,0.0085,1.5,0,1557611229819,19641810,299
2019-05-11 21:56:56.618,0.7000000000000001,buy,7056.36,BTC-28JUN19-12000-C,89.48,0.0085,0.7000000000000001,1,1557611816618,19645554,300
2019-05-11 22:24:21.332,1.0,buy,7194.97,BTC-28JUN19-12000-C,88.44,0.0095,1.0,0,1557613461332,19665424,301
2019-05-11 22:56:15.338,1.0,buy,7277.38,BTC-28JUN19-12000-C,91.67,0.012,1.0,0,1557615375338,19689274,302
2019-05-11 23:35:12.341,0.1,buy,7389.64,BTC-28JUN19-12000-C,91.09,0.0125,0.1,0,1557617712341,19715326,303
2019-05-12 00:06:40.450,19.9,buy,7288.15,BTC-28JUN19-12000-C,92.93,0.0125,19.9,1,1557619600450,19734647,304
2019-05-12 00:10:11.372,5.0,buy,7304.87,BTC-28JUN19-12000-C,95.09,0.013999999999999999,5.0,0,1557619811372,19735811,305
2019-05-12 00:20:12.315,10.0,buy,7278.49,BTC-28JUN19-12000-C,97.89,0.0155,10.0,0,1557620412315,19739282,306
2019-05-12 00:20:12.315,3.0,buy,7278.49,BTC-28JUN19-12000-C,97.89,0.0155,3.0,1,1557620412315,19739283,307
2019-05-12 01:23:04.614,0.5,sell,7088.1,BTC-28JUN19-12000-C,109.59,0.021,0.5,0,1557624184614,19774015,308
2019-05-12 04:57:05.286,1.0,sell,7189.32,BTC-28JUN19-12000-C,79.2,0.005,1.0,2,1557637025286,19808177,309
2019-05-12 07:17:48.538,1.0,sell,7482.62,BTC-28JUN19-12000-C,81.88,0.008,1.0,0,1557645468538,19833714,310
2019-05-12 07:37:25.182,1.0,sell,7518.64,BTC-28JUN19-12000-C,83.3,0.009000000000000001,1.0,0,1557646645182,19837546,311
2019-05-12 09:12:09.720,2.0,buy,7427.44,BTC-28JUN19-12000-C,95.51,0.015,2.0,0,1557652329720,19871934,312
2019-05-12 10:01:54.750,1.0,buy,7365.23,BTC-28JUN19-12000-C,94.16,0.0135,1.0,2,1557655314750,19896657,313
2019-05-12 11:37:54.790,0.3,buy,7036.87,BTC-28JUN19-12000-C,97.39,0.012,0.3,2,1557661074790,19941631,314
