date_utc,amount,direction,indexPrice,instrument,iv,price,quantity,tickDirection,timeStamp,tradeId,tradeSeq
2019-02-15 09:57:49.323,3.0,sell,3570.93,BTC-28JUN19-12000-C,71.11,0.0005,3.0,3,1550224669323,15383615,175
2019-02-15 16:09:48.002,3.0,sell,3558.24,BTC-28JUN19-12000-C,71.4,0.0005,3.0,3,1550246988002,15399902,176
2019-02-16 10:22:33.093,3.0,sell,3588.24,BTC-28JUN19-12000-C,71.01,0.0005,3.0,3,1550312553093,15411472,177
2019-02-16 10:22:35.340,1.0,sell,3588.43,BTC-28JUN19-12000-C,71.01,0.0005,1.0,3,1550312555340,15411473,178
2019-02-17 12:12:14.897,35.0,buy,3578.68,BTC-28JUN19-12000-C,79.94,0.0015,35.0,1,1550405534897,15444404,180
2019-02-17 12:12:14.897,5.0,buy,3578.68,BTC-28JUN19-12000-C,79.94,0.0015,5.0,0,1550405534897,15444403,179
2019-02-17 12:12:14.956,0.1,sell,3578.68,BTC-28JUN19-12000-C,79.94,0.0015,0.1,1,1550405534956,15444405,181
2019-02-19 14:49:57.344,3.0,sell,3919.64,BTC-28JUN19-12000-C,71.87,0.001,3.0,2,1550587797344,15644800,182
2019-02-19 14:51:11.793,3.0,sell,3924.09,BTC-28JUN19-12000-C,71.84,0.001,3.0,3,1550587871793,15644925,183
2019-02-19 14:51:14.207,3.0,sell,3924.18,BTC-28JUN19-12000-C,71.83,0.001,3.0,3,1550587874207,15644932,184
2019-02-19 14:51:51.172,3.0,sell,3939.67,BTC-28JUN19-12000-C,71.6,0.001,3.0,3,1550587911172,15645285,185
2019-02-19 14:51:54.770,3.0,sell,3941.42,BTC-28JUN19-12000-C,71.58,0.001,3.0,3,1550587914770,15645324,186
2019-02-19 14:52:00.908,3.0,sell,3942.15,BTC-28JUN19-12000-C,71.59,0.001,3.0,3,1550587920908,15645353,187
2019-02-20 06:26:20.066,0.5,buy,3880.19,BTC-28JUN19-12000-C,75.88,0.0015,0.5,0,1550643980066,15678714,188
2019-02-21 12:11:51.310,9.4,buy,3893.27,BTC-28JUN19-12000-C,75.93,0.0015,9.4,1,1550751111310,15742136,189
2019-02-21 12:11:51.310,0.6,buy,3893.27,BTC-28JUN19-12000-C,78.53,0.002,0.6,0,1550751111310,15742137,190
2019-02-22 10:06:22.004,3.1,buy,3922.04,BTC-28JUN19-12000-C,75.75,0.0015,3.1,2,1550829982004,15766349,191
2019-02-22 18:25:00.085,9.1,sell,3940.59,BTC-28JUN19-12000-C,72.43,0.001,9.1,2,1550859900085,15785808,192
2019-02-23 06:39:33.016,0.9,sell,3928.66,BTC-28JUN19-12000-C,72.87,0.001,0.9,3,1550903973016,15797013,193
2019-03-05 07:12:39.374,3.0,sell,3710.1,BTC-28JUN19-12000-C,79.34,0.001,3.0,3,1551769959374,16250633,194
2019-03-05 07:12:43.610,3.0,sell,3710.03,BTC-28JUN19-12000-C,79.34,0.001,3.0,3,1551769963610,16250645,195
2019-03-08 13:15:23.145,15.0,sell,3876.16,BTC-28JUN19-12000-C,77.99,0.001,15.0,3,1552050923145,16384161,196
2019-03-08 22:06:22.311,1.0,buy,3812.17,BTC-28JUN19-12000-C,82.67,0.0015,1.0,0,1552082782311,16401789,197
2019-03-09 09:27:16.935,3.0,sell,3898.27,BTC-28JUN19-12000-C,77.94,0.001,3.0,2,1552123636935,16422555,198
2019-03-09 09:28:45.049,3.0,sell,3895.27,BTC-28JUN19-12000-C,77.96,0.001,3.0,3,1552123725049,16422584,199
2019-03-09 09:29:20.171,3.0,sell,3894.79,BTC-28JUN19-12000-C,77.96,0.001,3.0,3,1552123760171,16422588,200
2019-03-09 09:35:17.688,1.0,sell,3897.21,BTC-28JUN19-12000-C,77.95,0.001,1.0,3,1552124117688,16422641,201
2019-03-20 16:15:23.692,1.0,buy,4006.42,BTC-28JUN19-12000-C,80.52,0.001,1.0,3,1553098523692,16734813,202
2019-03-22 20:41:26.536,6.9,buy,3981.65,BTC-28JUN19-12000-C,82.12,0.001,6.9,3,1553287286536,16781747,203
2019-03-27 12:03:16.944,2.0,sell,4016.01,BTC-28JUN19-12000-C,77.88,0.0005,2.0,2,1553688196944,16862222,204
2019-03-27 12:03:16.944,3.0,sell,4016.01,BTC-28JUN19-12000-C,77.88,0.0005,3.0,3,1553688196944,16862223,205
2019-03-29 14:42:30.968,2.0,buy,4075.27,BTC-28JUN19-12000-C,83.39,0.001,2.0,0,1553870550968,16958977,206
2019-03-29 14:42:30.968,6.9,buy,4075.27,BTC-28JUN19-12000-C,83.39,0.001,6.9,1,1553870550968,16958978,207
2019-03-29 14:44:01.368,6.9,sell,4076.03,BTC-28JUN19-12000-C,83.38,0.001,6.9,1,1553870641368,16959027,208
2019-03-29 14:45:16.335,1.3,sell,4075.83,BTC-28JUN19-12000-C,83.38,0.001,1.3,1,1553870716335,16959038,209
2019-04-02 05:19:30.135,2.0,buy,4904.26,BTC-28JUN19-12000-C,75.93,0.0015,2.0,0,1554182370135,17056794,210
2019-04-02 18:02:27.738,3.0,buy,4724.18,BTC-28JUN19-12000-C,81.63,0.002,3.0,0,1554228147738,17126017,211
2019-04-03 00:29:29.969,1.0,sell,4984.97,BTC-28JUN19-12000-C,75.32,0.0015,1.0,2,1554251369969,17157607,212
2019-04-03 00:29:29.969,1.0,sell,4984.97,BTC-28JUN19-12000-C,75.32,0.0015,1.0,3,1554251369969,17157608,213
2019-04-03 02:42:32.783,0.2,buy,5033.36,BTC-28JUN19-12000-C,83.34,0.0035,0.2,0,1554259352783,17171431,214
2019-04-03 02:42:53.572,1.8,buy,5041.47,BTC-28JUN19-12000-C,90.27,0.006,1.8,0,1554259373572,17171489,215
2019-04-03 06:44:34.076,0.1,buy,4976.43,BTC-28JUN19-12000-C,90.13,0.0055,0.1,2,1554273874076,17189858,216
2019-04-03 06:44:36.603,0.1,buy,4976.5,BTC-28JUN19-12000-C,97.8,0.009000000000000001,0.1,0,1554273876603,17189859,217
2019-04-03 19:48:42.580,0.5,sell,5141.5,BTC-28JUN19-12000-C,78.21,0.0025,0.5,2,1554320922580,17227152,218
2019-04-05 08:44:56.241,0.9,sell,4962.18,BTC-28JUN19-12000-C,83.58,0.003,0.9,0,1554453896241,17355993,219
2019-04-05 11:30:23.222,0.1,sell,4995.88,BTC-28JUN19-12000-C,83.18,0.003,0.1,1,1554463823222,17358957,220
2019-04-05 20:05:54.305,0.1,buy,5022.59,BTC-28JUN19-12000-C,93.35,0.0065,0.1,0,1554494754305,17380264,221
2019-04-09 19:33:51.040,12.0,buy,5211.99,BTC-28JUN19-12000-C,87.08,0.0045,12.0,2,1554838431040,17580463,222
2019-04-09 19:33:52.720,8.0,buy,5211.99,BTC-28JUN19-12000-C,87.08,0.0045,8.0,3,1554838432720,17580464,223
2019-04-11 18:33:52.760,73.9,sell,5069.03,BTC-28JUN19-12000-C,89.29,0.004,73.9,2,1555007632760,17710478,224
2019-04-12 05:42:14.902,4.0,sell,5008.28,BTC-28JUN19-12000-C,86.63,0.003,4.0,2,1555047734902,17738243,225
2019-04-14 13:01:21.838,0.1,buy,5070.85,BTC-28JUN19-12000-C,89.32,0.0035,0.1,0,1555246881838,17795904,226
2019-04-15 06:18:48.545,12.0,sell,5169.31,BTC-28JUN19-12000-C,84.03,0.0025,12.0,2,1555309128545,17814496,227
2019-04-18 14:27:56.723,5.9,sell,5243.75,BTC-28JUN19-12000-C,81.94,0.002,5.9,2,1555597676723,17923761,228
2019-04-18 17:23:24.617,4.1,sell,5265.39,BTC-28JUN19-12000-C,81.62,0.002,4.1,3,1555608204617,17928673,229
2019-04-18 17:26:37.512,2.8000000000000003,sell,5271.14,BTC-28JUN19-12000-C,78.61,0.0015,2.8000000000000003,3,1555608397512,17928832,231
2019-04-18 17:26:37.512,10.0,sell,5271.14,BTC-28JUN19-12000-C,78.61,0.0015,10.0,2,1555608397512,17928831,230
2019-04-18 17:48:20.431,11.8,sell,5282.97,BTC-28JUN19-12000-C,78.53,0.0015,11.8,3,1555609700431,17929959,233
2019-04-18 17:48:20.431,7.2,sell,5282.97,BTC-28JUN19-12000-C,78.53,0.0015,7.2,3,1555609700431,17929958,232
2019-04-19 17:00:53.267,4.0,buy,5274.75,BTC-28JUN19-12000-C,86.82,0.003,4.0,0,1555693253267,17961814,234
2019-04-24 17:35:02.788,18.0,sell,5432.54,BTC-28JUN19-12000-C,80.09,0.0015,18.0,3,1556127302788,18185365,236
2019-04-24 17:35:02.788,0.1,sell,5432.54,BTC-28JUN19-12000-C,80.09,0.0015,0.1,2,1556127302788,18185364,235
2019-04-24 17:35:02.906,4.0,buy,5432.54,BTC-28JUN19-12000-C,80.1,0.0015,4.0,3,1556127302906,18185366,237
2019-04-24 18:10:41.654,2.0,sell,5417.22,BTC-28JUN19-12000-C,70.95,0.0005,2.0,2,1556129441654,18188151,239
2019-04-24 18:10:41.654,3.0,sell,5417.22,BTC-28JUN19-12000-C,76.52,0.001,3.0,2,1556129441654,18188150,238
2019-04-24 18:10:41.654,17.0,sell,5417.22,BTC-28JUN19-12000-C,70.95,0.0005,17.0,3,1556129441654,18188152,240
2019-04-24 20:29:22.747,2.0,buy,5432.97,BTC-28JUN19-12000-C,80.23,0.0015,2.0,0,1556137762747,18197271,241
2019-04-24 22:05:59.298,15.9,buy,5436.98,BTC-28JUN19-12000-C,80.15,0.0015,15.9,1,1556143559298,18198911,242
2019-04-29 15:20:10.836,0.5,sell,5146.16,BTC-28JUN19-12000-C,84.42,0.001,0.5,2,1556551210836,18428902,243
2019-04-29 16:08:55.839,1.0,buy,5151.73,BTC-28JUN19-12000-C,84.4,0.001,1.0,3,1556554135839,18430006,244
2019-04-29 17:29:50.252,0.9,sell,5167.88,BTC-28JUN19-12000-C,78.13,0.0005,0.9,3,1556558990252,18431816,246
2019-04-29 17:29:50.252,0.1,sell,5167.88,BTC-28JUN19-12000-C,78.13,0.0005,0.1,2,1556558990252,18431815,245
2019-04-29 17:31:05.415,0.2,sell,5168.26,BTC-28JUN19-12000-C,78.12,0.0005,0.2,3,1556559065415,18431861,247
2019-04-29 17:37:33.907,4.0,buy,5170.12,BTC-28JUN19-12000-C,84.13,0.001,4.0,0,1556559453907,18431945,248
2019-04-30 19:07:48.689,0.1,buy,5249.3,BTC-28JUN19-12000-C,87.82,0.0015,0.1,0,1556651268689,18481921,249
2019-05-03 11:35:21.414,10.0,buy,5696.57,BTC-28JUN19-12000-C,82.01,0.0015,10.0,1,1556883321414,18670486,251
2019-05-03 11:35:21.414,0.1,buy,5696.57,BTC-28JUN19-12000-C,82.01,0.0015,0.1,1,1556883321414,18670485,250
2019-05-04 14:20:39.512,3.8,sell,5571.19,BTC-28JUN19-12000-C,80.67,0.001,3.8,2,1556979639512,18781964,252
2019-05-04 23:37:28.276,0.1,sell,5760.22,BTC-28JUN19-12000-C,77.95,0.001,0.1,3,1557013048276,18832826,253
2019-05-05 00:44:36.646,1.5,buy,5733.98,BTC-28JUN19-12000-C,85.5,0.002,1.5,0,1557017076646,18843128,254
2019-05-05 21:59:06.778,1.5,sell,5746.14,BTC-28JUN19-12000-C,82.84,0.0015,1.5,2,1557093546778,18903642,255
2019-05-05 22:42:15.144,0.2,sell,5729.81,BTC-28JUN19-12000-C,83.19,0.0015,0.2,3,1557096135144,18905770,256
2019-05-06 14:26:45.885,3.0,sell,5645.36,BTC-28JUN19-12000-C,85.08,0.0015,3.0,3,1557152805885,18953846,257
2019-05-06 21:39:18.426,1.0,buy,5682.55,BTC-28JUN19-12000-C,87.82,0.002,1.0,0,1557178758426,18984205,258
2019-05-08 06:53:40.609,0.1,buy,5833.23,BTC-28JUN19-12000-C,86.87,0.002,0.1,1,1557298420609,19133701,259
2019-05-09 10:23:18.700,0.1,buy,6052.57,BTC-28JUN19-12000-C,84.51,0.002,0.1,1,1557397398700,19233735,260
2019-05-09 14:47:12.551,1.0,sell,5996.98,BTC-28JUN19-12000-C,82.39,0.0015,1.0,2,1557413232551,19250053,261
2019-05-09 17:14:32.066,0.1,buy,6046.54,BTC-28JUN19-12000-C,84.9,0.002,0.1,1,1557422072066,19255376,263
2019-05-09 17:14:32.066,9.9,buy,6046.54,BTC-28JUN19-12000-C,84.9,0.002,9.9,0,1557422072066,19255375,262
2019-05-09 19:34:58.483,5.0,sell,6058.82,BTC-28JUN19-12000-C,81.68,0.0015,5.0,2,1557430498483,19260194,264
2019-05-09 23:55:39.514,1.0,buy,6150.85,BTC-28JUN19-12000-C,83.66,0.002,1.0,1,1557446139514,19281056,266
2019-05-09 23:55:39.514,10.0,buy,6150.85,BTC-28JUN19-12000-C,83.66,0.002,10.0,1,1557446139514,19281057,267
2019-05-09 23:55:39.514,0.2,buy,6150.85,BTC-28JUN19-12000-C,83.66,0.002,0.2,0,1557446139514,19281055,265
2019-05-10 02:43:01.063,0.2,buy,6239.61,BTC-28JUN19-12000-C,84.91,0.0025,0.2,1,1557456181063,19297167,270
2019-05-10 02:43:01.063,10.0,buy,6239.61,BTC-28JUN19-12000-C,84.91,0.0025,10.0,1,1557456181063,19297166,269
2019-05-10 02:43:01.063,0.1,buy,6239.61,BTC-28JUN19-12000-C,84.91,0.0025,0.1,0,1557456181063,19297165,268
2019-05-10 04:53:01.597,10.0,buy,6285.08,BTC-28JUN19-12000-C,86.69,0.003,10.0,1,1557463981597,19320773,272
2019-05-10 04:53:01.597,0.2,buy,6285.08,BTC-28JUN19-12000-C,86.69,0.003,0.2,1,1557463981597,19320774,273
2019-05-10 04:53:01.597,0.1,buy,6285.08,BTC-28JUN19-12000-C,86.69,0.003,0.1,0,1557463981597,19320772,271
2019-05-10 08:20:28.024,1.0,buy,6291.37,BTC-28JUN19-12000-C,86.77,0.003,1.0,1,1557476428024,19340563,274
2019-05-10 10:49:02.155,0.5,buy,6293.42,BTC-28JUN19-12000-C,89.13,0.0035,0.5,0,1557485342155,19349614,275
2019-05-10 17:42:48.345,0.1,buy,6387.89,BTC-28JUN19-12000-C,87.52,0.0035,0.1,1,1557510168345,19386329,277
2019-05-10 17:42:48.345,0.2,buy,6387.89,BTC-28JUN19-12000-C,87.52,0.0035,0.2,1,1557510168345,19386330,278
2019-05-10 17:42:48.345,0.5,buy,6387.89,BTC-28JUN19-12000-C,87.52,0.0035,0.5,1,1557510168345,19386328,276
2019-05-10 17:42:48.345,1.2,buy,6387.89,BTC-28JUN19-12000-C,87.52,0.0035,1.2,1,1557510168345,19386331,279
2019-05-11 02:15:07.235,8.8,buy,6490.26,BTC-28JUN19-12000-C,86.02,0.0035,8.8,1,1557540907235,19427519,280
2019-05-11 03:08:51.593,0.1,buy,6533.36,BTC-28JUN19-12000-C,86.84,0.004,0.1,0,1557544131593,19435660,281
2019-05-11 03:08:51.593,0.2,buy,6533.36,BTC-28JUN19-12000-C,86.84,0.004,0.2,1,1557544131593,19435661,282
2019-05-11 05:19:40.252,0.3,buy,6700.16,BTC-28JUN19-12000-C,85.68,0.0045,0.3,1,1557551980252,19465758,284
2019-05-11 05:19:40.252,1.0,buy,6700.16,BTC-28JUN19-12000-C,85.68,0.0045,1.0,0,1557551980252,19465757,283
2019-05-11 05:19:40.252,10.0,buy,6700.16,BTC-28JUN19-12000-C,85.68,0.0045,10.0,1,1557551980252,19465760,286
2019-05-11 05:19:40.252,0.2,buy,6700.16,BTC-28JUN19-12000-C,85.68,0.0045,0.2,1,1557551980252,19465759,285
2019-05-11 10:58:49.372,1.0,buy,6841.25,BTC-28JUN19-12000-C,86.41,0.0055,1.0,0,1557572329372,19554038,287
2019-05-11 11:38:58.056,1.0,buy,6826.69,BTC-28JUN19-12000-C,89.14,0.0065,1.0,0,1557574738056,19557360,288
2019-05-11 14:15:52.788,2.0,buy,6805.93,BTC-28JUN19-12000-C,86.77,0.0055,2.0,2,1557584152788,19571486,289
2019-05-11 14:24:44.687,0.1,sell,6793.25,BTC-28JUN19-12000-C,82.32,0.004,0.1,2,1557584684687,19572539,290
2019-05-11 16:00:21.516,10.0,buy,6948.77,BTC-28JUN19-12000-C,87.89,0.006999999999999999,10.0,0,1557590421516,19589218,291
2019-05-11 16:13:54.883,1.0,buy,6977.77,BTC-28JUN19-12000-C,88.57,0.0075,1.0,0,1557591234883,19595574,292
2019-05-11 16:16:06.784,1.0,buy,6991.19,BTC-28JUN19-12000-C,90.59,0.0085,1.0,0,1557591366784,19596797,293
2019-05-11 16:21:09.692,1.0,buy,7002.08,BTC-28JUN19-12000-C,92.53,0.0095,1.0,0,1557591669692,19601008,294
2019-05-11 18:47:25.939,1.1,sell,6987.12,BTC-28JUN19-12000-C,91.76,0.009000000000000001,1.1,2,1557600445939,19627292,295
2019-05-11 21:10:56.018,6.1000000000000005,buy,6945.64,BTC-28JUN19-12000-C,88.15,0.006999999999999999,6.1000000000000005,2,1557609056018,19639070,296
2019-05-11 21:33:20.148,1.5,sell,6933.98,BTC-28JUN19-12000-C,85.84,0.006,1.5,2,1557610400148,19639949,297
2019-05-11 21:41:21.080,1.5,buy,6950.75,BTC-28JUN19-12000-C,90.33,0.008,1.5,0,1557610881080,19640327,298
2019-05-11 21:47:09.819,1.5,buy,7010.62,BTC-28JUN19-12000-C,90.34,0.0085,1.5,0,1557611229819,19641810,299
2019-05-11 21:56:56.618,0.7000000000000001,buy,7056.36,BTC-28JUN19-12000-C,89.48,0.0085,0.7000000000000001,1,1557611816618,19645554,300
2019-05-11 22:24:21.332,1.0,buy,7194.97,BTC-28JUN19-12000-C,88.44,0.0095,1.0,0,1557613461332,19665424,301
2019-05-11 22:56:15.338,1.0,buy,7277.38,BTC-28JUN19-12000-C,91.67,0.012,1.0,0,1557615375338,19689274,302
2019-05-11 23:35:12.341,0.1,buy,7389.64,BTC-28JUN19-12000-C,91.09,0.0125,0.1,0,1557617712341,19715326,303
2019-05-12 00:06:40.450,19.9,buy,7288.15,BTC-28JUN19-12000-C,92.93,0.0125,19.9,1,1557619600450,19734647,304
2019-05-12 00:10:11.372,5.0,buy,7304.87,BTC-28JUN19-12000-C,95.09,0.014,5.0,0,1557619811372,19735811,305
2019-05-12 00:20:12.315,10.0,buy,7278.49,BTC-28JUN19-12000-C,97.89,0.0155,10.0,0,1557620412315,19739282,306
2019-05-12 00:20:12.315,3.0,buy,7278.49,BTC-28JUN19-12000-C,97.89,0.0155,3.0,1,1557620412315,19739283,307
2019-05-12 01:23:04.614,0.5,sell,7088.1,BTC-28JUN19-12000-C,109.59,0.021,0.5,0,1557624184614,19774015,308
2019-05-12 04:57:05.286,1.0,sell,7189.32,BTC-28JUN19-12000-C,79.2,0.005,1.0,2,1557637025286,19808177,309
2019-05-12 07:17:48.538,1.0,sell,7482.62,BTC-28JUN19-12000-C,81.88,0.008,1.0,0,1557645468538,19833714,310
2019-05-12 07:37:25.182,1.0,sell,7518.64,BTC-28JUN19-12000-C,83.3,0.009000000000000001,1.0,0,1557646645182,19837546,311
2019-05-12 09:12:09.720,2.0,buy,7427.44,BTC-28JUN19-12000-C,95.51,0.015,2.0,0,1557652329720,19871934,312
2019-05-12 10:01:54.750,1.0,buy,7365.23,BTC-28JUN19-12000-C,94.16,0.0135,1.0,2,1557655314750,19896657,313
2019-05-12 11:37:54.790,0.3,buy,7036.87,BTC-28JUN19-12000-C,97.39,0.012,0.3,2,1557661074790,19941631,314
2019-05-12 20:30:53.226,0.1,buy,7122.21,BTC-28JUN19-12000-C,93.26,0.0105,0.1,2,1557693053226,20073169,315
2019-05-13 11:36:26.378,2.0,buy,7253.76,BTC-28JUN19-12000-C,94.43,0.012,2.0,0,1557747386378,20160969,316
2019-05-13 14:47:09.867,1.0,sell,7501.08,BTC-28JUN19-12000-C,88.12,0.011,1.0,2,1557758829867,20199421,317
2019-05-13 16:17:13.164,1.2,buy,7826.01,BTC-28JUN19-12000-C,98.87,0.023,1.2,0,1557764233164,20257246,318
2019-05-13 17:11:45.820,18.7,buy,7908.98,BTC-28JUN19-12000-C,97.31,0.023,18.7,1,1557767505820,20274052,319
2019-05-13 17:24:35.338,1.1,sell,7893.56,BTC-28JUN19-12000-C,97.05,0.0225,1.1,2,1557768275338,20278247,320
2019-05-13 17:31:22.673,30.0,buy,7816.1,BTC-28JUN19-12000-C,100.28,0.024,30.0,0,1557768682673,20281417,321
2019-05-13 19:43:26.188,1.0,buy,7913.01,BTC-28JUN19-12000-C,99.56,0.025,1.0,0,1557776606188,20298894,322
2019-05-13 21:32:37.644,2.0,buy,8098.87,BTC-28JUN19-12000-C,101.45,0.03,2.0,0,1557783157644,20321065,323
2019-05-13 22:46:16.934,0.8,buy,8092.63,BTC-28JUN19-12000-C,111.78,0.04,0.8,0,1557787576934,20339464,324
2019-05-13 22:49:32.742,1.0,sell,8092.33,BTC-28JUN19-12000-C,111.92,0.04,1.0,1,1557787772742,20339716,325
2019-05-13 22:49:40.681,1.0,sell,8091.72,BTC-28JUN19-12000-C,110.96,0.039,1.0,2,1557787780681,20339726,326
2019-05-13 22:49:43.936,1.0,sell,8091.16,BTC-28JUN19-12000-C,110.98,0.039,1.0,3,1557787783936,20339731,327
2019-05-13 22:49:47.943,2.0,sell,8092.03,BTC-28JUN19-12000-C,110.98,0.039,2.0,3,1557787787943,20339738,328
2019-05-13 22:54:13.715,1.0,buy,8042.45,BTC-28JUN19-12000-C,102.57,0.03,1.0,2,1557788053715,20340859,329
2019-05-14 03:40:38.621,0.3,buy,7953.64,BTC-28JUN19-12000-C,112.71,0.038,0.3,0,1557805238621,20409716,330
2019-05-14 03:54:24.286,0.1,buy,7943.77,BTC-28JUN19-12000-C,108.78,0.034,0.1,2,1557806064286,20411187,331
2019-05-14 05:12:10.708,0.2,buy,8038.13,BTC-28JUN19-12000-C,109.64,0.037000000000000005,0.2,0,1557810730708,20421451,332
2019-05-14 06:41:37.014,1.0,buy,8052.66,BTC-28JUN19-12000-C,109.73,0.0375,1.0,0,1557816097014,20436746,333
2019-05-14 14:49:05.611,2.0,buy,8013.88,BTC-28JUN19-12000-C,103.75,0.03,2.0,2,1557845345611,20534768,334
2019-05-14 15:42:03.107,1.0,buy,8057.46,BTC-28JUN19-12000-C,108.82,0.0355,1.0,0,1557848523107,20540977,335
2019-05-14 15:43:26.159,1.2,sell,8056.62,BTC-28JUN19-12000-C,109.47,0.036000000000000004,1.2,0,1557848606159,20541019,336
2019-05-14 16:10:56.607,1.0,sell,7835.03,BTC-28JUN19-12000-C,105.54,0.028,1.0,2,1557850256607,20553372,337
2019-05-14 16:17:34.232,16.0,buy,7919.65,BTC-28JUN19-12000-C,109.16,0.033,16.0,0,1557850654232,20555580,338
2019-05-14 16:29:10.183,1.0,sell,7956.16,BTC-28JUN19-12000-C,110.56,0.035,1.0,0,1557851350183,20557696,339
2019-05-14 16:29:14.734,5.0,sell,7959.25,BTC-28JUN19-12000-C,110.51,0.035,5.0,1,1557851354734,20557716,340
2019-05-14 20:40:32.625,1.0,buy,7782.41,BTC-28JUN19-12000-C,104.18,0.026,1.0,2,1557866432625,20608907,341
2019-05-14 20:52:14.836,1.0,buy,7749.7,BTC-28JUN19-12000-C,103.61,0.025,1.0,2,1557867134836,20610757,342
2019-05-15 00:43:34.533,0.9,sell,7995.14,BTC-28JUN19-12000-C,98.71,0.025,0.9,3,1557881014533,20650560,343
2019-05-15 03:14:04.495,1.0,sell,8094.21,BTC-28JUN19-12000-C,107.77,0.035,1.0,0,1557890044495,20664433,344
2019-05-15 12:07:41.689,16.0,buy,7934.78,BTC-28JUN19-12000-C,109.81,0.0335,16.0,2,1557922061689,20706251,345
2019-05-15 12:07:41.689,4.0,buy,7934.78,BTC-28JUN19-12000-C,109.81,0.0335,4.0,3,1557922061689,20706252,346
2019-05-15 18:17:28.743,10.0,sell,8077.87,BTC-28JUN19-12000-C,96.83,0.024,10.0,2,1557944248743,20750198,347
2019-05-16 12:56:10.034,6.1000000000000005,sell,7801.18,BTC-28JUN19-12000-C,99.37,0.0215,6.1000000000000005,2,1558011370034,20926915,348
2019-05-16 16:41:22.518,0.2,sell,7931.5,BTC-28JUN19-12000-C,103.1,0.0265,0.2,0,1558024882518,20953244,349
2019-05-17 12:41:14.070,0.3,buy,7042.06,BTC-28JUN19-12000-C,106.47,0.0155,0.3,2,1558096874070,21170769,350
2019-05-17 15:34:37.182,1.0,buy,7139.29,BTC-28JUN19-12000-C,106.72,0.0165,1.0,0,1558107277182,21187675,351
2019-05-17 17:59:30.610,10.0,sell,7052.8,BTC-28JUN19-12000-C,108.89,0.0165,10.0,1,1558115970610,21211536,352
2019-05-18 14:34:14.129,2.7,buy,7356.56,BTC-28JUN19-12000-C,112.45,0.0215,2.7,0,1558190054129,21301972,353
2019-05-19 02:07:38.266,0.2,buy,7776.15,BTC-28JUN19-12000-C,101.79,0.0195,0.2,2,1558231658266,21344799,354
2019-05-19 23:05:53.263,0.3,buy,8286.33,BTC-28JUN19-12000-C,103.7,0.031,0.3,0,1558307153263,21474520,355
2019-05-19 23:23:52.263,3.0,buy,8240.19,BTC-28JUN19-12000-C,108.08,0.034,3.0,0,1558308232263,21479969,356
2019-05-19 23:23:52.263,29.6,buy,8240.19,BTC-28JUN19-12000-C,108.08,0.034,29.6,1,1558308232263,21479970,357
2019-05-19 23:23:52.263,3.0,buy,8240.19,BTC-28JUN19-12000-C,108.08,0.034,3.0,1,1558308232263,21479971,358
2019-05-19 23:23:52.267,25.0,sell,8240.19,BTC-28JUN19-12000-C,108.08,0.034,25.0,1,1558308232267,21479972,359
2019-05-19 23:30:01.192,12.8,sell,8258.16,BTC-28JUN19-12000-C,107.85,0.034,12.8,1,1558308601192,21481427,360
2019-05-19 23:31:56.765,25.0,sell,8225.36,BTC-28JUN19-12000-C,108.61,0.034,25.0,1,1558308716765,21481930,361
2019-05-19 23:31:57.165,1.6,sell,8225.22,BTC-28JUN19-12000-C,108.63,0.034,1.6,1,1558308717165,21481932,362
2019-05-20 00:06:20.103,25.0,sell,7979.71,BTC-28JUN19-12000-C,109.33,0.03,25.0,2,1558310780103,21489474,363
2019-05-20 00:06:20.696,25.0,sell,7980.55,BTC-28JUN19-12000-C,109.33,0.03,25.0,3,1558310780696,21489512,364
2019-05-20 17:22:20.112,1.0,sell,7845.57,BTC-28JUN19-12000-C,110.47,0.027000000000000003,1.0,2,1558372940112,21604285,365
2019-05-21 06:31:25.727,1.0,buy,7922.21,BTC-28JUN19-12000-C,104.74,0.023,1.0,2,1558420285727,21673547,366
2019-05-21 12:36:11.706,16.7,sell,7865.36,BTC-28JUN19-12000-C,107.43,0.024,16.7,0,1558442171706,21691124,367
2019-05-21 12:36:19.575,8.3,sell,7867.55,BTC-28JUN19-12000-C,107.38,0.024,8.3,1,1558442179575,21691126,368
2019-05-22 12:29:19.372,2.0,sell,7834.35,BTC-28JUN19-12000-C,104.03,0.02,2.0,2,1558528159372,21770468,369
2019-05-22 14:13:42.409,0.1,sell,7869.9,BTC-28JUN19-12000-C,98.97,0.017,0.1,2,1558534422409,21775767,370
2019-05-22 22:28:36.661,1.0,buy,7717.49,BTC-28JUN19-12000-C,102.82,0.017,1.0,3,1558564116661,21841011,371
2019-05-22 23:30:34.056,5.0,buy,7712.86,BTC-28JUN19-12000-C,108.18,0.0205,5.0,0,1558567834056,21847047,372
2019-05-22 23:48:31.785,5.0,buy,7662.83,BTC-28JUN19-12000-C,106.16,0.0185,5.0,2,1558568911785,21849244,373
2019-05-23 17:10:14.605,0.1,buy,7849.59,BTC-28JUN19-12000-C,100.03,0.016,0.1,2,1558631414605,21920826,374
2019-05-23 17:10:14.605,0.2,buy,7849.59,BTC-28JUN19-12000-C,100.83,0.0165,0.2,0,1558631414605,21920827,375
2019-05-24 01:45:02.845,1.0,buy,7889.18,BTC-28JUN19-12000-C,99.84,0.0165,1.0,1,1558662302845,21957139,376
2019-05-24 07:21:34.970,1.9,buy,7879.38,BTC-28JUN19-12000-C,100.18,0.0165,1.9,0,1558682494970,21967615,378
2019-05-24 07:21:34.970,0.1,buy,7879.38,BTC-28JUN19-12000-C,99.37,0.016,0.1,2,1558682494970,21967614,377
2019-05-24 08:21:09.048,2.0,buy,7993.2,BTC-28JUN19-12000-C,96.24,0.0155,2.0,2,1558686069048,21971707,379
2019-05-24 13:32:22.488,1.0,sell,7995.62,BTC-28JUN19-12000-C,95.67,0.015,1.0,3,1558704742488,21989336,381
2019-05-24 13:32:22.488,2.0,sell,7995.62,BTC-28JUN19-12000-C,95.67,0.015,2.0,2,1558704742488,21989335,380
2019-05-24 15:18:36.461,1.0,buy,8136.9,BTC-28JUN19-12000-C,95.71,0.017,1.0,0,1558711116461,21997258,382
2019-05-25 00:34:24.200,20.0,buy,7994.29,BTC-28JUN19-12000-C,99.4,0.017,20.0,1,1558744464200,22031305,383
2019-05-25 10:06:37.778,0.1,buy,8110.86,BTC-28JUN19-12000-C,97.13,0.017,0.1,1,1558778797778,22047343,384
2019-05-25 14:52:33.950,0.5,sell,8064.39,BTC-28JUN19-12000-C,95.29,0.015,0.5,2,1558795953950,22059667,385
2019-05-25 17:39:32.080,0.1,sell,8045.02,BTC-28JUN19-12000-C,96.05,0.015,0.1,3,1558805972080,22064940,386
2019-05-25 17:40:03.844,0.1,sell,8042.86,BTC-28JUN19-12000-C,96.1,0.015,0.1,3,1558806003844,22064950,387
2019-05-25 17:40:06.696,0.1,sell,8042.83,BTC-28JUN19-12000-C,96.1,0.015,0.1,3,1558806006696,22064951,388
2019-05-25 17:40:11.897,0.1,sell,8043.44,BTC-28JUN19-12000-C,96.09,0.015,0.1,3,1558806011897,22064955,389
2019-05-25 19:15:46.141,29.1,sell,8045.4,BTC-28JUN19-12000-C,96.21,0.015,29.1,3,1558811746141,22069279,390
2019-05-25 21:27:24.112,0.3,sell,8064.22,BTC-28JUN19-12000-C,92.31,0.013,0.3,2,1558819644112,22074880,391
2019-05-26 01:02:58.787,1.0,sell,8057.3,BTC-28JUN19-12000-C,94.44,0.014,1.0,0,1558832578787,22079127,392
2019-05-26 04:33:19.978,0.3,sell,8037.71,BTC-28JUN19-12000-C,93.32,0.013,0.3,2,1558845199978,22084623,393
2019-05-26 05:22:05.384,1.4,sell,8011.24,BTC-28JUN19-12000-C,94.02,0.013,1.4,3,1558848125384,22085351,394
2019-05-26 05:22:05.384,0.1,sell,8011.24,BTC-28JUN19-12000-C,94.02,0.013,0.1,3,1558848125384,22085352,395
2019-05-26 07:20:32.723,1.0,sell,7996.31,BTC-28JUN19-12000-C,91.64,0.0115,1.0,2,1558855232723,22090618,396
2019-05-26 08:38:02.252,0.3,sell,7998.43,BTC-28JUN19-12000-C,91.66,0.0115,0.3,3,1558859882252,22092472,397
2019-05-26 11:13:59.070,1.0,sell,7967.41,BTC-28JUN19-12000-C,91.49,0.011,1.0,2,1558869239070,22095994,398
2019-05-26 11:14:05.189,20.0,sell,7967.53,BTC-28JUN19-12000-C,91.49,0.011,20.0,3,1558869245189,22095997,399
2019-05-26 13:34:13.618,1.0,buy,7963.87,BTC-28JUN19-12000-C,92.68,0.0115,1.0,0,1558877653618,22103649,400
2019-05-26 14:56:25.216,2.0,sell,8007.73,BTC-28JUN19-12000-C,90.93,0.011,2.0,2,1558882585216,22106499,401
2019-05-26 15:03:35.190,3.0,sell,7998.65,BTC-28JUN19-12000-C,91.03,0.011,3.0,3,1558883015190,22106855,402
2019-05-26 16:44:27.968,25.0,sell,7993.03,BTC-28JUN19-12000-C,89.58,0.01,25.0,2,1558889067968,22109774,403
2019-05-26 19:16:08.744,1.0,buy,8092.81,BTC-28JUN19-12000-C,88.39,0.0105,1.0,0,1558898168744,22114205,404
2019-05-26 19:26:07.969,0.1,buy,8157.87,BTC-28JUN19-12000-C,88.09,0.011,0.1,0,1558898767969,22116263,405
2019-05-26 19:29:20.662,1.0,buy,8242.18,BTC-28JUN19-12000-C,87.52,0.012,1.0,0,1558898960662,22121431,406
2019-05-26 21:12:46.785,25.0,sell,8624.01,BTC-28JUN19-12000-C,87.67,0.0185,25.0,0,1558905166785,22202191,407
2019-05-26 21:13:13.625,10.0,sell,8628.09,BTC-28JUN19-12000-C,86.84,0.018000000000000002,10.0,2,1558905193625,22202268,408
2019-05-26 21:21:48.523,20.0,sell,8597.91,BTC-28JUN19-12000-C,91.89,0.021,20.0,0,1558905708523,22204127,409
2019-05-26 21:22:15.532,1.0,buy,8603.44,BTC-28JUN19-12000-C,96.28,0.0245,1.0,0,1558905735532,22204235,410
2019-05-26 21:26:18.396,15.0,sell,8623.15,BTC-28JUN19-12000-C,92.98,0.0225,15.0,2,1558905978396,22205122,411
2019-05-26 21:26:26.245,15.0,buy,8619.74,BTC-28JUN19-12000-C,92.98,0.0225,15.0,3,1558905986245,22205157,412
2019-05-26 22:09:24.462,30.0,sell,8659.11,BTC-28JUN19-12000-C,88.62,0.02,30.0,2,1558908564462,22213068,413
2019-05-26 22:20:22.484,4.0,sell,8732.59,BTC-28JUN19-12000-C,88.46,0.021,4.0,0,1558909222484,22217500,414
2019-05-27 01:00:44.158,21.9,buy,8909.84,BTC-28JUN19-12000-C,97.11,0.03,21.9,0,1558918844158,22253897,415
2019-05-27 01:00:44.210,3.1,buy,8909.84,BTC-28JUN19-12000-C,97.11,0.03,3.1,1,1558918844210,22253898,416
2019-05-27 04:33:11.800,1.0,sell,8711.28,BTC-28JUN19-12000-C,96.53,0.026,1.0,2,1558931591800,22274085,417
2019-05-27 06:50:20.752,1.0,sell,8755.13,BTC-28JUN19-12000-C,100.14,0.03,1.0,0,1558939820752,22278342,418
2019-05-27 14:16:57.748,2.0,buy,8780.19,BTC-28JUN19-12000-C,100.06,0.03,2.0,1,1558966617748,22305519,419
2019-05-27 14:39:47.129,11.3,buy,8818.53,BTC-28JUN19-12000-C,97.76,0.029,11.3,2,1558967987129,22307010,420
2019-05-27 14:40:05.467,5.0,sell,8817.3,BTC-28JUN19-12000-C,96.6,0.028,5.0,2,1558968005467,22307045,421
2019-05-27 14:40:05.467,18.5,sell,8817.3,BTC-28JUN19-12000-C,96.6,0.028,18.5,3,1558968005467,22307046,422
2019-05-27 14:40:05.467,5.0,sell,8817.3,BTC-28JUN19-12000-C,96.6,0.028,5.0,3,1558968005467,22307047,423
2019-05-27 14:40:21.186,13.7,buy,8811.52,BTC-28JUN19-12000-C,97.98,0.029,13.7,0,1558968021186,22307077,424
2019-05-28 05:49:40.063,1.0,sell,8731.33,BTC-28JUN19-12000-C,101.33,0.029,1.0,1,1559022580063,22379758,425
2019-05-28 12:20:08.176,5.0,buy,8728.28,BTC-28JUN19-12000-C,100.31,0.0275,5.0,2,1559046008176,22402654,426
2019-05-28 18:04:14.685,10.0,sell,8745.93,BTC-28JUN19-12000-C,98.17,0.0255,10.0,2,1559066654685,22434739,427
2019-05-29 01:33:07.285,10.0,sell,8677.68,BTC-28JUN19-12000-C,96.94,0.0225,10.0,2,1559093587285,22456319,428
2019-05-29 01:49:07.204,1.1,buy,8683.85,BTC-28JUN19-12000-C,101.46,0.026,1.1,0,1559094547204,22456541,429
2019-05-29 02:16:26.148,5.0,sell,8652.74,BTC-28JUN19-12000-C,96.37,0.0215,5.0,3,1559096186148,22457902,431
2019-05-29 02:16:26.148,29.3,sell,8652.74,BTC-28JUN19-12000-C,96.37,0.0215,29.3,2,1559096186148,22457901,430
2019-05-29 02:16:47.398,10.0,sell,8650.06,BTC-28JUN19-12000-C,95.76,0.021,10.0,2,1559096207398,22457956,432
2019-05-29 02:16:47.398,29.3,sell,8650.06,BTC-28JUN19-12000-C,95.76,0.021,29.3,3,1559096207398,22457957,433
2019-05-29 02:16:47.400,1.4,buy,8650.06,BTC-28JUN19-12000-C,95.76,0.021,1.4,3,1559096207400,22457958,434
2019-05-30 10:36:07.240,2.0,buy,8752.22,BTC-28JUN19-12000-C,93.91,0.02,2.0,2,1559212567240,22595947,435
2019-05-30 12:23:03.074,1.0,sell,8723.35,BTC-28JUN19-12000-C,93.94,0.019,1.0,2,1559218983074,22601036,436
2019-05-30 18:04:12.331,0.2,sell,8624.07,BTC-28JUN19-12000-C,92.66,0.016,0.2,2,1559239452331,22671194,437
2019-05-31 01:05:40.259,3.0,sell,8314.26,BTC-28JUN19-12000-C,94.89,0.0125,3.0,2,1559264740259,22757288,438
2019-05-31 09:24:18.527,24.0,sell,8297.77,BTC-28JUN19-12000-C,91.15,0.01,24.0,2,1559294658527,22787053,439
2019-05-31 14:17:48.706,0.1,sell,8392.98,BTC-28JUN19-12000-C,89.1,0.01,0.1,3,1559312268706,22809704,440
2019-05-31 19:47:50.036,5.0,buy,8428.23,BTC-28JUN19-12000-C,88.02,0.01,5.0,3,1559332070036,22834679,441
2019-05-31 21:18:28.804,2.0,buy,8534.47,BTC-28JUN19-12000-C,97.27,0.0165,2.0,0,1559337508804,22844482,442
2019-06-01 05:42:37.465,30.0,buy,8522.56,BTC-28JUN19-12000-C,90.71,0.0125,30.0,2,1559367757465,22865868,443
2019-06-02 08:38:53.839,7.5,buy,8745.06,BTC-28JUN19-12000-C,85.31,0.011,7.5,2,1559464733839,22925959,444
2019-06-02 08:38:54.323,16.5,buy,8745.06,BTC-28JUN19-12000-C,85.31,0.011,16.5,3,1559464734323,22925962,445
2019-06-02 12:02:31.413,2.0,buy,8810.7,BTC-28JUN19-12000-C,85.95,0.012,2.0,0,1559476951413,22932690,446
2019-06-02 12:46:46.412,0.1,buy,8826.36,BTC-28JUN19-12000-C,86.79,0.0125,0.1,0,1559479606412,22936723,447
2019-06-02 14:41:16.722,24.0,sell,8694.21,BTC-28JUN19-12000-C,85.16,0.01,24.0,2,1559486476722,22949154,448
2019-06-03 09:05:35.823,0.5,buy,8460.32,BTC-28JUN19-12000-C,90.48,0.0095,0.5,2,1559552735823,23012121,449
2019-06-03 14:52:38.377,0.5,sell,8397.71,BTC-28JUN19-12000-C,88.09,0.0075,0.5,2,1559573558377,23038760,450
2019-06-03 16:22:47.055,1.0,buy,8510.05,BTC-28JUN19-12000-C,88.17,0.0085,1.0,0,1559578967055,23052576,451
2019-06-04 13:30:48.830,10.0,sell,7981.4,BTC-28JUN19-12000-C,88.54,0.004,10.0,2,1559655048830,23210809,452
2019-06-04 17:27:56.281,2.0,sell,7824.39,BTC-28JUN19-12000-C,85.22,0.0025,2.0,2,1559669276281,23237739,453
2019-06-04 17:27:56.281,10.0,sell,7824.39,BTC-28JUN19-12000-C,85.22,0.0025,10.0,3,1559669276281,23237740,454
2019-06-04 19:58:09.111,10.0,sell,7625.44,BTC-28JUN19-12000-C,86.4,0.002,10.0,2,1559678289111,23288970,455
2019-06-04 21:55:42.128,1.3,buy,7511.54,BTC-28JUN19-12000-C,94.87,0.003,1.3,0,1559685342128,23300940,456
2019-06-04 22:26:42.421,24.0,buy,7621.63,BTC-28JUN19-12000-C,94.84,0.0035,24.0,1,1559687202421,23315195,459
2019-06-04 22:26:42.421,7.3,buy,7621.63,BTC-28JUN19-12000-C,97.07,0.004,7.3,0,1559687202421,23315196,460
2019-06-04 22:26:42.421,8.700000000000001,buy,7621.63,BTC-28JUN19-12000-C,92.41,0.003,8.700000000000001,1,1559687202421,23315193,457
2019-06-04 22:26:42.421,10.0,buy,7621.63,BTC-28JUN19-12000-C,94.84,0.0035,10.0,0,1559687202421,23315194,458
2019-06-05 07:22:48.556,10.0,sell,7764.38,BTC-28JUN19-12000-C,84.28,0.002,10.0,2,1559719368556,23339497,461
2019-06-05 16:48:24.854,5.0,buy,7770.15,BTC-28JUN19-12000-C,88.05,0.0025,5.0,0,1559753304854,23382380,462
2019-06-05 17:36:30.408,0.8,buy,7817.93,BTC-28JUN19-12000-C,87.06,0.0025,0.8,1,1559756190408,23385969,463
2019-06-05 17:39:39.946,2.0,buy,7804.76,BTC-28JUN19-12000-C,87.39,0.0025,2.0,1,1559756379946,23386252,464
2019-06-05 22:54:03.709,3.0,buy,7763.59,BTC-28JUN19-12000-C,85.61,0.002,3.0,2,1559775243709,23425863,465
2019-06-06 14:44:20.062,4.0,sell,7683.69,BTC-28JUN19-12000-C,80.99,0.001,4.0,2,1559832260062,23477312,466
2019-06-06 14:44:20.062,1.0,sell,7683.69,BTC-28JUN19-12000-C,80.99,0.001,1.0,3,1559832260062,23477313,467
2019-06-07 08:43:38.663,1.0,buy,7982.9,BTC-28JUN19-12000-C,89.78,0.003,1.0,0,1559897018663,23580050,468
2019-06-07 15:30:59.761,0.1,sell,7938.04,BTC-28JUN19-12000-C,85.58,0.002,0.1,2,1559921459761,23591996,469
2019-06-07 16:27:08.056,10.0,buy,8060.76,BTC-28JUN19-12000-C,83.08,0.002,10.0,3,1559924828056,23597232,471
2019-06-07 16:27:08.056,1.0,buy,8060.76,BTC-28JUN19-12000-C,83.08,0.002,1.0,3,1559924828056,23597231,470
2019-06-08 02:45:03.078,18.0,sell,7977.62,BTC-28JUN19-12000-C,77.87,0.001,18.0,2,1559961903078,23636947,472
2019-06-09 01:53:27.993,0.1,buy,7892.01,BTC-28JUN19-12000-C,90.56,0.002,0.1,0,1560045207993,23689213,473
2019-06-09 22:05:12.829,1.0,sell,7624.86,BTC-28JUN19-12000-C,89.65,0.001,1.0,2,1560117912829,23756044,474
2019-06-09 22:10:32.547,1.0,sell,7581.71,BTC-28JUN19-12000-C,90.69,0.001,1.0,3,1560118232547,23759998,475
2019-06-09 22:10:32.547,0.5,sell,7581.71,BTC-28JUN19-12000-C,90.69,0.001,0.5,3,1560118232547,23759999,476
2019-06-10 11:48:58.520,2.0,buy,7961.82,BTC-28JUN19-12000-C,88.11,0.0015,2.0,0,1560167338520,23834240,477
2019-06-10 18:29:30.705,1.0,sell,7947.92,BTC-28JUN19-12000-C,84.1,0.001,1.0,2,1560191370705,23871307,478
2019-06-11 12:35:22.233,0.5,buy,7774.86,BTC-28JUN19-12000-C,90.67,0.001,0.5,3,1560256522233,23924654,479
2019-06-11 13:04:16.727,1.0,sell,7805.6,BTC-28JUN19-12000-C,82.56,0.0005,1.0,2,1560258256727,23926008,480
2019-06-11 15:57:41.307,6.0,buy,7789.89,BTC-28JUN19-12000-C,95.85,0.0015,6.0,0,1560268661307,23936303,481
2019-06-11 16:04:08.389,3.1,buy,7797.51,BTC-28JUN19-12000-C,95.69,0.0015,3.1,1,1560269048389,23936614,482
2019-06-11 16:04:12.101,3.1,buy,7797.51,BTC-28JUN19-12000-C,95.69,0.0015,3.1,1,1560269052101,23936615,483
2019-06-11 16:04:23.317,2.1,buy,7799.31,BTC-28JUN19-12000-C,95.67,0.0015,2.1,1,1560269063317,23936629,484
2019-06-11 18:32:03.945,29.0,sell,7880.17,BTC-28JUN19-12000-C,81.24,0.0005,29.0,2,1560277923945,23951964,485
2019-06-11 18:32:03.945,5.4,sell,7880.17,BTC-28JUN19-12000-C,81.24,0.0005,5.4,3,1560277923945,23951965,486
2019-06-12 10:21:21.361,2.0,sell,8011.0,BTC-28JUN19-12000-C,87.57,0.001,2.0,0,1560334881361,23996190,487
2019-06-12 11:39:20.109,2.0,sell,8006.02,BTC-28JUN19-12000-C,87.66,0.001,2.0,1,1560339560109,23998735,488
2019-06-12 15:22:09.585,1.0,sell,8194.43,BTC-28JUN19-12000-C,83.57,0.001,1.0,1,1560352929585,24024376,489
2019-06-12 20:01:52.689,1.0,sell,8161.77,BTC-28JUN19-12000-C,90.0,0.0015,1.0,0,1560369712689,24038493,490
2019-06-13 14:05:29.004,3.0,sell,8158.42,BTC-28JUN19-12000-C,86.84,0.001,3.0,2,1560434729004,24075481,491
2019-06-13 19:33:53.089,0.1,buy,8268.12,BTC-28JUN19-12000-C,89.96,0.0015,0.1,0,1560454433089,24092131,492
2019-06-13 22:16:06.892,1.0,buy,8317.42,BTC-28JUN19-12000-C,89.12,0.0015,1.0,1,1560464166892,24100625,493
2019-06-14 00:27:37.076,0.5,sell,8222.71,BTC-28JUN19-12000-C,79.27,0.0005,0.5,2,1560472057076,24106950,494
2019-06-14 00:27:37.076,19.0,sell,8222.71,BTC-28JUN19-12000-C,79.27,0.0005,19.0,3,1560472057076,24106951,495
2019-06-14 00:27:37.076,8.9,sell,8222.71,BTC-28JUN19-12000-C,79.27,0.0005,8.9,3,1560472057076,24106952,496
2019-06-14 10:21:58.409,8.9,buy,8297.1,BTC-28JUN19-12000-C,91.42,0.0015,8.9,0,1560507718409,24125996,497
2019-06-14 10:21:58.409,21.1,buy,8297.1,BTC-28JUN19-12000-C,91.42,0.0015,21.1,1,1560507718409,24125997,498
2019-06-14 12:36:47.396,1.0,sell,8355.95,BTC-28JUN19-12000-C,85.1,0.001,1.0,2,1560515807396,24132939,499
2019-06-14 12:37:41.502,30.0,buy,8360.52,BTC-28JUN19-12000-C,90.08,0.0015,30.0,0,1560515861502,24133029,500
2019-06-14 17:50:21.947,0.5,sell,8387.61,BTC-28JUN19-12000-C,85.15,0.001,0.5,2,1560534621947,24153850,501
2019-06-14 21:06:51.411,5.0,buy,8539.02,BTC-28JUN19-12000-C,87.07,0.0015,5.0,0,1560546411411,24164955,502
2019-06-14 21:14:03.517,2.0,sell,8626.6,BTC-28JUN19-12000-C,85.07,0.0015,2.0,1,1560546843517,24169142,503
2019-06-14 21:14:03.517,3.0,sell,8626.6,BTC-28JUN19-12000-C,85.07,0.0015,3.0,1,1560546843517,24169143,504
2019-06-14 21:25:12.614,1.0,sell,8603.66,BTC-28JUN19-12000-C,85.54,0.0015,1.0,1,1560547512614,24172283,505
2019-06-14 22:35:37.099,1.0,sell,8625.68,BTC-28JUN19-12000-C,85.01,0.0015,1.0,1,1560551737099,24180125,506
2019-06-14 22:35:37.099,2.0,sell,8625.68,BTC-28JUN19-12000-C,85.01,0.0015,2.0,1,1560551737099,24180126,507
2019-06-15 02:20:31.082,1.0,sell,8670.01,BTC-28JUN19-12000-C,88.18,0.002,1.0,0,1560565231082,24191684,508
2019-06-16 01:35:52.046,0.1,buy,8985.7,BTC-28JUN19-12000-C,82.92,0.002,0.1,1,1560648952046,24266075,509
2019-06-16 01:35:52.046,0.4,buy,8985.7,BTC-28JUN19-12000-C,86.22,0.0025,0.4,0,1560648952046,24266076,510
2019-06-16 01:35:52.046,0.5,buy,8985.7,BTC-28JUN19-12000-C,86.22,0.0025,0.5,1,1560648952046,24266077,511
2019-06-16 01:37:00.831,0.4,buy,8981.65,BTC-28JUN19-12000-C,86.33,0.0025,0.4,1,1560649020831,24266289,512
2019-06-16 02:41:51.515,6.0,buy,8989.46,BTC-28JUN19-12000-C,85.71,0.0025,6.0,1,1560652911515,24273368,513
2019-06-16 04:25:28.310,0.1,buy,9013.24,BTC-28JUN19-12000-C,85.16,0.0025,0.1,1,1560659128310,24277721,514
2019-06-16 04:59:36.723,1.0,buy,9104.05,BTC-28JUN19-12000-C,85.61,0.003,1.0,0,1560661176723,24282307,515
2019-06-16 05:15:44.882,1.4,buy,9185.9,BTC-28JUN19-12000-C,83.0,0.003,1.4,1,1560662144882,24290345,516
2019-06-16 05:24:14.128,0.4,buy,9166.83,BTC-28JUN19-12000-C,83.4,0.003,0.4,1,1560662654128,24292150,517
2019-06-16 05:24:15.036,0.4,buy,9166.83,BTC-28JUN19-12000-C,83.4,0.003,0.4,1,1560662655036,24292154,518
2019-06-16 05:24:23.100,0.4,buy,9167.14,BTC-28JUN19-12000-C,83.37,0.003,0.4,1,1560662663100,24292210,519
2019-06-16 05:25:04.588,6.4,buy,9163.54,BTC-28JUN19-12000-C,83.44,0.003,6.4,1,1560662704588,24292399,520
2019-06-16 05:53:00.002,10.0,buy,9285.21,BTC-28JUN19-12000-C,89.29,0.005,10.0,0,1560664380002,24297402,521
2019-06-16 07:41:35.363,0.3,sell,9299.77,BTC-28JUN19-12000-C,79.78,0.003,0.3,2,1560670895363,24313829,522
2019-06-16 10:26:50.496,2.0,sell,9125.2,BTC-28JUN19-12000-C,70.44,0.001,2.0,2,1560680810496,24349596,523
2019-06-16 11:01:25.622,0.5,buy,9098.06,BTC-28JUN19-12000-C,98.69,0.006,0.5,0,1560682885622,24351894,524
2019-06-16 11:01:25.622,0.5,buy,9098.06,BTC-28JUN19-12000-C,100.52,0.0065,0.5,0,1560682885622,24351895,525
2019-06-16 19:25:10.675,1.0,sell,9023.35,BTC-28JUN19-12000-C,86.01,0.0025,1.0,2,1560713110675,24404071,526
2019-06-17 06:12:19.768,1.0,buy,9182.59,BTC-28JUN19-12000-C,96.95,0.005,1.0,0,1560751939768,24466565,527
2019-06-17 06:12:19.768,1.8,buy,9182.59,BTC-28JUN19-12000-C,100.97,0.006,1.8,0,1560751939768,24466566,528
2019-06-17 14:58:26.379,1.0,buy,9374.87,BTC-28JUN19-12000-C,98.09,0.0065,1.0,0,1560783506379,24507833,529
2019-06-17 14:58:26.379,2.0,buy,9374.87,BTC-28JUN19-12000-C,98.09,0.0065,2.0,1,1560783506379,24507834,530
2019-06-17 20:09:36.847,2.0,buy,9364.11,BTC-28JUN19-12000-C,102.6,0.0075,2.0,0,1560802176847,24554176,531
2019-06-17 20:09:36.847,3.0,buy,9364.11,BTC-28JUN19-12000-C,105.91,0.0085,3.0,0,1560802176847,24554177,532
2019-06-17 20:10:03.043,5.0,buy,9359.25,BTC-28JUN19-12000-C,106.13,0.0085,5.0,1,1560802203043,24554227,533
2019-06-18 02:04:12.372,7.0,buy,9283.53,BTC-28JUN19-12000-C,106.11,0.0075,7.0,2,1560823452372,24609640,534
2019-06-18 02:05:52.262,1.0,sell,9284.25,BTC-28JUN19-12000-C,98.67,0.0055,1.0,2,1560823552262,24609690,535
2019-06-18 02:05:52.262,4.3,sell,9284.25,BTC-28JUN19-12000-C,98.67,0.0055,4.3,3,1560823552262,24609691,536
2019-06-18 02:05:52.262,2.7,sell,9284.25,BTC-28JUN19-12000-C,98.67,0.0055,2.7,3,1560823552262,24609692,537
2019-06-18 02:08:45.780,6.0,sell,9288.18,BTC-28JUN19-12000-C,98.65,0.0055,6.0,3,1560823725780,24609768,538
2019-06-18 02:09:15.664,6.0,buy,9291.21,BTC-28JUN19-12000-C,98.43,0.0055,6.0,3,1560823755664,24609805,539
2019-06-18 05:33:32.412,3.2,sell,9170.95,BTC-28JUN19-12000-C,103.17,0.0055,3.2,3,1560836012412,24620987,540
2019-06-18 05:48:36.873,50.0,sell,9139.78,BTC-28JUN19-12000-C,97.4,0.004,50.0,2,1560836916873,24623554,541
2019-06-18 05:48:36.873,15.0,sell,9139.78,BTC-28JUN19-12000-C,97.4,0.004,15.0,3,1560836916873,24623555,542
2019-06-18 05:48:36.873,30.0,sell,9139.78,BTC-28JUN19-12000-C,97.4,0.004,30.0,3,1560836916873,24623556,543
2019-06-18 13:56:04.400,0.8,buy,9180.2,BTC-28JUN19-12000-C,95.03,0.0035,0.8,2,1560866164400,24650759,544
2019-06-18 13:56:31.541,1.2,buy,9179.05,BTC-28JUN19-12000-C,97.66,0.004,1.2,0,1560866191541,24650769,545
2019-06-18 21:44:42.544,1.0,buy,9065.56,BTC-28JUN19-12000-C,94.65,0.0025,1.0,2,1560894282544,24693767,546
2019-06-19 09:32:03.963,1.0,buy,9127.93,BTC-28JUN19-12000-C,95.15,0.0025,1.0,3,1560936723963,24726071,547
2019-06-19 12:19:02.783,12.0,sell,9113.18,BTC-28JUN19-12000-C,92.14,0.002,12.0,2,1560946742783,24732260,548
2019-06-19 21:58:47.068,0.1,buy,9225.43,BTC-28JUN19-12000-C,94.73,0.0025,0.1,0,1560981527068,24762834,549
2019-06-19 23:55:16.161,10.0,buy,9289.74,BTC-28JUN19-12000-C,101.37,0.004,10.0,0,1560988516161,24777475,550
2019-06-20 05:58:24.005,2.0,sell,9296.31,BTC-28JUN19-12000-C,90.25,0.002,2.0,2,1561010304005,24790485,551
2019-06-20 09:23:25.814,0.7000000000000001,buy,9253.84,BTC-28JUN19-12000-C,103.12,0.0035,0.7000000000000001,0,1561022605814,24800379,552
