date_utc,amount,direction,indexPrice,instrument,iv,price,quantity,tickDirection,timeStamp,tradeId,tradeSeq
2019-03-28 07:09:18.880,0.1,buy,4009.55,BTC-27DEC19-4500-P,58.67,0.2885,0.1,1,1553756958880,16922235,1
2019-03-28 22:52:32.589,0.1,sell,4011.1,BTC-27DEC19-4500-P,59.02,0.2885,0.1,1,1553813552589,16928741,2
2019-03-28 22:53:10.654,0.4,sell,4011.05,BTC-27DEC19-4500-P,59.02,0.2885,0.4,1,1553813590654,16928742,3
2019-03-28 22:54:35.499,0.5,sell,4010.49,BTC-27DEC19-4500-P,59.01,0.2885,0.5,1,1553813675499,16928756,4
2019-03-28 22:57:14.156,1.5,sell,4010.55,BTC-27DEC19-4500-P,59.02,0.2885,1.5,1,1553813834156,16928764,5
2019-03-29 09:03:08.978,0.1,sell,4031.14,BTC-27DEC19-4500-P,54.72,0.2675,0.1,2,1553850188978,16942033,6
2019-03-31 20:48:20.062,0.1,sell,4092.5,BTC-27DEC19-4500-P,48.42,0.2335,0.1,2,1554065300062,16991702,7
2019-04-02 03:58:02.135,0.1,sell,4174.14,BTC-27DEC19-4500-P,56.02,0.2465,0.1,0,1554177482135,17018190,8
2019-04-02 04:18:37.453,0.1,buy,4177.99,BTC-27DEC19-4500-P,56.48,0.248,0.1,0,1554178717453,17018465,9
2019-04-02 04:20:38.232,0.1,buy,4177.1,BTC-27DEC19-4500-P,56.48,0.248,0.1,1,1554178838232,17018470,10
2019-04-02 10:18:24.538,10.0,buy,4784.57,BTC-27DEC19-4500-P,58.43,0.16399999999999998,10.0,2,1554200304538,17103915,11
2019-04-02 10:18:59.300,10.0,buy,4784.15,BTC-27DEC19-4500-P,58.87,0.1655,10.0,0,1554200339300,17103950,12
2019-04-02 10:19:24.065,10.0,buy,4783.81,BTC-27DEC19-4500-P,59.33,0.16699999999999998,10.0,0,1554200364065,17103964,13
2019-04-02 10:22:02.373,3.0,buy,4769.39,BTC-27DEC19-4500-P,59.72,0.1695,3.0,0,1554200522373,17104217,14
2019-04-02 10:22:02.373,7.0,buy,4769.39,BTC-27DEC19-4500-P,59.88,0.17,7.0,0,1554200522373,17104218,15
2019-04-02 10:22:44.422,9.8,buy,4757.97,BTC-27DEC19-4500-P,59.71,0.1705,9.8,0,1554200564422,17104343,16
2019-04-02 10:22:46.795,0.2,sell,4757.03,BTC-27DEC19-4500-P,59.68,0.1705,0.2,1,1554200566795,17104359,17
2019-04-03 05:12:43.063,3.0,buy,4933.52,BTC-27DEC19-4500-P,65.65,0.1715,3.0,0,1554268363063,17187766,18
2019-04-03 05:17:18.322,1.6,buy,4943.3,BTC-27DEC19-4500-P,66.57,0.17300000000000001,1.6,0,1554268638322,17187886,19
2019-04-04 00:13:53.174,5.8,buy,4974.04,BTC-27DEC19-4500-P,64.83,0.16399999999999998,5.8,2,1554336833174,17279631,20
2019-04-07 14:41:05.998,5.0,buy,5137.06,BTC-27DEC19-4500-P,65.1,0.1435,5.0,2,1554648065998,17468358,21
2019-04-08 00:55:11.119,7.9,sell,5250.22,BTC-27DEC19-4500-P,65.25,0.1355,7.9,2,1554684911119,17498965,22
2019-04-10 05:03:57.407,0.1,buy,5233.77,BTC-27DEC19-4500-P,63.47,0.1315,0.1,2,1554872637407,17591712,23
2019-04-10 14:17:42.662,1.0,sell,5266.28,BTC-27DEC19-4500-P,63.43,0.129,1.0,2,1554905862662,17601903,24
2019-04-11 08:13:55.804,10.0,buy,5180.09,BTC-27DEC19-4500-P,67.71,0.15,10.0,0,1554970435804,17672898,25
2019-04-11 08:13:55.807,5.0,sell,5180.09,BTC-27DEC19-4500-P,78.02,0.18,5.0,0,1554970435807,17672899,26
2019-04-11 20:24:20.882,1.0,buy,5058.31,BTC-27DEC19-4500-P,60.0,0.1405,1.0,2,1555014260882,17715045,27
2019-04-15 20:41:46.164,5.0,sell,5019.21,BTC-27DEC19-4500-P,61.39,0.1445,5.0,0,1555360906164,17843949,28
2019-04-15 20:41:52.458,5.0,sell,5020.64,BTC-27DEC19-4500-P,61.28,0.14400000000000002,5.0,2,1555360912458,17843962,29
2019-04-15 20:42:53.957,5.0,sell,5018.93,BTC-27DEC19-4500-P,61.1,0.1435,5.0,2,1555360973957,17844028,30
2019-04-15 20:43:03.751,5.0,sell,5018.02,BTC-27DEC19-4500-P,61.06,0.1435,5.0,3,1555360983751,17844039,31
2019-04-16 00:35:22.242,1.0,sell,5042.22,BTC-27DEC19-4500-P,61.29,0.142,1.0,2,1555374922242,17849546,32
2019-04-16 09:51:23.935,1.0,sell,5084.1,BTC-27DEC19-4500-P,61.52,0.139,1.0,2,1555408283935,17855268,33
2019-04-16 17:32:51.768,2.0,sell,5195.31,BTC-27DEC19-4500-P,63.17,0.134,2.0,2,1555435971768,17870976,34
2019-04-17 06:29:05.729,1.0,buy,5223.48,BTC-27DEC19-4500-P,62.73,0.1295,1.0,2,1555482545729,17892821,35
2019-04-18 06:55:58.930,2.0,buy,5269.41,BTC-27DEC19-4500-P,62.39,0.125,2.0,2,1555570558930,17918817,36
2019-04-18 09:39:38.120,5.0,sell,5251.47,BTC-27DEC19-4500-P,60.22,0.12,5.0,2,1555580378120,17921016,37
2019-04-18 23:22:03.106,0.1,sell,5273.23,BTC-27DEC19-4500-P,60.26,0.1185,0.1,2,1555629723106,17938378,38
2019-04-19 09:05:10.660,9.6,sell,5252.79,BTC-27DEC19-4500-P,60.22,0.12,9.6,0,1555664710660,17948771,39
2019-04-19 09:05:37.951,0.4,buy,5252.91,BTC-27DEC19-4500-P,60.23,0.12,0.4,1,1555664737951,17948774,40
2019-04-19 10:36:02.638,1.0,buy,5247.76,BTC-27DEC19-4500-P,62.67,0.1275,1.0,0,1555670162638,17949426,41
2019-04-21 09:41:49.246,0.1,sell,5249.34,BTC-27DEC19-4500-P,60.13,0.12,0.1,2,1555839709246,18004772,42
2019-04-22 20:41:38.818,2.0,buy,5382.02,BTC-27DEC19-4500-P,62.6,0.1155,2.0,2,1555965698818,18067378,43
2019-04-25 22:53:05.300,0.2,buy,5129.18,BTC-27DEC19-4500-P,66.64,0.151,0.2,0,1556232785300,18279401,44
2019-04-26 01:01:38.250,1.0,sell,5127.88,BTC-27DEC19-4500-P,64.97,0.145,1.0,2,1556240498250,18292143,45
2019-04-26 02:39:10.118,0.2,sell,5259.91,BTC-27DEC19-4500-P,64.53,0.1325,0.2,2,1556246350118,18300354,46
2019-04-28 18:34:39.967,10.0,sell,5170.83,BTC-27DEC19-4500-P,60.77,0.13,10.0,2,1556476479967,18393240,47
2019-04-28 18:41:51.546,10.0,sell,5170.64,BTC-27DEC19-4500-P,60.57,0.1295,10.0,2,1556476911546,18393318,48
2019-04-28 18:43:19.369,3.0,sell,5170.39,BTC-27DEC19-4500-P,60.57,0.1295,3.0,3,1556476999369,18393363,49
2019-04-29 21:48:19.885,4.0,sell,5135.23,BTC-27DEC19-4500-P,60.71,0.133,4.0,0,1556574499885,18437965,50
2019-04-30 01:55:43.303,2.0,sell,5158.18,BTC-27DEC19-4500-P,60.6,0.1305,2.0,2,1556589343303,18446312,51
2019-05-01 18:05:33.585,0.2,sell,5296.27,BTC-27DEC19-4500-P,60.63,0.121,0.2,2,1556733933585,18516969,52
2019-05-02 12:55:00.456,1.0,sell,5377.45,BTC-27DEC19-4500-P,60.77,0.115,1.0,2,1556801700456,18548143,53
2019-05-07 02:44:05.681,5.0,buy,5845.12,BTC-27DEC19-4500-P,65.59,0.0905,5.0,3,1557197045681,19004390,55
2019-05-07 02:44:05.681,4.9,buy,5845.12,BTC-27DEC19-4500-P,65.59,0.0905,4.9,2,1557197045681,19004389,54
2019-05-07 02:45:23.143,4.9,buy,5850.11,BTC-27DEC19-4500-P,65.45,0.09,4.9,2,1557197123143,19004558,56
2019-05-07 02:46:55.525,4.9,buy,5863.8,BTC-27DEC19-4500-P,65.59,0.0895,4.9,2,1557197215525,19005021,57
2019-05-07 02:47:39.167,4.9,buy,5863.22,BTC-27DEC19-4500-P,65.54,0.0895,4.9,3,1557197259167,19005306,58
2019-05-07 02:49:56.243,4.9,buy,5845.95,BTC-27DEC19-4500-P,65.37,0.09,4.9,0,1557197396243,19005923,59
2019-05-07 02:52:26.599,0.5,buy,5844.19,BTC-27DEC19-4500-P,65.1,0.0895,0.5,2,1557197546599,19006153,60
2019-05-07 06:50:53.185,5.0,buy,5892.39,BTC-27DEC19-4500-P,65.86,0.0885,5.0,2,1557211853185,19031039,61
2019-05-07 13:40:34.676,10.0,sell,5929.52,BTC-27DEC19-4500-P,66.48,0.08800000000000001,10.0,2,1557236434676,19043568,62
2019-05-07 13:40:57.650,5.0,sell,5930.89,BTC-27DEC19-4500-P,66.59,0.08800000000000001,5.0,3,1557236457650,19044119,63
2019-05-07 13:41:02.409,5.0,sell,5930.18,BTC-27DEC19-4500-P,66.55,0.08800000000000001,5.0,3,1557236462409,19044152,64
2019-05-07 13:41:43.818,3.0,sell,5925.21,BTC-27DEC19-4500-P,66.44,0.08800000000000001,3.0,3,1557236503818,19044267,65
2019-05-08 14:16:19.366,1.0,buy,5826.19,BTC-27DEC19-4500-P,63.52,0.0895,1.0,0,1557324979366,19149737,66
2019-05-09 07:48:05.815,0.1,buy,6055.97,BTC-27DEC19-4500-P,65.73,0.083,0.1,2,1557388085815,19227054,67
2019-05-10 09:05:50.124,1.0,sell,6270.56,BTC-27DEC19-4500-P,65.38,0.073,1.0,2,1557479150124,19344318,68
2019-05-10 10:58:15.588,0.1,buy,6281.71,BTC-27DEC19-4500-P,67.09,0.077,0.1,0,1557485895588,19349905,69
2019-05-11 05:13:30.035,1.0,sell,6678.16,BTC-27DEC19-4500-P,66.92,0.06,1.0,2,1557551610035,19464863,70
2019-05-11 05:18:44.636,4.0,sell,6694.55,BTC-27DEC19-4500-P,68.01,0.0615,4.0,0,1557551924636,19465493,71
2019-05-11 05:20:29.510,2.0,sell,6713.89,BTC-27DEC19-4500-P,67.64,0.06,2.0,2,1557552029510,19466068,72
2019-05-11 12:18:41.004,2.0,buy,6770.09,BTC-27DEC19-4500-P,74.89,0.0715,2.0,0,1557577121004,19562558,73
2019-05-11 12:40:47.357,2.0,sell,6761.79,BTC-27DEC19-4500-P,70.38,0.0625,2.0,2,1557578447357,19564271,74
2019-05-11 13:00:16.439,5.0,sell,6784.67,BTC-27DEC19-4500-P,72.94,0.0665,5.0,0,1557579616439,19566226,75
2019-05-11 13:55:58.676,0.4,sell,6806.12,BTC-27DEC19-4500-P,70.29,0.0605,0.4,2,1557582958676,19569495,76
2019-05-11 13:57:19.957,1.6,sell,6805.16,BTC-27DEC19-4500-P,69.49,0.059,1.6,2,1557583039957,19569523,77
2019-05-11 15:48:26.887,0.1,buy,6883.27,BTC-27DEC19-4500-P,72.33,0.062,0.1,0,1557589706887,19584384,78
2019-05-11 16:16:24.906,0.5,buy,6970.87,BTC-27DEC19-4500-P,69.74,0.054000000000000006,0.5,2,1557591384906,19597076,79
2019-05-11 16:19:32.508,0.5,buy,7018.53,BTC-27DEC19-4500-P,69.97,0.0535,0.5,2,1557591572508,19599419,80
2019-05-11 16:22:22.015,5.0,buy,6990.31,BTC-27DEC19-4500-P,69.89,0.054000000000000006,5.0,0,1557591742015,19601769,81
2019-05-11 16:34:44.558,1.5,sell,6970.95,BTC-27DEC19-4500-P,69.82,0.054000000000000006,1.5,1,1557592484558,19605331,82
2019-05-11 16:35:38.475,1.5,sell,6968.72,BTC-27DEC19-4500-P,69.71,0.054000000000000006,1.5,1,1557592538475,19605432,83
2019-05-11 16:41:47.335,5.0,sell,6960.19,BTC-27DEC19-4500-P,69.84,0.0545,5.0,0,1557592907335,19606258,84
2019-05-11 16:42:28.456,5.0,sell,6965.25,BTC-27DEC19-4500-P,69.66,0.054000000000000006,5.0,2,1557592948456,19606408,85
2019-05-12 05:33:41.005,2.0,sell,7295.7,BTC-27DEC19-4500-P,72.42,0.05,2.0,2,1557639221005,19811847,86
2019-05-12 07:40:38.992,1.0,sell,7543.77,BTC-27DEC19-4500-P,76.85,0.052000000000000005,1.0,0,1557646838992,19838365,87
2019-05-12 07:49:20.956,5.0,sell,7520.16,BTC-27DEC19-4500-P,75.97,0.051,5.0,2,1557647360956,19840607,88
2019-05-12 21:34:09.637,1.0,sell,7120.54,BTC-27DEC19-4500-P,75.58,0.06,1.0,0,1557696849637,20084070,89
2019-05-13 13:05:41.385,0.1,sell,7377.07,BTC-27DEC19-4500-P,74.34,0.0505,0.1,2,1557752741385,20179410,90
2019-05-13 13:24:08.685,0.1,sell,7389.15,BTC-27DEC19-4500-P,74.38,0.0505,0.1,3,1557753848685,20183196,91
2019-05-13 13:24:31.142,0.1,sell,7377.11,BTC-27DEC19-4500-P,74.27,0.0505,0.1,3,1557753871142,20183438,92
2019-05-13 13:24:46.522,0.2,sell,7375.66,BTC-27DEC19-4500-P,74.24,0.0505,0.2,3,1557753886522,20183470,93
2019-05-13 15:09:24.936,3.0,sell,7685.23,BTC-27DEC19-4500-P,78.85,0.05,3.0,2,1557760164936,20210326,94
2019-05-13 17:09:51.474,5.0,sell,7907.71,BTC-27DEC19-4500-P,73.17,0.037000000000000005,5.0,2,1557767391474,20273837,95
2019-05-13 17:12:38.037,5.0,sell,7930.69,BTC-27DEC19-4500-P,74.23,0.038,5.0,0,1557767558037,20274219,96
2019-05-13 17:12:43.631,5.0,sell,7930.76,BTC-27DEC19-4500-P,74.24,0.038,5.0,1,1557767563631,20274248,97
2019-05-13 17:19:23.858,1.0,sell,7931.04,BTC-27DEC19-4500-P,74.93,0.039,1.0,0,1557767963858,20276815,98
2019-05-13 17:19:27.797,1.0,sell,7931.23,BTC-27DEC19-4500-P,74.91,0.039,1.0,1,1557767967797,20276822,99
2019-05-13 18:09:40.177,3.0,sell,7792.44,BTC-27DEC19-4500-P,73.92,0.04,3.0,0,1557770980177,20290480,100
2019-05-14 14:44:46.052,0.4,sell,7991.47,BTC-27DEC19-4500-P,91.76,0.0625,0.4,0,1557845086052,20533118,101
2019-05-15 15:10:00.532,1.0,sell,8001.31,BTC-27DEC19-4500-P,87.14,0.0545,1.0,2,1557933000532,20728576,102
2019-05-17 09:50:20.949,0.5,buy,7285.14,BTC-27DEC19-4500-P,86.62,0.07,0.5,0,1558086620949,21139269,103
2019-05-21 03:21:13.417,1.0,buy,7914.05,BTC-27DEC19-4500-P,89.39,0.057,1.0,2,1558408873417,21665488,104
2019-05-24 08:35:01.528,5.0,buy,8025.03,BTC-27DEC19-4500-P,84.39,0.046,5.0,2,1558686901528,21973969,105
2019-05-24 08:36:54.730,5.0,buy,8021.82,BTC-27DEC19-4500-P,84.68,0.0465,5.0,0,1558687014730,21974384,106
2019-05-24 08:51:22.022,5.0,buy,7979.55,BTC-27DEC19-4500-P,84.08,0.0465,5.0,1,1558687882022,21975531,107
2019-05-24 11:34:51.624,5.0,buy,8047.07,BTC-27DEC19-4500-P,84.98,0.0465,5.0,1,1558697691624,21984730,108
2019-05-24 12:25:03.627,5.0,buy,8013.31,BTC-27DEC19-4500-P,84.89,0.047,5.0,0,1558700703627,21986821,109
2019-05-24 13:31:11.505,5.0,buy,7989.17,BTC-27DEC19-4500-P,84.65,0.047,5.0,1,1558704671505,21989280,110
2019-05-25 13:05:23.936,1.0,buy,8085.31,BTC-27DEC19-4500-P,85.74,0.046,1.0,2,1558789523936,22055519,111
2019-05-25 13:25:38.639,1.5,buy,8065.82,BTC-27DEC19-4500-P,85.75,0.0465,1.5,0,1558790738639,22056373,112
2019-05-27 13:07:22.244,0.1,sell,8818.14,BTC-27DEC19-4500-P,92.93,0.0395,0.1,2,1558962442244,22300693,113
2019-05-27 13:20:32.188,0.1,sell,8827.35,BTC-27DEC19-4500-P,92.82,0.0395,0.1,3,1558963232188,22301565,114
2019-05-27 13:21:05.437,0.2,sell,8835.46,BTC-27DEC19-4500-P,92.94,0.0395,0.2,3,1558963265437,22301616,115
2019-05-27 13:21:15.153,0.2,sell,8836.49,BTC-27DEC19-4500-P,92.96,0.0395,0.2,3,1558963275153,22301661,116
2019-05-27 13:32:15.237,0.2,sell,8823.09,BTC-27DEC19-4500-P,91.93,0.0385,0.2,2,1558963935237,22302593,117
2019-05-27 13:34:30.929,0.2,sell,8802.87,BTC-27DEC19-4500-P,91.72,0.0385,0.2,3,1558964070929,22302741,118
2019-05-27 13:38:26.126,0.3,sell,8828.39,BTC-27DEC19-4500-P,92.1,0.0385,0.3,3,1558964306126,22303246,120
2019-05-27 13:38:26.126,0.3,sell,8828.39,BTC-27DEC19-4500-P,92.1,0.0385,0.3,3,1558964306126,22303245,119
2019-05-27 13:41:48.651,0.6,sell,8831.17,BTC-27DEC19-4500-P,92.13,0.0385,0.6,3,1558964508651,22303504,121
2019-05-27 13:41:57.774,0.6,sell,8830.94,BTC-27DEC19-4500-P,92.11,0.0385,0.6,3,1558964517774,22303514,122
2019-05-27 13:43:00.662,0.5,sell,8830.67,BTC-27DEC19-4500-P,92.11,0.0385,0.5,3,1558964580662,22303568,123
2019-05-27 13:43:15.566,0.5,sell,8818.99,BTC-27DEC19-4500-P,91.97,0.0385,0.5,3,1558964595566,22303623,124
2019-05-27 13:47:23.075,0.3,sell,8822.94,BTC-27DEC19-4500-P,92.43,0.039,0.3,0,1558964843075,22303795,125
2019-05-27 13:48:07.788,0.3,sell,8822.64,BTC-27DEC19-4500-P,92.42,0.039,0.3,1,1558964887788,22303812,126
2019-05-27 13:50:08.526,0.3,sell,8814.48,BTC-27DEC19-4500-P,92.38,0.039,0.3,1,1558965008526,22303898,127
2019-05-27 13:50:52.502,0.3,sell,8811.54,BTC-27DEC19-4500-P,91.93,0.0385,0.3,2,1558965052502,22303922,128
2019-05-27 14:29:27.957,0.3,sell,8796.55,BTC-27DEC19-4500-P,92.16,0.039,0.3,0,1558967367957,22306343,129
2019-05-27 14:38:11.499,0.2,sell,8809.31,BTC-27DEC19-4500-P,92.35,0.039,0.2,1,1558967891499,22306737,130
2019-05-27 14:44:23.906,0.3,sell,8822.76,BTC-27DEC19-4500-P,92.02,0.0385,0.3,2,1558968263906,22307257,131
2019-05-27 14:44:40.376,0.3,sell,8819.87,BTC-27DEC19-4500-P,91.99,0.0385,0.3,3,1558968280376,22307268,132
2019-05-27 14:45:04.247,0.3,sell,8821.13,BTC-27DEC19-4500-P,91.98,0.0385,0.3,3,1558968304247,22307316,133
2019-05-27 14:46:09.973,0.3,sell,8821.35,BTC-27DEC19-4500-P,92.0,0.0385,0.3,3,1558968369973,22307355,134
2019-05-27 14:57:24.446,0.3,sell,8797.78,BTC-27DEC19-4500-P,92.13,0.039,0.3,0,1558969044446,22308218,135
2019-05-30 21:16:07.972,5.0,buy,8355.45,BTC-27DEC19-4500-P,87.69,0.0425,5.0,0,1559250967972,22700690,136
2019-06-04 00:07:47.256,5.0,buy,7743.82,BTC-27DEC19-4500-P,83.1,0.047,5.0,0,1559606867256,23126270,137
2019-06-04 07:25:45.305,5.0,buy,7820.46,BTC-27DEC19-4500-P,84.74,0.0475,5.0,0,1559633145305,23185633,138
2019-06-04 09:30:40.174,5.0,buy,7906.88,BTC-27DEC19-4500-P,86.22,0.048,5.0,0,1559640640174,23194770,139
2019-06-08 08:39:15.456,5.0,sell,7949.77,BTC-27DEC19-4500-P,75.67,0.0335,5.0,2,1559983155456,23649572,140
2019-06-08 08:39:15.456,10.0,sell,7949.77,BTC-27DEC19-4500-P,75.67,0.0335,10.0,3,1559983155456,23649573,141
2019-06-10 12:04:08.582,5.0,sell,8073.02,BTC-27DEC19-4500-P,78.07,0.034,5.0,0,1560168248582,23838723,142
2019-06-11 00:05:37.537,5.0,sell,8042.76,BTC-27DEC19-4500-P,78.31,0.034,5.0,1,1560211537537,23886496,143
2019-06-11 11:45:09.496,3.6,sell,7759.63,BTC-27DEC19-4500-P,76.97,0.0385,3.6,0,1560253509496,23917297,144
2019-06-11 12:22:21.065,1.4,sell,7775.08,BTC-27DEC19-4500-P,76.81,0.0385,1.4,1,1560255741065,23923466,145
2019-06-18 14:14:17.896,2.0,buy,9128.87,BTC-27DEC19-4500-P,84.99,0.024,2.0,2,1560867257896,24651693,146
