date_utc,amount,direction,indexPrice,instrument,iv,price,quantity,tickDirection,timeStamp,tradeId,tradeSeq
2019-05-27 02:23:53.321,0.1,buy,8756.91,BTC-28JUN19-9500-P,92.72,0.145,0.1,1,1558923833321,22265414,1
2019-05-27 13:48:10.299,10.4,buy,8822.44,BTC-28JUN19-9500-P,94.21,0.139,10.4,2,1558964890299,22303813,2
2019-05-27 13:48:17.301,4.0,buy,8822.44,BTC-28JUN19-9500-P,94.2,0.139,4.0,3,1558964897301,22303815,3
2019-05-27 13:48:41.777,1.0,buy,8820.98,BTC-28JUN19-9500-P,94.3,0.139,1.0,3,1558964921777,22303846,4
2019-05-27 13:48:41.989,3.6,buy,8820.98,BTC-28JUN19-9500-P,94.3,0.139,3.6,3,1558964921989,22303847,5
2019-05-30 16:14:52.522,3.0,sell,8908.18,BTC-28JUN19-9500-P,85.57,0.125,3.0,2,1559232892522,22631983,6
2019-05-31 13:04:02.486,1.0,buy,8365.51,BTC-28JUN19-9500-P,84.48,0.175,1.0,0,1559307842486,22799145,7
2019-06-15 10:56:58.997,0.4,buy,8682.79,BTC-28JUN19-9500-P,78.41,0.1185,0.4,2,1560596218997,24208849,8
2019-06-15 10:57:02.569,0.4,sell,8682.69,BTC-28JUN19-9500-P,78.36,0.1185,0.4,3,1560596222569,24208853,9
2019-06-15 10:57:02.621,0.2,sell,8682.69,BTC-28JUN19-9500-P,78.36,0.1185,0.2,3,1560596222621,24208855,10
2019-06-15 13:42:26.993,1.0,buy,8646.78,BTC-28JUN19-9500-P,78.55,0.1215,1.0,0,1560606146993,24212846,11
2019-06-15 13:45:42.739,0.4,buy,8648.45,BTC-28JUN19-9500-P,75.72,0.1195,0.4,2,1560606342739,24212895,12
2019-06-15 13:45:45.764,0.4,sell,8647.98,BTC-28JUN19-9500-P,75.76,0.1195,0.4,3,1560606345764,24212897,13
2019-06-15 13:45:45.814,0.2,sell,8647.98,BTC-28JUN19-9500-P,75.76,0.1195,0.2,3,1560606345814,24212901,14
2019-06-15 16:39:44.707,0.4,sell,8843.42,BTC-28JUN19-9500-P,71.15,0.0975,0.4,2,1560616784707,24229856,15
2019-06-15 16:39:47.581,0.6,buy,8841.6,BTC-28JUN19-9500-P,70.82,0.0975,0.6,3,1560616787581,24229896,16
2019-06-15 19:42:02.731,1.0,sell,8865.94,BTC-28JUN19-9500-P,67.75,0.09300000000000001,1.0,2,1560627722731,24242948,17
2019-06-16 08:10:00.294,3.0,sell,9381.79,BTC-28JUN19-9500-P,85.26,0.063,3.0,2,1560672600294,24316778,18
2019-06-16 08:55:39.743,0.5,buy,9088.05,BTC-28JUN19-9500-P,86.0,0.0825,0.5,0,1560675339743,24335458,19
2019-06-16 10:23:37.661,0.1,sell,9124.08,BTC-28JUN19-9500-P,77.89,0.07400000000000001,0.1,2,1560680617661,24349493,20
2019-06-16 10:36:15.338,0.1,sell,9107.01,BTC-28JUN19-9500-P,76.46,0.07400000000000001,0.1,3,1560681375338,24350424,21
2019-06-16 10:52:35.149,0.1,sell,9069.4,BTC-28JUN19-9500-P,75.72,0.075,0.1,0,1560682355149,24351498,22
2019-06-16 11:38:38.296,0.6,sell,9078.78,BTC-28JUN19-9500-P,78.02,0.0765,0.6,0,1560685118296,24354015,23
2019-06-16 13:43:33.433,7.5,sell,9190.12,BTC-28JUN19-9500-P,81.23,0.07,7.5,2,1560692613433,24366449,24
2019-06-16 16:56:33.709,0.6,sell,9196.31,BTC-28JUN19-9500-P,79.81,0.069,0.6,2,1560704193709,24385495,25
2019-06-16 16:56:33.866,0.6,buy,9196.31,BTC-28JUN19-9500-P,79.81,0.069,0.6,3,1560704193866,24385500,26
2019-06-16 16:58:29.257,3.8,sell,9200.46,BTC-28JUN19-9500-P,78.43,0.0675,3.8,2,1560704309257,24385608,27
2019-06-16 17:28:35.530,0.1,buy,9042.99,BTC-28JUN19-9500-P,78.95,0.0795,0.1,0,1560706115530,24391691,28
2019-06-17 07:35:00.068,1.0,buy,9188.14,BTC-28JUN19-9500-P,90.1,0.0785,1.0,2,1560756900068,24471132,29
2019-06-17 07:36:03.613,2.0,buy,9190.07,BTC-28JUN19-9500-P,90.22,0.0785,2.0,3,1560756963613,24471158,30
2019-06-17 08:06:35.293,5.0,buy,9183.67,BTC-28JUN19-9500-P,90.22,0.079,5.0,0,1560758795293,24471836,31
2019-06-17 08:30:04.106,5.0,sell,9218.61,BTC-28JUN19-9500-P,83.73,0.0715,5.0,2,1560760204106,24472955,32
2019-06-17 11:21:11.590,0.1,sell,9292.14,BTC-28JUN19-9500-P,87.77,0.0685,0.1,2,1560770471590,24486669,33
2019-06-17 11:24:27.692,0.1,sell,9286.17,BTC-28JUN19-9500-P,87.9,0.069,0.1,0,1560770667692,24486808,34
2019-06-17 15:45:40.969,0.1,buy,9193.49,BTC-28JUN19-9500-P,90.27,0.076,0.1,0,1560786340969,24521544,35
2019-06-17 17:43:06.572,1.0,sell,9251.59,BTC-28JUN19-9500-P,91.42,0.0725,1.0,2,1560793386572,24539548,36
2019-06-17 20:19:52.562,0.1,sell,9308.6,BTC-28JUN19-9500-P,89.89,0.0675,0.1,2,1560802792562,24558111,37
2019-06-17 20:47:17.585,0.5,buy,9224.31,BTC-28JUN19-9500-P,90.82,0.07400000000000001,0.5,0,1560804437585,24562661,38
2019-06-19 20:49:46.732,1.0,sell,9146.37,BTC-28JUN19-9500-P,84.86,0.069,1.0,2,1560977386732,24759677,39
2019-06-19 23:15:08.456,3.0,sell,9293.4,BTC-28JUN19-9500-P,83.57,0.0565,3.0,2,1560986108456,24773520,40
2019-06-20 07:03:53.139,0.5,buy,9304.86,BTC-28JUN19-9500-P,84.72,0.0565,0.5,3,1561014233139,24791695,41
2019-06-20 12:44:05.493,0.1,buy,9273.43,BTC-28JUN19-9500-P,81.53,0.0565,0.1,3,1561034645493,24807406,42
2019-06-20 16:21:16.151,1.0,buy,9398.56,BTC-28JUN19-9500-P,82.1,0.0495,1.0,2,1561047676151,24829955,43
2019-06-20 16:32:33.105,0.2,buy,9376.88,BTC-28JUN19-9500-P,82.66,0.0505,0.2,0,1561048353105,24831337,44
