date_utc,amount,direction,indexPrice,instrument,iv,price,quantity,tickDirection,timeStamp,tradeId,tradeSeq
2019-02-19 21:03:01.874,2.5,buy,3932.29,BTC-27SEP19-5000-P,57.31,0.365,2.5,2,1550610181874,15661627,7
2019-02-20 23:28:35.477,5.0,sell,3931.66,BTC-27SEP19-5000-P,56.15,0.36,5.0,2,1550705315477,15713859,8
2019-02-20 23:28:35.484,2.0,buy,3931.66,BTC-27SEP19-5000-P,56.15,0.36,2.0,3,1550705315484,15713860,9
2019-02-20 23:30:44.491,0.1,sell,3933.0,BTC-27SEP19-5000-P,55.06,0.3565,0.1,2,1550705444491,15714071,10
2019-02-24 13:48:40.265,0.1,buy,4101.32,BTC-27SEP19-5000-P,56.42,0.316,0.1,2,1551016120265,15882831,11
2019-02-24 14:15:45.502,0.1,buy,3779.56,BTC-27SEP19-5000-P,46.16,0.39,0.1,0,1551017745502,15900025,12
2019-02-24 14:15:45.502,0.1,buy,3779.56,BTC-27SEP19-5000-P,46.16,0.39,0.1,1,1551017745502,15900026,13
2019-02-26 05:11:43.013,1.0,sell,3784.11,BTC-27SEP19-5000-P,56.4,0.406,1.0,0,1551157903013,16018599,14
2019-02-26 05:19:22.226,1.0,sell,3786.97,BTC-27SEP19-5000-P,56.57,0.4055,1.0,2,1551158362226,16019116,15
2019-02-26 05:30:19.833,1.0,buy,3788.66,BTC-27SEP19-5000-P,56.59,0.405,1.0,2,1551159019833,16019472,16
2019-02-26 05:31:01.246,1.0,buy,3789.45,BTC-27SEP19-5000-P,57.12,0.406,1.0,0,1551159061246,16019493,17
2019-02-26 05:33:15.062,2.0,buy,3788.23,BTC-27SEP19-5000-P,57.1,0.406,2.0,1,1551159195062,16019536,18
2019-02-26 05:33:47.940,2.0,buy,3790.16,BTC-27SEP19-5000-P,57.17,0.406,2.0,1,1551159227940,16019548,19
2019-02-26 05:34:15.622,2.0,buy,3788.89,BTC-27SEP19-5000-P,57.02,0.406,2.0,1,1551159255622,16019551,20
2019-02-26 05:34:56.771,4.0,buy,3788.59,BTC-27SEP19-5000-P,57.04,0.406,4.0,1,1551159296771,16019558,21
2019-02-27 08:37:18.088,2.5,buy,3817.51,BTC-27SEP19-5000-P,57.43,0.4,2.5,2,1551256638088,16051650,22
2019-02-27 20:35:25.590,0.1,buy,3676.89,BTC-27SEP19-5000-P,57.76,0.4375,0.1,0,1551299725590,16069211,23
2019-03-16 23:57:07.684,0.1,sell,3989.65,BTC-27SEP19-5000-P,55.51,0.33799999999999997,0.1,2,1552780627684,16650075,24
2019-03-18 23:51:16.309,0.1,buy,3969.98,BTC-27SEP19-5000-P,60.05,0.355,0.1,0,1552953076309,16694985,25
2019-03-20 09:18:49.925,2.0,buy,3989.67,BTC-27SEP19-5000-P,59.68,0.3485,2.0,2,1553073529925,16727124,26
2019-03-28 23:35:45.398,5.0,buy,4010.69,BTC-27SEP19-5000-P,58.88,0.343,5.0,2,1553816145398,16929067,27
2019-03-28 23:35:45.405,5.0,sell,4010.69,BTC-27SEP19-5000-P,58.88,0.343,5.0,3,1553816145405,16929068,28
2019-03-31 18:33:17.451,0.1,sell,4088.09,BTC-27SEP19-5000-P,51.49,0.302,0.1,2,1554057197451,16990869,29
2019-04-03 00:51:12.691,0.2,sell,4953.08,BTC-27SEP19-5000-P,52.47,0.153,0.2,2,1554252672691,17161900,30
2019-04-05 02:45:56.670,1.0,buy,4911.39,BTC-27SEP19-5000-P,65.39,0.1885,1.0,0,1554432356670,17345677,31
2019-04-06 08:15:32.836,1.0,sell,4999.21,BTC-27SEP19-5000-P,62.84,0.171,1.0,2,1554538532836,17390861,32
2019-04-07 20:16:06.147,0.1,buy,5165.27,BTC-27SEP19-5000-P,66.85,0.159,0.1,2,1554668166147,17479067,33
2019-04-09 20:39:06.863,1.0,sell,5232.98,BTC-27SEP19-5000-P,62.85,0.1425,1.0,2,1554842346863,17581632,34
2019-04-10 17:57:02.987,0.1,buy,5307.5,BTC-27SEP19-5000-P,62.09,0.133,0.1,2,1554919022987,17607831,35
2019-04-11 08:20:51.756,5.0,buy,5166.78,BTC-27SEP19-5000-P,62.18,0.1485,5.0,0,1554970851756,17673789,36
2019-04-11 09:07:01.905,3.0,buy,5193.28,BTC-27SEP19-5000-P,63.47,0.149,3.0,0,1554973621905,17674902,37
2019-04-11 20:03:26.852,5.0,buy,5066.33,BTC-27SEP19-5000-P,62.21,0.1625,5.0,0,1555013006852,17714353,38
2019-04-12 01:21:46.669,5.0,sell,4987.77,BTC-27SEP19-5000-P,62.01,0.1695,5.0,0,1555032106669,17725833,39
2019-04-12 04:40:39.044,0.3,buy,5020.9,BTC-27SEP19-5000-P,62.43,0.166,0.3,2,1555044039044,17737456,40
2019-04-12 08:57:20.962,0.1,buy,5023.2,BTC-27SEP19-5000-P,64.11,0.16899999999999998,0.1,0,1555059440962,17743002,41
2019-04-12 10:54:08.086,5.0,sell,5080.35,BTC-27SEP19-5000-P,60.84,0.1545,5.0,2,1555066448086,17745473,42
2019-04-15 04:42:47.895,0.9,sell,5177.82,BTC-27SEP19-5000-P,59.0,0.1415,0.9,2,1555303367895,17813233,43
2019-04-15 20:07:05.902,3.0,buy,4986.8,BTC-27SEP19-5000-P,60.69,0.163,3.0,0,1555358825902,17839018,44
2019-04-16 11:35:57.581,2.0,buy,5065.13,BTC-27SEP19-5000-P,59.18,0.1505,2.0,2,1555414557581,17856406,45
2019-04-19 17:12:51.892,0.1,buy,5262.86,BTC-27SEP19-5000-P,61.5,0.1335,0.1,2,1555693971892,17962759,46
2019-04-19 21:39:45.338,1.0,sell,5282.32,BTC-27SEP19-5000-P,59.49,0.127,1.0,2,1555709985338,17968803,47
2019-04-20 08:22:07.569,9.0,sell,5331.87,BTC-27SEP19-5000-P,59.02,0.121,9.0,2,1555748527569,17979370,48
2019-04-22 14:38:45.694,1.0,buy,5311.03,BTC-27SEP19-5000-P,60.09,0.124,1.0,0,1555943925694,18038293,49
2019-04-23 04:14:04.703,0.1,buy,5466.54,BTC-27SEP19-5000-P,61.91,0.115,0.1,2,1555992844703,18080916,50
2019-04-23 06:45:27.109,1.0,buy,5528.54,BTC-27SEP19-5000-P,62.55,0.1115,1.0,2,1556001927109,18099788,51
2019-04-23 09:35:27.110,1.0,sell,5533.8,BTC-27SEP19-5000-P,61.99,0.1095,1.0,2,1556012127110,18104455,52
2019-04-23 21:18:17.494,0.5,buy,5578.52,BTC-27SEP19-5000-P,62.45,0.1075,0.5,2,1556054297494,18123800,53
2019-04-24 11:17:33.819,0.1,buy,5390.46,BTC-27SEP19-5000-P,60.44,0.1195,0.1,0,1556104653819,18173102,54
2019-04-24 11:17:44.030,4.9,buy,5385.06,BTC-27SEP19-5000-P,60.23,0.1195,4.9,1,1556104664030,18173276,55
2019-04-25 22:05:28.869,5.9,buy,5143.82,BTC-27SEP19-5000-P,57.75,0.1395,5.9,0,1556229928869,18246764,56
2019-04-25 22:05:51.565,0.1,sell,5132.55,BTC-27SEP19-5000-P,53.77,0.1295,0.1,2,1556229951565,18247260,57
2019-04-25 22:21:12.292,0.5,sell,5123.02,BTC-27SEP19-5000-P,58.36,0.1435,0.5,0,1556230872292,18268180,58
2019-04-29 16:27:48.558,9.0,sell,5150.19,BTC-27SEP19-5000-P,59.59,0.142,9.0,2,1556555268558,18430267,59
2019-04-29 20:54:43.883,5.0,sell,5126.71,BTC-27SEP19-5000-P,59.17,0.14400000000000002,5.0,0,1556571283883,18437078,60
2019-04-30 09:04:25.201,0.3,sell,5157.08,BTC-27SEP19-5000-P,59.25,0.1405,0.3,2,1556615065201,18452342,61
2019-05-01 12:09:37.094,5.0,buy,5306.69,BTC-27SEP19-5000-P,60.65,0.131,5.0,2,1556712577094,18505318,62
2019-05-01 13:27:11.425,2.0,buy,5281.32,BTC-27SEP19-5000-P,60.58,0.1325,2.0,0,1556717231425,18508079,63
2019-05-01 13:27:53.295,1.0,buy,5281.69,BTC-27SEP19-5000-P,60.6,0.1325,1.0,1,1556717273295,18508082,64
2019-05-01 23:26:19.955,1.0,buy,5312.35,BTC-27SEP19-5000-P,61.15,0.1315,1.0,2,1556753179955,18524564,65
2019-05-01 23:27:25.811,1.0,buy,5308.77,BTC-27SEP19-5000-P,61.21,0.132,1.0,0,1556753245811,18524631,66
2019-05-02 03:51:55.462,5.0,buy,5325.23,BTC-27SEP19-5000-P,61.2,0.1305,5.0,2,1556769115462,18529831,67
2019-05-02 13:16:42.261,6.0,buy,5351.42,BTC-27SEP19-5000-P,61.61,0.128,6.0,2,1556803002261,18550380,68
2019-05-02 13:17:15.889,2.0,buy,5351.36,BTC-27SEP19-5000-P,61.54,0.1285,2.0,0,1556803035889,18550598,69
2019-05-02 13:20:02.130,0.5,buy,5351.19,BTC-27SEP19-5000-P,61.51,0.1285,0.5,1,1556803202130,18550716,70
2019-05-02 13:37:14.228,5.0,buy,5353.99,BTC-27SEP19-5000-P,61.07,0.1275,5.0,2,1556804234228,18550964,71
2019-05-03 02:07:59.761,5.0,sell,5444.6,BTC-27SEP19-5000-P,61.44,0.1195,5.0,2,1556849279761,18584658,72
2019-05-03 02:18:38.169,0.1,sell,5442.65,BTC-27SEP19-5000-P,61.12,0.11900000000000001,0.1,2,1556849918169,18585568,73
2019-05-03 06:19:23.343,1.0,sell,5530.02,BTC-27SEP19-5000-P,61.92,0.111,1.0,2,1556864363343,18601140,74
2019-05-03 06:25:19.851,1.0,sell,5533.11,BTC-27SEP19-5000-P,61.78,0.1105,1.0,2,1556864719851,18602494,75
2019-05-03 06:25:34.881,5.0,sell,5539.84,BTC-27SEP19-5000-P,61.83,0.11,5.0,2,1556864734881,18602640,76
2019-05-03 09:57:38.827,0.1,sell,5793.42,BTC-27SEP19-5000-P,62.0,0.09,0.1,2,1556877458827,18653930,77
2019-05-03 15:15:24.083,5.0,sell,5721.45,BTC-27SEP19-5000-P,61.15,0.0915,5.0,0,1556896524083,18688717,78
2019-05-03 22:06:17.594,3.0,buy,5680.94,BTC-27SEP19-5000-P,62.54,0.09699999999999999,3.0,0,1556921177594,18711002,79
2019-05-03 22:06:17.594,2.0,buy,5680.94,BTC-27SEP19-5000-P,62.54,0.09699999999999999,2.0,1,1556921177594,18711003,80
2019-05-04 00:20:28.665,1.0,sell,5701.28,BTC-27SEP19-5000-P,61.21,0.092,1.0,2,1556929228665,18722502,81
2019-05-05 14:37:49.634,9.6,sell,5719.93,BTC-27SEP19-5000-P,60.26,0.0885,9.6,2,1557067069634,18877770,82
2019-05-05 14:37:49.634,2.4,sell,5719.93,BTC-27SEP19-5000-P,60.03,0.08800000000000001,2.4,2,1557067069634,18877771,83
2019-05-06 11:02:54.275,5.0,sell,5620.82,BTC-27SEP19-5000-P,61.2,0.0975,5.0,0,1557140574275,18948116,84
2019-05-07 02:57:23.544,0.1,buy,5889.53,BTC-27SEP19-5000-P,62.57,0.081,0.1,2,1557197843544,19008154,85
2019-05-07 03:03:41.564,3.0,buy,5889.53,BTC-27SEP19-5000-P,62.87,0.08199999999999999,3.0,0,1557198221564,19013752,86
2019-05-07 03:04:08.465,2.7,buy,5894.19,BTC-27SEP19-5000-P,62.91,0.0815,2.7,2,1557198248465,19014165,87
2019-05-07 03:45:29.219,3.0,buy,5893.97,BTC-27SEP19-5000-P,64.51,0.085,3.0,0,1557200729219,19021011,88
2019-05-07 16:48:09.092,0.7000000000000001,buy,5882.82,BTC-27SEP19-5000-P,65.12,0.087,0.7000000000000001,0,1557247689092,19067327,89
2019-05-08 05:36:45.958,1.4,buy,5804.79,BTC-27SEP19-5000-P,64.42,0.09300000000000001,1.4,0,1557293805958,19131193,90
2019-05-09 05:57:12.402,5.0,sell,6044.53,BTC-27SEP19-5000-P,62.3,0.0745,5.0,2,1557381432402,19223903,91
2019-05-09 05:58:29.315,5.0,sell,6043.07,BTC-27SEP19-5000-P,62.25,0.0745,5.0,3,1557381509315,19223977,92
2019-05-10 00:57:21.634,1.0,sell,6120.93,BTC-27SEP19-5000-P,64.49,0.0755,1.0,0,1557449841634,19283818,93
2019-05-10 01:59:20.175,5.0,sell,6172.55,BTC-27SEP19-5000-P,64.47,0.073,5.0,2,1557453560175,19288331,94
2019-05-10 02:42:21.063,0.1,sell,6237.4,BTC-27SEP19-5000-P,64.61,0.0695,0.1,2,1557456141063,19296858,95
2019-05-10 06:00:42.462,6.6000000000000005,sell,6275.81,BTC-27SEP19-5000-P,65.26,0.0695,6.6000000000000005,3,1557468042462,19325601,96
2019-05-10 07:55:04.441,5.0,sell,6319.85,BTC-27SEP19-5000-P,65.1,0.067,5.0,2,1557474904441,19336044,97
2019-05-10 08:53:24.529,0.8,sell,6280.99,BTC-27SEP19-5000-P,63.45,0.0655,0.8,2,1557478404529,19343583,98
2019-05-10 17:11:59.813,0.3,sell,6388.72,BTC-27SEP19-5000-P,65.79,0.0645,0.3,2,1557508319813,19383604,99
2019-05-10 19:17:43.980,0.1,buy,6376.18,BTC-27SEP19-5000-P,64.94,0.064,0.1,2,1557515863980,19392874,100
2019-05-10 20:54:21.178,1.0,buy,6267.71,BTC-27SEP19-5000-P,66.14,0.071,1.0,0,1557521661178,19405230,101
2019-05-11 04:49:31.892,0.1,sell,6732.17,BTC-27SEP19-5000-P,68.2,0.0545,0.1,2,1557550171892,19453101,102
2019-05-11 07:18:26.165,1.0,buy,6808.15,BTC-27SEP19-5000-P,66.98,0.05,1.0,2,1557559106165,19522824,103
2019-05-11 07:49:54.398,0.3,buy,6793.84,BTC-27SEP19-5000-P,68.2,0.052000000000000005,0.3,0,1557560994398,19528288,104
2019-05-11 08:23:38.447,0.1,buy,6790.89,BTC-27SEP19-5000-P,69.26,0.0535,0.1,0,1557563018447,19533167,105
2019-05-11 13:22:17.269,1.7,sell,6804.79,BTC-27SEP19-5000-P,69.93,0.0525,1.7,2,1557580937269,19567614,106
2019-05-11 14:22:11.521,1.0,buy,6792.53,BTC-27SEP19-5000-P,72.6,0.0575,1.0,0,1557584531521,19572185,107
2019-05-11 14:22:11.521,1.0,buy,6792.53,BTC-27SEP19-5000-P,73.21,0.0585,1.0,0,1557584531521,19572186,108
2019-05-11 14:22:45.309,3.2,buy,6793.04,BTC-27SEP19-5000-P,73.24,0.0585,3.2,1,1557584565309,19572194,109
2019-05-11 14:25:12.820,1.0,buy,6793.05,BTC-27SEP19-5000-P,73.7,0.0595,1.0,0,1557584712820,19572555,110
2019-05-11 14:25:12.820,1.0,buy,6793.05,BTC-27SEP19-5000-P,74.0,0.06,1.0,0,1557584712820,19572556,111
2019-05-11 14:25:12.824,8.0,sell,6793.05,BTC-27SEP19-5000-P,74.0,0.06,8.0,1,1557584712824,19572557,112
2019-05-11 14:25:51.838,1.0,buy,6793.23,BTC-27SEP19-5000-P,74.01,0.06,1.0,1,1557584751838,19572572,113
2019-05-11 14:25:51.838,1.0,buy,6793.23,BTC-27SEP19-5000-P,74.01,0.06,1.0,1,1557584751838,19572573,114
2019-05-11 14:25:51.840,13.0,sell,6793.23,BTC-27SEP19-5000-P,74.01,0.06,13.0,1,1557584751840,19572574,115
2019-05-11 14:47:09.463,4.9,buy,6793.73,BTC-27SEP19-5000-P,73.24,0.0585,4.9,2,1557586029463,19575149,116
2019-05-11 14:47:09.463,1.0,buy,6793.73,BTC-27SEP19-5000-P,73.54,0.059000000000000004,1.0,0,1557586029463,19575150,117
2019-05-11 14:47:09.463,5.0,buy,6793.73,BTC-27SEP19-5000-P,73.84,0.0595,5.0,0,1557586029463,19575151,118
2019-05-11 14:47:09.466,19.1,sell,6793.73,BTC-27SEP19-5000-P,73.84,0.0595,19.1,1,1557586029466,19575152,119
2019-05-11 15:01:24.474,25.0,buy,6790.8,BTC-27SEP19-5000-P,73.91,0.0595,25.0,1,1557586884474,19576178,121
2019-05-11 15:01:24.474,5.0,buy,6790.8,BTC-27SEP19-5000-P,73.91,0.0595,5.0,1,1557586884474,19576177,120
2019-05-11 15:06:39.465,6.8,buy,6766.74,BTC-27SEP19-5000-P,72.86,0.0585,6.8,2,1557587199465,19576843,122
2019-05-11 15:07:15.645,14.0,buy,6764.49,BTC-27SEP19-5000-P,74.02,0.0605,14.0,0,1557587235645,19576856,123
2019-05-11 15:09:49.355,6.3,buy,6776.81,BTC-27SEP19-5000-P,73.82,0.06,6.3,2,1557587389355,19577005,124
2019-05-12 01:22:56.623,0.2,sell,7079.71,BTC-27SEP19-5000-P,83.19,0.0635,0.2,0,1557624176623,19773892,125
2019-05-12 07:50:57.115,0.1,sell,7526.66,BTC-27SEP19-5000-P,82.48,0.05,0.1,2,1557647457115,19840865,126
2019-05-12 07:51:04.619,0.1,sell,7526.25,BTC-27SEP19-5000-P,84.91,0.0535,0.1,0,1557647464619,19840872,127
2019-05-12 07:58:00.582,0.1,buy,7514.79,BTC-27SEP19-5000-P,88.42,0.059000000000000004,0.1,0,1557647880582,19841827,128
2019-05-12 18:47:06.879,1.0,sell,7033.4,BTC-27SEP19-5000-P,78.49,0.057,1.0,2,1557686826879,20053531,129
2019-05-13 08:00:43.598,2.0,buy,7031.75,BTC-27SEP19-5000-P,79.27,0.057999999999999996,2.0,0,1557734443598,20142996,130
2019-05-13 13:10:44.050,0.1,buy,7386.06,BTC-27SEP19-5000-P,81.62,0.051,0.1,2,1557753044050,20180367,131
2019-05-13 14:57:41.063,0.3,sell,7491.55,BTC-27SEP19-5000-P,80.36,0.0465,0.3,2,1557759461063,20203167,132
2019-05-13 16:03:09.736,0.2,sell,7849.65,BTC-27SEP19-5000-P,82.07,0.0395,0.2,3,1557763389736,20249102,134
2019-05-13 16:03:09.736,0.1,sell,7849.65,BTC-27SEP19-5000-P,82.07,0.0395,0.1,2,1557763389736,20249101,133
2019-05-13 16:43:18.183,0.1,sell,7944.94,BTC-27SEP19-5000-P,82.47,0.038,0.1,2,1557765798183,20264666,135
2019-05-13 17:25:49.899,0.1,buy,7841.59,BTC-27SEP19-5000-P,84.69,0.043,0.1,0,1557768349899,20279166,136
2019-05-13 18:34:19.983,0.1,buy,7867.72,BTC-27SEP19-5000-P,89.23,0.0485,0.1,0,1557772459983,20292816,137
2019-05-13 21:46:06.209,0.2,buy,8102.38,BTC-27SEP19-5000-P,90.15,0.044000000000000004,0.2,2,1557783966209,20327983,138
2019-05-13 22:22:31.867,9.8,buy,8063.87,BTC-27SEP19-5000-P,90.04,0.0445,9.8,0,1557786151867,20336034,139
2019-05-13 23:02:18.216,0.5,buy,7808.46,BTC-27SEP19-5000-P,89.68,0.05,0.5,0,1557788538216,20347165,140
2019-05-14 14:34:31.208,0.1,sell,8071.04,BTC-27SEP19-5000-P,91.85,0.046,0.1,2,1557844471208,20530210,141
2019-05-15 17:07:51.935,2.0,sell,8015.78,BTC-27SEP19-5000-P,88.51,0.0425,2.0,2,1557940071935,20742790,142
2019-05-15 19:34:49.336,0.5,sell,8198.44,BTC-27SEP19-5000-P,87.3,0.0375,0.5,2,1557948889336,20767631,143
2019-05-15 19:36:21.246,0.2,sell,8196.4,BTC-27SEP19-5000-P,87.21,0.0375,0.2,3,1557948981246,20768045,144
2019-05-15 19:43:28.730,0.3,buy,8189.1,BTC-27SEP19-5000-P,87.0,0.0375,0.3,3,1557949408730,20768985,145
2019-05-16 00:21:47.859,1.0,sell,8248.2,BTC-27SEP19-5000-P,88.53,0.0375,1.0,3,1557966107859,20808982,146
2019-05-16 04:34:04.266,3.9,buy,8025.3,BTC-27SEP19-5000-P,90.9,0.0435,3.9,0,1557981244266,20850069,147
2019-05-16 05:32:42.371,1.1,buy,7970.53,BTC-27SEP19-5000-P,89.57,0.0435,1.1,1,1557984762371,20870002,148
2019-05-16 12:40:57.069,0.1,buy,7858.32,BTC-27SEP19-5000-P,87.45,0.0435,0.1,1,1558010457069,20924471,149
2019-05-16 12:45:41.720,0.1,buy,7864.57,BTC-27SEP19-5000-P,87.62,0.0435,0.1,1,1558010741720,20925324,150
2019-05-16 15:44:52.394,0.1,buy,8000.55,BTC-27SEP19-5000-P,90.02,0.0435,0.1,1,1558021492394,20945943,151
2019-05-16 18:32:06.954,10.0,buy,7940.17,BTC-27SEP19-5000-P,90.02,0.045,10.0,0,1558031526954,20962489,152
2019-05-16 19:05:59.719,3.0,buy,7903.4,BTC-27SEP19-5000-P,90.07,0.046,3.0,0,1558033559719,20965616,153
2019-05-16 20:09:09.391,1.0,sell,7871.13,BTC-27SEP19-5000-P,87.73,0.0435,1.0,2,1558037349391,20973544,154
2019-05-16 20:56:44.691,5.0,buy,7760.13,BTC-27SEP19-5000-P,87.8,0.046,5.0,0,1558040204691,20978696,155
2019-05-16 21:00:00.058,0.5,buy,7674.92,BTC-27SEP19-5000-P,86.35,0.046,0.5,1,1558040400058,20980673,156
2019-05-17 01:09:46.348,1.5,buy,7841.0,BTC-27SEP19-5000-P,88.8,0.046,1.5,1,1558055386348,21006527,157
2019-05-17 01:24:37.348,0.1,buy,7796.94,BTC-27SEP19-5000-P,88.71,0.047,0.1,0,1558056277348,21008358,158
2019-05-17 02:00:42.668,0.1,sell,7814.95,BTC-27SEP19-5000-P,88.47,0.046,0.1,2,1558058442668,21012808,159
2019-05-17 02:51:21.563,0.1,buy,7709.73,BTC-27SEP19-5000-P,88.96,0.049,0.1,0,1558061481563,21018557,160
2019-05-17 03:07:25.834,0.1,sell,7000.29,BTC-27SEP19-5000-P,83.15,0.055999999999999994,0.1,0,1558062445834,21042997,161
2019-05-17 03:09:37.449,0.1,buy,6749.11,BTC-27SEP19-5000-P,84.12,0.0635,0.1,0,1558062577449,21048226,162
2019-05-17 05:17:50.067,0.1,buy,7318.5,BTC-27SEP19-5000-P,96.42,0.0695,0.1,0,1558070270067,21110670,163
2019-05-17 05:42:27.023,0.1,buy,7293.83,BTC-27SEP19-5000-P,96.6,0.0705,0.1,0,1558071747023,21113748,164
2019-05-17 06:01:06.684,0.1,buy,7131.55,BTC-27SEP19-5000-P,91.52,0.0675,0.1,2,1558072866684,21117428,165
2019-05-17 12:20:37.533,5.0,buy,7031.65,BTC-27SEP19-5000-P,91.19,0.0695,5.0,0,1558095637533,21162664,166
2019-05-17 13:20:05.186,0.1,sell,7100.35,BTC-27SEP19-5000-P,89.21,0.064,0.1,2,1558099205186,21175782,167
2019-05-17 13:20:28.625,0.1,sell,7103.97,BTC-27SEP19-5000-P,89.29,0.064,0.1,3,1558099228625,21175813,168
2019-05-17 13:21:13.789,0.1,sell,7118.31,BTC-27SEP19-5000-P,89.66,0.064,0.1,3,1558099273789,21175936,169
2019-05-17 14:37:46.833,0.1,buy,7194.23,BTC-27SEP19-5000-P,91.13,0.0645,0.1,0,1558103866833,21183683,170
2019-05-17 14:37:46.833,0.1,buy,7194.23,BTC-27SEP19-5000-P,94.09,0.069,0.1,0,1558103866833,21183684,171
2019-05-17 17:07:14.296,0.1,buy,7073.26,BTC-27SEP19-5000-P,90.59,0.0675,0.1,2,1558112834296,21202368,172
2019-05-17 17:09:23.219,0.1,buy,7053.88,BTC-27SEP19-5000-P,90.64,0.068,0.1,0,1558112963219,21203074,173
2019-05-17 18:10:13.703,1.0,sell,7072.87,BTC-27SEP19-5000-P,87.49,0.063,1.0,2,1558116613703,21215904,174
2019-05-17 20:38:02.060,3.2,buy,7073.36,BTC-27SEP19-5000-P,94.59,0.0745,3.2,0,1558125482060,21229787,175
2019-05-17 20:38:02.061,6.8,sell,7073.36,BTC-27SEP19-5000-P,94.59,0.0745,6.8,1,1558125482061,21229788,176
2019-05-17 20:44:28.594,3.2,buy,7094.78,BTC-27SEP19-5000-P,96.29,0.0765,3.2,0,1558125868594,21229992,177
2019-05-17 20:44:28.596,15.0,sell,7094.78,BTC-27SEP19-5000-P,96.29,0.0765,15.0,1,1558125868596,21229993,178
2019-05-17 20:44:30.268,2.6,sell,7095.43,BTC-27SEP19-5000-P,96.29,0.0765,2.6,1,1558125870268,21229994,179
2019-05-18 09:49:56.833,0.5,sell,7263.43,BTC-27SEP19-5000-P,90.83,0.0655,0.5,2,1558172996833,21291462,180
2019-05-18 22:25:28.601,0.1,sell,7290.57,BTC-27SEP19-5000-P,89.83,0.0625,0.1,2,1558218328601,21320667,181
2019-05-19 04:10:18.141,0.2,buy,7909.58,BTC-27SEP19-5000-P,90.75,0.047,0.2,2,1558239018141,21366950,182
2019-05-19 07:31:55.926,0.3,buy,7968.28,BTC-27SEP19-5000-P,99.47,0.0565,0.3,0,1558251115926,21382113,183
2019-05-19 12:21:57.709,0.5,buy,7840.61,BTC-27SEP19-5000-P,98.49,0.0585,0.5,0,1558268517709,21407862,184
2019-05-19 22:48:55.607,1.0,sell,8200.58,BTC-27SEP19-5000-P,91.28,0.039,1.0,2,1558306135607,21469278,185
2019-05-20 00:43:16.968,24.0,buy,7909.85,BTC-27SEP19-5000-P,86.98,0.039,24.0,3,1558312996968,21501992,186
2019-05-20 20:57:58.884,0.1,sell,7999.06,BTC-27SEP19-5000-P,92.95,0.0445,0.1,0,1558385878884,21624139,187
2019-05-21 15:39:28.542,11.8,buy,7943.69,BTC-27SEP19-5000-P,86.69,0.038,11.8,2,1558453168542,21704290,188
2019-05-21 15:40:01.009,11.0,buy,7927.15,BTC-27SEP19-5000-P,86.33,0.038,11.0,3,1558453201009,21704528,189
2019-05-21 15:40:23.568,2.2,buy,7919.46,BTC-27SEP19-5000-P,86.2,0.038,2.2,3,1558453223568,21704671,190
2019-05-21 17:57:57.950,25.0,buy,7975.23,BTC-27SEP19-5000-P,88.08,0.039,25.0,0,1558461477950,21711726,191
2019-05-23 00:16:50.800,0.1,buy,7614.3,BTC-27SEP19-5000-P,89.33,0.0475,0.1,0,1558570610800,21852893,192
2019-05-23 17:43:13.741,2.2,buy,7780.45,BTC-27SEP19-5000-P,89.62,0.045,2.2,2,1558633393741,21924019,193
2019-05-24 08:06:01.578,0.1,buy,7895.23,BTC-27SEP19-5000-P,90.61,0.0425,0.1,2,1558685161578,21969431,194
2019-05-24 12:28:47.615,0.1,sell,8017.16,BTC-27SEP19-5000-P,87.22,0.036000000000000004,0.1,2,1558700927615,21986866,195
2019-05-24 19:24:55.993,8.0,buy,8044.41,BTC-27SEP19-5000-P,88.49,0.0365,8.0,0,1558725895993,22014142,196
2019-05-24 19:26:53.084,2.0,buy,8048.56,BTC-27SEP19-5000-P,88.45,0.0365,2.0,1,1558726013084,22014217,197
2019-05-24 19:33:40.877,1.0,buy,8038.31,BTC-27SEP19-5000-P,90.48,0.039,1.0,0,1558726420877,22014411,198
2019-05-25 10:08:43.238,5.0,sell,8121.86,BTC-27SEP19-5000-P,89.21,0.0355,5.0,2,1558778923238,22047577,199
2019-05-25 11:09:55.502,0.1,sell,8106.81,BTC-27SEP19-5000-P,88.24,0.0345,0.1,2,1558782595502,22050123,200
2019-05-25 11:22:40.526,5.0,sell,8136.23,BTC-27SEP19-5000-P,86.71,0.0325,5.0,2,1558783360526,22051644,201
2019-05-25 14:41:28.167,0.1,sell,8065.94,BTC-27SEP19-5000-P,84.3,0.031,0.1,2,1558795288167,22059426,202
2019-05-25 14:41:32.719,0.1,sell,8065.94,BTC-27SEP19-5000-P,84.3,0.031,0.1,3,1558795292719,22059427,203
2019-05-25 15:40:16.908,0.1,sell,8077.32,BTC-27SEP19-5000-P,84.12,0.0305,0.1,2,1558798816908,22061946,204
2019-05-25 15:40:33.818,0.1,sell,8076.97,BTC-27SEP19-5000-P,84.13,0.0305,0.1,3,1558798833818,22061953,205
2019-05-26 13:13:09.941,0.1,sell,7941.86,BTC-27SEP19-5000-P,82.41,0.031,0.1,0,1558876389941,22103093,206
2019-05-26 13:13:38.106,0.2,sell,7943.29,BTC-27SEP19-5000-P,82.42,0.031,0.2,1,1558876418106,22103095,207
2019-05-26 13:14:38.391,0.8,sell,7948.26,BTC-27SEP19-5000-P,82.54,0.031,0.8,1,1558876478391,22103119,208
2019-05-26 13:17:00.392,0.3,sell,7954.55,BTC-27SEP19-5000-P,82.65,0.031,0.3,1,1558876620392,22103265,209
2019-05-26 20:39:22.828,1.0,sell,8602.73,BTC-27SEP19-5000-P,83.33,0.0205,1.0,2,1558903162828,22191380,210
2019-05-27 00:44:13.264,3.3000000000000003,buy,8894.13,BTC-27SEP19-5000-P,89.25,0.022,3.3000000000000003,0,1558917853264,22250544,211
2019-05-27 00:54:14.568,0.2,buy,8863.6,BTC-27SEP19-5000-P,89.51,0.0225,0.2,0,1558918454568,22251806,212
2019-05-27 01:46:29.015,1.5,buy,8849.38,BTC-27SEP19-5000-P,89.31,0.0225,1.5,1,1558921589015,22260706,213
2019-05-27 13:58:42.495,2.0,sell,8813.61,BTC-27SEP19-5000-P,94.38,0.0265,2.0,0,1558965522495,22304310,214
2019-05-27 18:55:01.856,5.0,sell,8818.53,BTC-27SEP19-5000-P,94.02,0.026,5.0,2,1558983301856,22348297,215
2019-05-29 05:41:06.286,1.0,buy,8473.25,BTC-27SEP19-5000-P,88.8,0.027000000000000003,1.0,0,1559108466286,22475739,216
2019-05-29 13:08:15.420,8.0,sell,8639.7,BTC-27SEP19-5000-P,89.21,0.0255,8.0,2,1559135295420,22507918,217
2019-05-29 13:35:59.585,10.0,buy,8746.04,BTC-27SEP19-5000-P,92.34,0.027000000000000003,10.0,0,1559136959585,22512247,218
2019-05-29 14:02:13.646,0.1,buy,8742.3,BTC-27SEP19-5000-P,92.93,0.0275,0.1,0,1559138533646,22516661,219
2019-05-30 05:27:39.932,5.0,buy,8730.34,BTC-27SEP19-5000-P,89.95,0.024,5.0,2,1559194059932,22582793,220
2019-05-30 05:30:01.518,0.4,buy,8716.42,BTC-27SEP19-5000-P,90.92,0.025,0.4,0,1559194201518,22582946,221
2019-05-31 20:08:55.704,0.6,buy,8453.05,BTC-27SEP19-5000-P,91.44,0.0295,0.6,0,1559333335704,22837109,222
2019-06-02 02:29:13.866,1.0,sell,8589.24,BTC-27SEP19-5000-P,85.66,0.022,1.0,2,1559442553866,22910767,223
2019-06-02 10:32:17.849,9.0,sell,8700.62,BTC-27SEP19-5000-P,87.58,0.022,9.0,3,1559471537849,22929090,224
2019-06-02 18:43:38.617,0.1,sell,8683.61,BTC-27SEP19-5000-P,88.74,0.023,0.1,0,1559501018617,22956591,225
2019-06-03 11:04:53.277,15.0,buy,8522.4,BTC-27SEP19-5000-P,89.01,0.0255,15.0,0,1559559893277,23019250,226
2019-06-03 15:36:32.617,10.1,buy,8459.55,BTC-27SEP19-5000-P,85.95,0.0235,10.1,2,1559576192617,23049098,227
2019-06-03 15:37:09.946,6.0,sell,8463.44,BTC-27SEP19-5000-P,84.82,0.0225,6.0,2,1559576229946,23049190,228
2019-06-03 15:37:09.946,4.0,sell,8463.44,BTC-27SEP19-5000-P,84.82,0.0225,4.0,3,1559576229946,23049191,229
2019-06-03 15:49:59.792,2.0,sell,8466.64,BTC-27SEP19-5000-P,84.24,0.022,2.0,2,1559576999792,23050044,230
2019-06-03 18:16:55.243,14.9,buy,8504.57,BTC-27SEP19-5000-P,86.9,0.0235,14.9,0,1559585815243,23061227,231
2019-06-03 23:22:21.253,4.8,buy,8316.72,BTC-27SEP19-5000-P,84.97,0.024,4.8,0,1559604141253,23085160,232
2019-06-03 23:22:26.517,2.0,buy,8305.25,BTC-27SEP19-5000-P,84.76,0.024,2.0,1,1559604146517,23085560,233
2019-06-03 23:23:09.475,0.2,buy,8206.97,BTC-27SEP19-5000-P,82.83,0.024,0.2,1,1559604189475,23088198,234
2019-06-03 23:23:09.778,18.0,buy,8206.97,BTC-27SEP19-5000-P,82.83,0.024,18.0,1,1559604189778,23088216,235
2019-06-03 23:23:12.505,3.0,buy,8212.22,BTC-27SEP19-5000-P,83.84,0.025,3.0,0,1559604192505,23088374,236
2019-06-03 23:24:05.699,4.9,buy,8139.89,BTC-27SEP19-5000-P,83.09,0.025,4.9,1,1559604245699,23091370,237
2019-06-03 23:24:06.128,3.0,buy,8139.89,BTC-27SEP19-5000-P,83.09,0.025,3.0,1,1559604246128,23091387,238
2019-06-03 23:24:11.000,2.5,buy,8125.25,BTC-27SEP19-5000-P,82.69,0.025,2.5,1,1559604251000,23091646,239
2019-06-03 23:24:13.217,2.5,buy,8116.73,BTC-27SEP19-5000-P,82.55,0.025,2.5,1,1559604253217,23091771,240
2019-06-03 23:24:20.158,9.1,buy,8107.7,BTC-27SEP19-5000-P,82.3,0.025,9.1,1,1559604260158,23092462,241
2019-06-03 23:24:20.158,0.9,buy,8107.7,BTC-27SEP19-5000-P,82.3,0.025,0.9,1,1559604260158,23092463,242
2019-06-03 23:26:48.416,10.0,buy,8081.15,BTC-27SEP19-5000-P,81.94,0.025,10.0,1,1559604408416,23097455,243
2019-06-03 23:26:50.996,10.0,buy,8076.49,BTC-27SEP19-5000-P,81.82,0.025,10.0,1,1559604410996,23097710,244
2019-06-03 23:26:55.621,3.0,buy,8063.81,BTC-27SEP19-5000-P,81.54,0.025,3.0,1,1559604415621,23097958,245
2019-06-03 23:27:02.579,1.1,buy,8041.01,BTC-27SEP19-5000-P,81.15,0.025,1.1,1,1559604422579,23098433,246
2019-06-04 12:23:32.527,0.1,buy,7902.95,BTC-27SEP19-5000-P,87.45,0.0345,0.1,0,1559651012527,23204491,247
2019-06-04 19:22:12.137,3.0,sell,7614.72,BTC-27SEP19-5000-P,85.14,0.0385,3.0,0,1559676132137,23281779,248
2019-06-05 16:22:43.059,2.0,buy,7707.79,BTC-27SEP19-5000-P,84.87,0.036000000000000004,2.0,2,1559751763059,23380165,249
2019-06-06 03:44:14.341,6.0,sell,7857.77,BTC-27SEP19-5000-P,82.93,0.03,6.0,2,1559792654341,23439244,250
2019-06-06 03:44:14.341,14.0,sell,7857.77,BTC-27SEP19-5000-P,80.99,0.027999999999999997,14.0,2,1559792654341,23439245,251
2019-06-06 14:39:37.957,3.0,sell,7700.44,BTC-27SEP19-5000-P,79.4,0.03,3.0,1,1559831977957,23476874,253
2019-06-06 14:39:37.957,6.0,sell,7700.44,BTC-27SEP19-5000-P,79.4,0.03,6.0,0,1559831977957,23476873,252
2019-06-06 14:39:37.959,1.0,buy,7700.44,BTC-27SEP19-5000-P,79.4,0.03,1.0,1,1559831977959,23476875,254
2019-06-06 18:47:08.958,10.0,sell,7556.37,BTC-27SEP19-5000-P,79.98,0.0335,10.0,0,1559846828958,23515033,255
2019-06-07 00:17:05.822,0.4,buy,7795.48,BTC-27SEP19-5000-P,81.88,0.0305,0.4,2,1559866625822,23543788,256
2019-06-08 02:34:34.097,3.4,buy,7960.67,BTC-27SEP19-5000-P,76.84,0.0225,3.4,2,1559961274097,23636780,257
2019-06-08 16:41:36.018,0.1,buy,7864.57,BTC-27SEP19-5000-P,77.35,0.0245,0.1,0,1560012096018,23669070,258
2019-06-09 02:15:11.928,4.4,sell,7895.16,BTC-27SEP19-5000-P,74.17,0.021,4.4,2,1560046511928,23689573,259
2019-06-09 04:28:38.296,10.0,buy,7873.74,BTC-27SEP19-5000-P,77.66,0.0245,10.0,0,1560054518296,23691836,260
2019-06-09 10:12:24.506,0.1,buy,7896.65,BTC-27SEP19-5000-P,77.06,0.0235,0.1,2,1560075144506,23697912,261
2019-06-09 16:46:48.834,12.2,sell,7624.39,BTC-27SEP19-5000-P,74.01,0.0255,12.2,0,1560098808834,23730908,262
2019-06-09 16:47:40.588,4.7,sell,7624.13,BTC-27SEP19-5000-P,74.0,0.0255,4.7,1,1560098860588,23730958,263
2019-06-09 16:48:50.425,5.4,sell,7622.54,BTC-27SEP19-5000-P,73.91,0.0255,5.4,1,1560098930425,23731017,264
2019-06-10 00:51:02.023,22.3,buy,7605.14,BTC-27SEP19-5000-P,76.23,0.0275,22.3,0,1560127862023,23786607,265
2019-06-10 06:08:00.189,12.0,buy,7676.53,BTC-27SEP19-5000-P,79.35,0.0295,12.0,0,1560146880189,23802261,266
2019-06-10 08:17:33.024,18.0,buy,7716.45,BTC-27SEP19-5000-P,79.22,0.0285,18.0,2,1560154653024,23808640,267
2019-06-10 08:41:37.247,0.1,sell,7739.1,BTC-27SEP19-5000-P,76.19,0.025,0.1,2,1560156097247,23809624,268
2019-06-10 10:36:49.014,0.8,sell,7674.25,BTC-27SEP19-5000-P,77.97,0.028,0.8,0,1560163009014,23815923,269
2019-06-14 11:19:10.073,0.1,sell,8275.85,BTC-27SEP19-5000-P,75.45,0.0155,0.1,2,1560511150073,24127653,270
2019-06-14 11:19:10.073,6.0,sell,8275.85,BTC-27SEP19-5000-P,74.77,0.015,6.0,2,1560511150073,24127654,271
2019-06-14 11:19:10.076,1.9,buy,8275.85,BTC-27SEP19-5000-P,74.77,0.015,1.9,3,1560511150076,24127655,272
2019-06-14 12:58:15.007,6.0,sell,8359.63,BTC-27SEP19-5000-P,73.95,0.0135,6.0,2,1560517095007,24134519,273
2019-06-14 12:58:15.009,4.0,buy,8359.63,BTC-27SEP19-5000-P,73.95,0.0135,4.0,3,1560517095009,24134520,274
2019-06-14 15:11:23.539,0.2,buy,8407.24,BTC-27SEP19-5000-P,76.8,0.015,0.2,0,1560525083539,24146042,275
2019-06-14 16:28:25.407,5.0,sell,8411.96,BTC-27SEP19-5000-P,76.76,0.015,5.0,1,1560529705407,24150169,276
2019-06-15 15:41:05.846,6.0,buy,8814.53,BTC-27SEP19-5000-P,80.24,0.013000000000000001,6.0,2,1560613265846,24221166,277
2019-06-15 16:02:29.196,4.2,buy,8780.47,BTC-27SEP19-5000-P,81.4,0.013999999999999999,4.2,0,1560614549196,24223920,278
2019-06-16 04:51:44.645,2.0,sell,9056.97,BTC-27SEP19-5000-P,81.05,0.011000000000000001,2.0,2,1560660704645,24280084,279
2019-06-16 05:16:39.461,1.8,buy,9197.64,BTC-27SEP19-5000-P,83.05,0.011000000000000001,1.8,3,1560662199461,24290884,280
2019-06-16 07:25:22.317,2.0,sell,9320.41,BTC-27SEP19-5000-P,82.7,0.01,2.0,2,1560669922317,24312654,281
2019-06-16 07:25:22.317,1.0,sell,9320.41,BTC-27SEP19-5000-P,82.7,0.01,1.0,3,1560669922317,24312655,282
2019-06-16 07:25:22.317,0.1,sell,9320.41,BTC-27SEP19-5000-P,82.7,0.01,0.1,3,1560669922317,24312656,283
2019-06-16 10:52:10.262,6.2,buy,9068.32,BTC-27SEP19-5000-P,81.98,0.011000000000000001,6.2,0,1560682330262,24351457,284
2019-06-17 19:45:01.130,6.0,buy,9273.48,BTC-27SEP19-5000-P,86.2,0.012,6.0,0,1560800701130,24550226,285
2019-06-17 19:45:21.871,4.0,sell,9262.37,BTC-27SEP19-5000-P,86.03,0.012,4.0,1,1560800721871,24550310,286
2019-06-19 02:14:59.608,6.0,sell,9146.81,BTC-27SEP19-5000-P,83.88,0.011000000000000001,6.0,2,1560910499608,24714450,287
2019-06-19 23:09:54.825,2.3000000000000003,sell,9281.24,BTC-27SEP19-5000-P,84.77,0.01,2.3000000000000003,2,1560985794825,24772848,288
