date_utc,amount,direction,indexPrice,instrument,iv,price,quantity,tickDirection,timeStamp,tradeId,tradeSeq
2019-02-19 21:03:01.874,2.5,buy,3932.29,BTC-27SEP19-5000-P,57.31,0.365,2.5,2,1550610181874,15661627,7
2019-02-20 23:28:35.477,5.0,sell,3931.66,BTC-27SEP19-5000-P,56.15,0.36,5.0,2,1550705315477,15713859,8
2019-02-20 23:28:35.484,2.0,buy,3931.66,BTC-27SEP19-5000-P,56.15,0.36,2.0,3,1550705315484,15713860,9
2019-02-20 23:30:44.491,0.1,sell,3933.0,BTC-27SEP19-5000-P,55.06,0.3565,0.1,2,1550705444491,15714071,10
2019-02-24 13:48:40.265,0.1,buy,4101.32,BTC-27SEP19-5000-P,56.42,0.316,0.1,2,1551016120265,15882831,11
2019-02-24 14:15:45.502,0.1,buy,3779.56,BTC-27SEP19-5000-P,46.16,0.39,0.1,0,1551017745502,15900025,12
2019-02-24 14:15:45.502,0.1,buy,3779.56,BTC-27SEP19-5000-P,46.16,0.39,0.1,1,1551017745502,15900026,13
2019-02-26 05:11:43.013,1.0,sell,3784.11,BTC-27SEP19-5000-P,56.4,0.406,1.0,0,1551157903013,16018599,14
2019-02-26 05:19:22.226,1.0,sell,3786.97,BTC-27SEP19-5000-P,56.57,0.4055,1.0,2,1551158362226,16019116,15
2019-02-26 05:30:19.833,1.0,buy,3788.66,BTC-27SEP19-5000-P,56.59,0.405,1.0,2,1551159019833,16019472,16
2019-02-26 05:31:01.246,1.0,buy,3789.45,BTC-27SEP19-5000-P,57.12,0.406,1.0,0,1551159061246,16019493,17
2019-02-26 05:33:15.062,2.0,buy,3788.23,BTC-27SEP19-5000-P,57.1,0.406,2.0,1,1551159195062,16019536,18
2019-02-26 05:33:47.940,2.0,buy,3790.16,BTC-27SEP19-5000-P,57.17,0.406,2.0,1,1551159227940,16019548,19
2019-02-26 05:34:15.622,2.0,buy,3788.89,BTC-27SEP19-5000-P,57.02,0.406,2.0,1,1551159255622,16019551,20
2019-02-26 05:34:56.771,4.0,buy,3788.59,BTC-27SEP19-5000-P,57.04,0.406,4.0,1,1551159296771,16019558,21
2019-02-27 08:37:18.088,2.5,buy,3817.51,BTC-27SEP19-5000-P,57.43,0.4,2.5,2,1551256638088,16051650,22
2019-02-27 20:35:25.590,0.1,buy,3676.89,BTC-27SEP19-5000-P,57.76,0.4375,0.1,0,1551299725590,16069211,23
2019-03-16 23:57:07.684,0.1,sell,3989.65,BTC-27SEP19-5000-P,55.51,0.33799999999999997,0.1,2,1552780627684,16650075,24
2019-03-18 23:51:16.309,0.1,buy,3969.98,BTC-27SEP19-5000-P,60.05,0.355,0.1,0,1552953076309,16694985,25
2019-03-20 09:18:49.925,2.0,buy,3989.67,BTC-27SEP19-5000-P,59.68,0.3485,2.0,2,1553073529925,16727124,26
2019-03-28 23:35:45.398,5.0,buy,4010.69,BTC-27SEP19-5000-P,58.88,0.343,5.0,2,1553816145398,16929067,27
2019-03-28 23:35:45.405,5.0,sell,4010.69,BTC-27SEP19-5000-P,58.88,0.343,5.0,3,1553816145405,16929068,28
2019-03-31 18:33:17.451,0.1,sell,4088.09,BTC-27SEP19-5000-P,51.49,0.302,0.1,2,1554057197451,16990869,29
2019-04-03 00:51:12.691,0.2,sell,4953.08,BTC-27SEP19-5000-P,52.47,0.153,0.2,2,1554252672691,17161900,30
2019-04-05 02:45:56.670,1.0,buy,4911.39,BTC-27SEP19-5000-P,65.39,0.1885,1.0,0,1554432356670,17345677,31
2019-04-06 08:15:32.836,1.0,sell,4999.21,BTC-27SEP19-5000-P,62.84,0.171,1.0,2,1554538532836,17390861,32
2019-04-07 20:16:06.147,0.1,buy,5165.27,BTC-27SEP19-5000-P,66.85,0.159,0.1,2,1554668166147,17479067,33
2019-04-09 20:39:06.863,1.0,sell,5232.98,BTC-27SEP19-5000-P,62.85,0.1425,1.0,2,1554842346863,17581632,34
2019-04-10 17:57:02.987,0.1,buy,5307.5,BTC-27SEP19-5000-P,62.09,0.133,0.1,2,1554919022987,17607831,35
2019-04-11 08:20:51.756,5.0,buy,5166.78,BTC-27SEP19-5000-P,62.18,0.1485,5.0,0,1554970851756,17673789,36
2019-04-11 09:07:01.905,3.0,buy,5193.28,BTC-27SEP19-5000-P,63.47,0.149,3.0,0,1554973621905,17674902,37
2019-04-11 20:03:26.852,5.0,buy,5066.33,BTC-27SEP19-5000-P,62.21,0.1625,5.0,0,1555013006852,17714353,38
2019-04-12 01:21:46.669,5.0,sell,4987.77,BTC-27SEP19-5000-P,62.01,0.1695,5.0,0,1555032106669,17725833,39
2019-04-12 04:40:39.044,0.3,buy,5020.9,BTC-27SEP19-5000-P,62.43,0.166,0.3,2,1555044039044,17737456,40
2019-04-12 08:57:20.962,0.1,buy,5023.2,BTC-27SEP19-5000-P,64.11,0.16899999999999998,0.1,0,1555059440962,17743002,41
2019-04-12 10:54:08.086,5.0,sell,5080.35,BTC-27SEP19-5000-P,60.84,0.1545,5.0,2,1555066448086,17745473,42
2019-04-15 04:42:47.895,0.9,sell,5177.82,BTC-27SEP19-5000-P,59.0,0.1415,0.9,2,1555303367895,17813233,43
2019-04-15 20:07:05.902,3.0,buy,4986.8,BTC-27SEP19-5000-P,60.69,0.163,3.0,0,1555358825902,17839018,44
2019-04-16 11:35:57.581,2.0,buy,5065.13,BTC-27SEP19-5000-P,59.18,0.1505,2.0,2,1555414557581,17856406,45
2019-04-19 17:12:51.892,0.1,buy,5262.86,BTC-27SEP19-5000-P,61.5,0.1335,0.1,2,1555693971892,17962759,46
2019-04-19 21:39:45.338,1.0,sell,5282.32,BTC-27SEP19-5000-P,59.49,0.127,1.0,2,1555709985338,17968803,47
2019-04-20 08:22:07.569,9.0,sell,5331.87,BTC-27SEP19-5000-P,59.02,0.121,9.0,2,1555748527569,17979370,48
2019-04-22 14:38:45.694,1.0,buy,5311.03,BTC-27SEP19-5000-P,60.09,0.124,1.0,0,1555943925694,18038293,49
2019-04-23 04:14:04.703,0.1,buy,5466.54,BTC-27SEP19-5000-P,61.91,0.115,0.1,2,1555992844703,18080916,50
2019-04-23 06:45:27.109,1.0,buy,5528.54,BTC-27SEP19-5000-P,62.55,0.1115,1.0,2,1556001927109,18099788,51
2019-04-23 09:35:27.110,1.0,sell,5533.8,BTC-27SEP19-5000-P,61.99,0.1095,1.0,2,1556012127110,18104455,52
2019-04-23 21:18:17.494,0.5,buy,5578.52,BTC-27SEP19-5000-P,62.45,0.1075,0.5,2,1556054297494,18123800,53
2019-04-24 11:17:33.819,0.1,buy,5390.46,BTC-27SEP19-5000-P,60.44,0.1195,0.1,0,1556104653819,18173102,54
2019-04-24 11:17:44.030,4.9,buy,5385.06,BTC-27SEP19-5000-P,60.23,0.1195,4.9,1,1556104664030,18173276,55
2019-04-25 22:05:28.869,5.9,buy,5143.82,BTC-27SEP19-5000-P,57.75,0.1395,5.9,0,1556229928869,18246764,56
2019-04-25 22:05:51.565,0.1,sell,5132.55,BTC-27SEP19-5000-P,53.77,0.1295,0.1,2,1556229951565,18247260,57
2019-04-25 22:21:12.292,0.5,sell,5123.02,BTC-27SEP19-5000-P,58.36,0.1435,0.5,0,1556230872292,18268180,58
2019-04-29 16:27:48.558,9.0,sell,5150.19,BTC-27SEP19-5000-P,59.59,0.142,9.0,2,1556555268558,18430267,59
2019-04-29 20:54:43.883,5.0,sell,5126.71,BTC-27SEP19-5000-P,59.17,0.14400000000000002,5.0,0,1556571283883,18437078,60
2019-04-30 09:04:25.201,0.3,sell,5157.08,BTC-27SEP19-5000-P,59.25,0.1405,0.3,2,1556615065201,18452342,61
2019-05-01 12:09:37.094,5.0,buy,5306.69,BTC-27SEP19-5000-P,60.65,0.131,5.0,2,1556712577094,18505318,62
2019-05-01 13:27:11.425,2.0,buy,5281.32,BTC-27SEP19-5000-P,60.58,0.1325,2.0,0,1556717231425,18508079,63
2019-05-01 13:27:53.295,1.0,buy,5281.69,BTC-27SEP19-5000-P,60.6,0.1325,1.0,1,1556717273295,18508082,64
2019-05-01 23:26:19.955,1.0,buy,5312.35,BTC-27SEP19-5000-P,61.15,0.1315,1.0,2,1556753179955,18524564,65
2019-05-01 23:27:25.811,1.0,buy,5308.77,BTC-27SEP19-5000-P,61.21,0.132,1.0,0,1556753245811,18524631,66
2019-05-02 03:51:55.462,5.0,buy,5325.23,BTC-27SEP19-5000-P,61.2,0.1305,5.0,2,1556769115462,18529831,67
2019-05-02 13:16:42.261,6.0,buy,5351.42,BTC-27SEP19-5000-P,61.61,0.128,6.0,2,1556803002261,18550380,68
2019-05-02 13:17:15.889,2.0,buy,5351.36,BTC-27SEP19-5000-P,61.54,0.1285,2.0,0,1556803035889,18550598,69
2019-05-02 13:20:02.130,0.5,buy,5351.19,BTC-27SEP19-5000-P,61.51,0.1285,0.5,1,1556803202130,18550716,70
2019-05-02 13:37:14.228,5.0,buy,5353.99,BTC-27SEP19-5000-P,61.07,0.1275,5.0,2,1556804234228,18550964,71
2019-05-03 02:07:59.761,5.0,sell,5444.6,BTC-27SEP19-5000-P,61.44,0.1195,5.0,2,1556849279761,18584658,72
2019-05-03 02:18:38.169,0.1,sell,5442.65,BTC-27SEP19-5000-P,61.12,0.11900000000000001,0.1,2,1556849918169,18585568,73
2019-05-03 06:19:23.343,1.0,sell,5530.02,BTC-27SEP19-5000-P,61.92,0.111,1.0,2,1556864363343,18601140,74
2019-05-03 06:25:19.851,1.0,sell,5533.11,BTC-27SEP19-5000-P,61.78,0.1105,1.0,2,1556864719851,18602494,75
2019-05-03 06:25:34.881,5.0,sell,5539.84,BTC-27SEP19-5000-P,61.83,0.11,5.0,2,1556864734881,18602640,76
2019-05-03 09:57:38.827,0.1,sell,5793.42,BTC-27SEP19-5000-P,62.0,0.09,0.1,2,1556877458827,18653930,77
2019-05-03 15:15:24.083,5.0,sell,5721.45,BTC-27SEP19-5000-P,61.15,0.0915,5.0,0,1556896524083,18688717,78
2019-05-03 22:06:17.594,3.0,buy,5680.94,BTC-27SEP19-5000-P,62.54,0.09699999999999999,3.0,0,1556921177594,18711002,79
2019-05-03 22:06:17.594,2.0,buy,5680.94,BTC-27SEP19-5000-P,62.54,0.09699999999999999,2.0,1,1556921177594,18711003,80
2019-05-04 00:20:28.665,1.0,sell,5701.28,BTC-27SEP19-5000-P,61.21,0.092,1.0,2,1556929228665,18722502,81
2019-05-05 14:37:49.634,9.6,sell,5719.93,BTC-27SEP19-5000-P,60.26,0.0885,9.6,2,1557067069634,18877770,82
2019-05-05 14:37:49.634,2.4,sell,5719.93,BTC-27SEP19-5000-P,60.03,0.08800000000000001,2.4,2,1557067069634,18877771,83
2019-05-06 11:02:54.275,5.0,sell,5620.82,BTC-27SEP19-5000-P,61.2,0.0975,5.0,0,1557140574275,18948116,84
2019-05-07 02:57:23.544,0.1,buy,5889.53,BTC-27SEP19-5000-P,62.57,0.081,0.1,2,1557197843544,19008154,85
2019-05-07 03:03:41.564,3.0,buy,5889.53,BTC-27SEP19-5000-P,62.87,0.08199999999999999,3.0,0,1557198221564,19013752,86
2019-05-07 03:04:08.465,2.7,buy,5894.19,BTC-27SEP19-5000-P,62.91,0.0815,2.7,2,1557198248465,19014165,87
2019-05-07 03:45:29.219,3.0,buy,5893.97,BTC-27SEP19-5000-P,64.51,0.085,3.0,0,1557200729219,19021011,88
2019-05-07 16:48:09.092,0.7000000000000001,buy,5882.82,BTC-27SEP19-5000-P,65.12,0.087,0.7000000000000001,0,1557247689092,19067327,89
2019-05-08 05:36:45.958,1.4,buy,5804.79,BTC-27SEP19-5000-P,64.42,0.09300000000000001,1.4,0,1557293805958,19131193,90
2019-05-09 05:57:12.402,5.0,sell,6044.53,BTC-27SEP19-5000-P,62.3,0.0745,5.0,2,1557381432402,19223903,91
2019-05-09 05:58:29.315,5.0,sell,6043.07,BTC-27SEP19-5000-P,62.25,0.0745,5.0,3,1557381509315,19223977,92
2019-05-10 00:57:21.634,1.0,sell,6120.93,BTC-27SEP19-5000-P,64.49,0.0755,1.0,0,1557449841634,19283818,93
2019-05-10 01:59:20.175,5.0,sell,6172.55,BTC-27SEP19-5000-P,64.47,0.073,5.0,2,1557453560175,19288331,94
2019-05-10 02:42:21.063,0.1,sell,6237.4,BTC-27SEP19-5000-P,64.61,0.0695,0.1,2,1557456141063,19296858,95
2019-05-10 06:00:42.462,6.6000000000000005,sell,6275.81,BTC-27SEP19-5000-P,65.26,0.0695,6.6000000000000005,3,1557468042462,19325601,96
2019-05-10 07:55:04.441,5.0,sell,6319.85,BTC-27SEP19-5000-P,65.1,0.067,5.0,2,1557474904441,19336044,97
2019-05-10 08:53:24.529,0.8,sell,6280.99,BTC-27SEP19-5000-P,63.45,0.0655,0.8,2,1557478404529,19343583,98
2019-05-10 17:11:59.813,0.3,sell,6388.72,BTC-27SEP19-5000-P,65.79,0.0645,0.3,2,1557508319813,19383604,99
2019-05-10 19:17:43.980,0.1,buy,6376.18,BTC-27SEP19-5000-P,64.94,0.064,0.1,2,1557515863980,19392874,100
2019-05-10 20:54:21.178,1.0,buy,6267.71,BTC-27SEP19-5000-P,66.14,0.071,1.0,0,1557521661178,19405230,101
2019-05-11 04:49:31.892,0.1,sell,6732.17,BTC-27SEP19-5000-P,68.2,0.0545,0.1,2,1557550171892,19453101,102
2019-05-11 07:18:26.165,1.0,buy,6808.15,BTC-27SEP19-5000-P,66.98,0.05,1.0,2,1557559106165,19522824,103
2019-05-11 07:49:54.398,0.3,buy,6793.84,BTC-27SEP19-5000-P,68.2,0.052000000000000005,0.3,0,1557560994398,19528288,104
2019-05-11 08:23:38.447,0.1,buy,6790.89,BTC-27SEP19-5000-P,69.26,0.0535,0.1,0,1557563018447,19533167,105
2019-05-11 13:22:17.269,1.7,sell,6804.79,BTC-27SEP19-5000-P,69.93,0.0525,1.7,2,1557580937269,19567614,106
2019-05-11 14:22:11.521,1.0,buy,6792.53,BTC-27SEP19-5000-P,72.6,0.0575,1.0,0,1557584531521,19572185,107
2019-05-11 14:22:11.521,1.0,buy,6792.53,BTC-27SEP19-5000-P,73.21,0.0585,1.0,0,1557584531521,19572186,108
2019-05-11 14:22:45.309,3.2,buy,6793.04,BTC-27SEP19-5000-P,73.24,0.0585,3.2,1,1557584565309,19572194,109
2019-05-11 14:25:12.820,1.0,buy,6793.05,BTC-27SEP19-5000-P,73.7,0.0595,1.0,0,1557584712820,19572555,110
2019-05-11 14:25:12.820,1.0,buy,6793.05,BTC-27SEP19-5000-P,74.0,0.06,1.0,0,1557584712820,19572556,111
2019-05-11 14:25:12.824,8.0,sell,6793.05,BTC-27SEP19-5000-P,74.0,0.06,8.0,1,1557584712824,19572557,112
2019-05-11 14:25:51.838,1.0,buy,6793.23,BTC-27SEP19-5000-P,74.01,0.06,1.0,1,1557584751838,19572572,113
2019-05-11 14:25:51.838,1.0,buy,6793.23,BTC-27SEP19-5000-P,74.01,0.06,1.0,1,1557584751838,19572573,114
2019-05-11 14:25:51.840,13.0,sell,6793.23,BTC-27SEP19-5000-P,74.01,0.06,13.0,1,1557584751840,19572574,115
2019-05-11 14:47:09.463,4.9,buy,6793.73,BTC-27SEP19-5000-P,73.24,0.0585,4.9,2,1557586029463,19575149,116
2019-05-11 14:47:09.463,1.0,buy,6793.73,BTC-27SEP19-5000-P,73.54,0.059000000000000004,1.0,0,1557586029463,19575150,117
2019-05-11 14:47:09.463,5.0,buy,6793.73,BTC-27SEP19-5000-P,73.84,0.0595,5.0,0,1557586029463,19575151,118
2019-05-11 14:47:09.466,19.1,sell,6793.73,BTC-27SEP19-5000-P,73.84,0.0595,19.1,1,1557586029466,19575152,119
2019-05-11 15:01:24.474,5.0,buy,6790.8,BTC-27SEP19-5000-P,73.91,0.0595,5.0,1,1557586884474,19576177,120
2019-05-11 15:01:24.474,25.0,buy,6790.8,BTC-27SEP19-5000-P,73.91,0.0595,25.0,1,1557586884474,19576178,121
2019-05-11 15:06:39.465,6.8,buy,6766.74,BTC-27SEP19-5000-P,72.86,0.0585,6.8,2,1557587199465,19576843,122
2019-05-11 15:07:15.645,14.0,buy,6764.49,BTC-27SEP19-5000-P,74.02,0.0605,14.0,0,1557587235645,19576856,123
2019-05-11 15:09:49.355,6.3,buy,6776.81,BTC-27SEP19-5000-P,73.82,0.06,6.3,2,1557587389355,19577005,124
2019-05-12 01:22:56.623,0.2,sell,7079.71,BTC-27SEP19-5000-P,83.19,0.0635,0.2,0,1557624176623,19773892,125
2019-05-12 07:50:57.115,0.1,sell,7526.66,BTC-27SEP19-5000-P,82.48,0.05,0.1,2,1557647457115,19840865,126
2019-05-12 07:51:04.619,0.1,sell,7526.25,BTC-27SEP19-5000-P,84.91,0.0535,0.1,0,1557647464619,19840872,127
2019-05-12 07:58:00.582,0.1,buy,7514.79,BTC-27SEP19-5000-P,88.42,0.059,0.1,0,1557647880582,19841827,128
