date_utc,amount,direction,indexPrice,instrument,iv,price,quantity,tickDirection,timeStamp,tradeId,tradeSeq
2019-05-24 08:41:15.521,0.1,buy,8014.3,BTC-7JUN19-10000-C,100.99,0.0145,0.1,1,1558687275521,21974895,1
2019-05-24 11:31:50.284,3.0,sell,8068.53,BTC-7JUN19-10000-C,91.47,0.011,3.0,2,1558697510284,21984228,2
2019-05-24 12:46:56.721,0.2,buy,8030.58,BTC-7JUN19-10000-C,94.21,0.0115,0.2,0,1558702016721,21987420,3
2019-05-24 15:01:28.629,0.1,buy,8081.53,BTC-7JUN19-10000-C,91.48,0.011,0.1,2,1558710088629,21993838,4
2019-05-24 15:13:57.622,1.8,buy,8106.13,BTC-7JUN19-10000-C,91.8,0.0115,1.8,0,1558710837622,21995607,5
2019-05-24 16:08:01.990,0.1,sell,8151.27,BTC-7JUN19-10000-C,93.69,0.013,0.1,0,1558714081990,22001142,6
2019-05-24 16:25:44.791,0.1,sell,8150.35,BTC-7JUN19-10000-C,92.65,0.0125,0.1,2,1558715144791,22003122,7
2019-05-25 08:06:43.880,0.5,sell,7991.22,BTC-7JUN19-10000-C,94.75,0.01,0.5,2,1558771603880,22042608,8
2019-05-25 10:41:19.794,1.0,buy,8114.21,BTC-7JUN19-10000-C,96.72,0.0125,1.0,0,1558780879794,22049289,9
2019-05-25 11:07:22.020,2.0,sell,8101.87,BTC-7JUN19-10000-C,96.07,0.012,2.0,2,1558782442020,22050095,10
2019-05-25 15:52:42.815,0.1,buy,8062.54,BTC-7JUN19-10000-C,95.86,0.011,0.1,2,1558799562815,22062131,11
2019-05-25 19:03:40.906,0.1,sell,8045.12,BTC-7JUN19-10000-C,94.45,0.01,0.1,2,1558811020906,22068908,12
2019-05-25 19:20:26.745,4.4,sell,8048.61,BTC-7JUN19-10000-C,94.36,0.01,4.4,3,1558812026745,22069345,13
2019-05-26 02:27:39.048,0.1,buy,8054.02,BTC-7JUN19-10000-C,100.41,0.012,0.1,0,1558837659048,22080762,14
2019-05-26 02:27:39.048,1.0,buy,8054.02,BTC-7JUN19-10000-C,101.64,0.0125,1.0,0,1558837659048,22080763,15
2019-05-26 12:40:31.739,1.0,buy,7955.49,BTC-7JUN19-10000-C,100.79,0.01,1.0,2,1558874431739,22102246,16
2019-05-26 19:30:38.905,0.2,buy,8275.19,BTC-7JUN19-10000-C,89.57,0.01,0.2,3,1558899038905,22123275,17
2019-05-26 19:30:45.256,0.2,buy,8286.1,BTC-7JUN19-10000-C,89.14,0.01,0.2,3,1558899045256,22123651,18
2019-05-26 19:30:49.709,0.2,buy,8286.76,BTC-7JUN19-10000-C,89.12,0.01,0.2,3,1558899049709,22123971,19
2019-05-26 19:30:50.598,0.2,buy,8285.64,BTC-7JUN19-10000-C,89.16,0.01,0.2,3,1558899050598,22124033,20
2019-05-26 19:31:17.380,0.2,buy,8298.41,BTC-7JUN19-10000-C,88.66,0.01,0.2,3,1558899077380,22125721,21
2019-05-26 19:31:17.636,0.2,buy,8298.41,BTC-7JUN19-10000-C,88.66,0.01,0.2,3,1558899077636,22125729,22
2019-05-26 19:31:17.966,0.2,buy,8298.41,BTC-7JUN19-10000-C,88.66,0.01,0.2,3,1558899077966,22125745,23
2019-05-26 19:31:18.910,0.2,buy,8298.96,BTC-7JUN19-10000-C,88.64,0.01,0.2,3,1558899078910,22125768,24
2019-05-26 19:31:22.168,0.2,buy,8301.97,BTC-7JUN19-10000-C,88.52,0.01,0.2,3,1558899082168,22125930,25
2019-05-26 19:31:22.778,0.2,buy,8301.97,BTC-7JUN19-10000-C,88.52,0.01,0.2,3,1558899082778,22125966,26
2019-05-26 20:05:22.967,0.1,buy,8681.86,BTC-7JUN19-10000-C,89.68,0.0175,0.1,0,1558901122967,22169099,27
2019-05-26 20:11:57.854,0.1,sell,8624.59,BTC-7JUN19-10000-C,102.63,0.023,0.1,0,1558901517854,22177805,28
2019-05-26 20:43:37.276,3.9,buy,8626.0,BTC-7JUN19-10000-C,103.58,0.0235,3.9,1,1558903417276,22193136,30
2019-05-26 20:43:37.276,10.0,buy,8626.0,BTC-7JUN19-10000-C,103.58,0.0235,10.0,0,1558903417276,22193135,29
2019-05-26 21:41:47.417,1.0,buy,8644.47,BTC-7JUN19-10000-C,110.06,0.0275,1.0,0,1558906907417,22207791,31
2019-05-26 22:20:27.672,3.0,buy,8735.59,BTC-7JUN19-10000-C,125.03,0.039,3.0,0,1558909227672,22217552,32
2019-05-26 23:56:47.279,1.0,buy,8756.88,BTC-7JUN19-10000-C,117.85,0.035,1.0,2,1558915007279,22233843,33
2019-05-26 23:56:47.279,1.5,buy,8756.88,BTC-7JUN19-10000-C,121.92,0.0375,1.5,0,1558915007279,22233844,34
2019-05-27 13:20:08.227,2.0,buy,8819.56,BTC-7JUN19-10000-C,109.23,0.03,2.0,2,1558963208227,22301536,35
2019-05-27 13:20:28.710,2.0,buy,8823.79,BTC-7JUN19-10000-C,109.02,0.03,2.0,3,1558963228710,22301564,36
2019-05-27 17:10:25.352,1.0,sell,8732.9,BTC-7JUN19-10000-C,102.6,0.0235,1.0,2,1558977025352,22339520,37
2019-05-28 12:57:13.865,10.0,buy,8719.9,BTC-7JUN19-10000-C,102.55,0.021,10.0,2,1559048233865,22403735,38
2019-05-28 13:06:09.808,2.4,buy,8732.51,BTC-7JUN19-10000-C,101.97,0.021,2.4,3,1559048769808,22403918,39
2019-05-28 17:20:29.536,0.1,buy,8674.59,BTC-7JUN19-10000-C,103.69,0.02,0.1,2,1559064029536,22428488,40
2019-05-28 17:33:08.500,10.0,buy,8731.5,BTC-7JUN19-10000-C,105.01,0.022,10.0,0,1559064788500,22429890,41
2019-05-29 00:23:00.936,10.0,sell,8695.45,BTC-7JUN19-10000-C,101.12,0.0185,10.0,2,1559089380936,22453786,42
2019-05-29 04:35:50.089,0.1,sell,8533.09,BTC-7JUN19-10000-C,103.15,0.0155,0.1,2,1559104550089,22467900,43
2019-05-29 05:27:56.345,10.0,sell,8533.75,BTC-7JUN19-10000-C,102.14,0.015,10.0,2,1559107676345,22473475,44
2019-05-29 13:27:54.713,0.5,buy,8716.76,BTC-7JUN19-10000-C,98.69,0.0165,0.5,0,1559136474713,22510062,45
2019-05-29 15:54:40.954,0.2,sell,8690.76,BTC-7JUN19-10000-C,94.68,0.014,0.2,2,1559145280954,22524247,46
2019-05-29 16:27:14.491,1.0,buy,8692.84,BTC-7JUN19-10000-C,95.9,0.0145,1.0,0,1559147234491,22527325,47
2019-05-29 17:24:37.253,1.0,sell,8707.66,BTC-7JUN19-10000-C,95.41,0.0145,1.0,1,1559150677253,22530261,48
2019-05-29 20:45:54.156,1.0,sell,8638.12,BTC-7JUN19-10000-C,97.12,0.0135,1.0,2,1559162754156,22539461,49
2019-05-30 01:02:45.776,32.0,buy,8711.96,BTC-7JUN19-10000-C,99.41,0.0155,32.0,0,1559178165776,22551690,50
2019-05-30 01:06:32.315,47.1,buy,8725.14,BTC-7JUN19-10000-C,101.12,0.0165,47.1,1,1559178392315,22552281,52
2019-05-30 01:06:32.315,32.0,buy,8725.14,BTC-7JUN19-10000-C,101.12,0.0165,32.0,0,1559178392315,22552280,51
2019-05-30 01:06:32.317,3.9,sell,8725.14,BTC-7JUN19-10000-C,101.12,0.0165,3.9,1,1559178392317,22552282,53
2019-05-30 02:09:48.505,1.0,buy,8621.34,BTC-7JUN19-10000-C,99.25,0.0135,1.0,2,1559182188505,22564724,54
2019-05-30 03:52:16.832,6.7,buy,8683.55,BTC-7JUN19-10000-C,99.12,0.0145,6.7,1,1559188336832,22574569,58
2019-05-30 03:52:16.832,1.2,buy,8683.55,BTC-7JUN19-10000-C,99.12,0.0145,1.2,1,1559188336832,22574578,67
2019-05-30 03:52:16.832,1.5,buy,8683.55,BTC-7JUN19-10000-C,99.12,0.0145,1.5,1,1559188336832,22574567,56
2019-05-30 03:52:16.832,1.9,buy,8683.55,BTC-7JUN19-10000-C,99.12,0.0145,1.9,1,1559188336832,22574593,82
2019-05-30 03:52:16.832,4.8,buy,8683.55,BTC-7JUN19-10000-C,99.12,0.0145,4.8,1,1559188336832,22574571,60
2019-05-30 03:52:16.832,4.6000000000000005,buy,8683.55,BTC-7JUN19-10000-C,99.12,0.0145,4.6000000000000005,0,1559188336832,22574566,55
2019-05-30 03:52:16.832,0.8,buy,8683.55,BTC-7JUN19-10000-C,99.12,0.0145,0.8,1,1559188336832,22574601,90
2019-05-30 03:52:16.832,1.1,buy,8683.55,BTC-7JUN19-10000-C,99.12,0.0145,1.1,1,1559188336832,22574594,83
2019-05-30 03:52:16.832,1.8,buy,8683.55,BTC-7JUN19-10000-C,99.12,0.0145,1.8,1,1559188336832,22574572,61
2019-05-30 03:52:16.832,0.4,buy,8683.55,BTC-7JUN19-10000-C,99.12,0.0145,0.4,1,1559188336832,22574582,71
2019-05-30 03:52:16.832,1.3,buy,8683.55,BTC-7JUN19-10000-C,99.12,0.0145,1.3,1,1559188336832,22574568,57
2019-05-30 03:52:16.832,2.1,buy,8683.55,BTC-7JUN19-10000-C,99.12,0.0145,2.1,1,1559188336832,22574577,66
2019-05-30 03:52:16.832,0.3,buy,8683.55,BTC-7JUN19-10000-C,99.12,0.0145,0.3,1,1559188336832,22574576,65
2019-05-30 03:52:16.832,2.8000000000000003,buy,8683.55,BTC-7JUN19-10000-C,99.12,0.0145,2.8000000000000003,1,1559188336832,22574579,68
2019-05-30 03:52:16.832,0.2,buy,8683.55,BTC-7JUN19-10000-C,99.12,0.0145,0.2,1,1559188336832,22574595,84
2019-05-30 03:52:16.832,1.9,buy,8683.55,BTC-7JUN19-10000-C,99.12,0.0145,1.9,1,1559188336832,22574583,72
2019-05-30 03:52:16.832,1.7,buy,8683.55,BTC-7JUN19-10000-C,99.12,0.0145,1.7,1,1559188336832,22574570,59
2019-05-30 03:52:16.832,1.2,buy,8683.55,BTC-7JUN19-10000-C,99.12,0.0145,1.2,1,1559188336832,22574600,89
2019-05-30 03:52:16.832,1.4,buy,8683.55,BTC-7JUN19-10000-C,99.12,0.0145,1.4,1,1559188336832,22574584,73
2019-05-30 03:52:16.832,1.0,buy,8683.55,BTC-7JUN19-10000-C,99.12,0.0145,1.0,1,1559188336832,22574585,74
2019-05-30 03:52:16.832,1.0,buy,8683.55,BTC-7JUN19-10000-C,99.12,0.0145,1.0,1,1559188336832,22574573,62
2019-05-30 03:52:16.832,1.4,buy,8683.55,BTC-7JUN19-10000-C,99.12,0.0145,1.4,1,1559188336832,22574590,79
2019-05-30 03:52:16.832,5.8,buy,8683.55,BTC-7JUN19-10000-C,99.12,0.0145,5.8,1,1559188336832,22574580,69
2019-05-30 03:52:16.832,0.7000000000000001,buy,8683.55,BTC-7JUN19-10000-C,99.12,0.0145,0.7000000000000001,1,1559188336832,22574589,78
2019-05-30 03:52:16.832,3.2,buy,8683.55,BTC-7JUN19-10000-C,99.12,0.0145,3.2,1,1559188336832,22574575,64
2019-05-30 03:52:16.832,3.0,buy,8683.55,BTC-7JUN19-10000-C,99.12,0.0145,3.0,1,1559188336832,22574591,80
2019-05-30 03:52:16.832,0.8,buy,8683.55,BTC-7JUN19-10000-C,99.12,0.0145,0.8,1,1559188336832,22574598,87
2019-05-30 03:52:16.832,2.1,buy,8683.55,BTC-7JUN19-10000-C,99.12,0.0145,2.1,1,1559188336832,22574574,63
2019-05-30 03:52:16.832,1.7,buy,8683.55,BTC-7JUN19-10000-C,99.12,0.0145,1.7,1,1559188336832,22574581,70
2019-05-30 03:52:16.832,3.2,buy,8683.55,BTC-7JUN19-10000-C,99.12,0.0145,3.2,1,1559188336832,22574597,86
2019-05-30 03:52:16.832,2.1,buy,8683.55,BTC-7JUN19-10000-C,99.12,0.0145,2.1,1,1559188336832,22574599,88
2019-05-30 03:52:16.832,0.3,buy,8683.55,BTC-7JUN19-10000-C,99.12,0.0145,0.3,1,1559188336832,22574586,75
2019-05-30 03:52:16.832,3.9,buy,8683.55,BTC-7JUN19-10000-C,99.12,0.0145,3.9,1,1559188336832,22574596,85
2019-05-30 03:52:16.832,1.3,buy,8683.55,BTC-7JUN19-10000-C,99.12,0.0145,1.3,1,1559188336832,22574588,77
2019-05-30 03:52:16.832,4.4,buy,8683.55,BTC-7JUN19-10000-C,99.12,0.0145,4.4,1,1559188336832,22574587,76
2019-05-30 03:52:16.832,1.1,buy,8683.55,BTC-7JUN19-10000-C,99.12,0.0145,1.1,1,1559188336832,22574592,81
2019-05-30 04:46:51.683,0.3,buy,8692.11,BTC-7JUN19-10000-C,102.56,0.016,0.3,0,1559191611683,22577429,91
2019-05-30 13:59:25.296,1.0,sell,8712.17,BTC-7JUN19-10000-C,99.05,0.014,1.0,2,1559224765296,22604351,92
2019-05-30 15:04:19.947,10.0,sell,8742.75,BTC-7JUN19-10000-C,95.22,0.013,10.0,2,1559228659947,22607456,93
2019-05-30 15:04:19.947,4.9,sell,8742.75,BTC-7JUN19-10000-C,95.22,0.013,4.9,3,1559228659947,22607457,94
2019-05-30 15:04:20.057,10.0,buy,8742.75,BTC-7JUN19-10000-C,95.22,0.013,10.0,3,1559228660057,22607458,95
2019-05-30 15:17:59.893,25.1,buy,8741.91,BTC-7JUN19-10000-C,95.32,0.013,25.1,3,1559229479893,22608396,96
2019-05-30 15:49:41.121,0.1,sell,8868.88,BTC-7JUN19-10000-C,95.11,0.0155,0.1,0,1559231381121,22614720,97
2019-05-30 15:58:30.948,0.1,sell,8918.48,BTC-7JUN19-10000-C,94.86,0.0165,0.1,0,1559231910948,22618301,98
2019-05-30 16:03:16.894,4.0,buy,9038.58,BTC-7JUN19-10000-C,96.1,0.02,4.0,0,1559232196894,22623213,99
2019-05-30 16:04:23.138,0.2,sell,9068.05,BTC-7JUN19-10000-C,95.52,0.0205,0.2,0,1559232263138,22624913,100
2019-05-30 16:05:53.610,1.0,buy,9062.26,BTC-7JUN19-10000-C,100.05,0.0225,1.0,0,1559232353610,22625800,101
2019-05-30 17:06:56.102,10.0,buy,8597.85,BTC-7JUN19-10000-C,103.08,0.013000000000000001,10.0,2,1559236016102,22661404,102
2019-05-30 17:08:23.651,5.1000000000000005,buy,8547.24,BTC-7JUN19-10000-C,104.26,0.0125,5.1000000000000005,2,1559236103651,22662804,103
2019-05-30 17:08:23.651,2.5,buy,8547.24,BTC-7JUN19-10000-C,104.26,0.0125,2.5,3,1559236103651,22662805,104
2019-05-30 17:08:23.654,0.3,sell,8547.24,BTC-7JUN19-10000-C,104.26,0.0125,0.3,3,1559236103654,22662806,105
2019-05-30 17:08:36.784,1.0,buy,8556.77,BTC-7JUN19-10000-C,105.16,0.013000000000000001,1.0,1,1559236116784,22662889,107
2019-05-30 17:08:36.784,10.0,buy,8556.77,BTC-7JUN19-10000-C,105.16,0.013000000000000001,10.0,1,1559236116784,22662890,108
2019-05-30 17:08:36.784,1.0,buy,8556.77,BTC-7JUN19-10000-C,105.16,0.013000000000000001,1.0,0,1559236116784,22662888,106
2019-05-30 17:09:06.557,2.5,sell,8582.71,BTC-7JUN19-10000-C,101.11,0.012,2.5,2,1559236146557,22663099,109
2019-05-30 17:46:01.196,0.2,buy,8645.36,BTC-7JUN19-10000-C,102.19,0.0135,0.2,0,1559238361196,22668968,110
2019-05-30 17:46:01.196,0.1,buy,8645.36,BTC-7JUN19-10000-C,102.19,0.0135,0.1,1,1559238361196,22668969,111
2019-05-30 18:22:47.466,0.8,buy,8629.25,BTC-7JUN19-10000-C,105.81,0.0145,0.8,0,1559240567466,22672478,113
2019-05-30 18:22:47.466,0.2,buy,8629.25,BTC-7JUN19-10000-C,104.51,0.014,0.2,0,1559240567466,22672477,112
2019-05-30 18:38:12.300,4.7,sell,8624.79,BTC-7JUN19-10000-C,100.79,0.0125,4.7,2,1559241492300,22672943,114
2019-05-30 18:38:12.300,5.0,sell,8624.79,BTC-7JUN19-10000-C,100.79,0.0125,5.0,3,1559241492300,22672944,115
2019-05-31 01:43:10.517,4.6000000000000005,sell,8368.02,BTC-7JUN19-10000-C,108.25,0.01,4.6000000000000005,2,1559266990517,22759006,116
2019-05-31 08:53:30.707,100.0,sell,8277.2,BTC-7JUN19-10000-C,100.22,0.006,100.0,2,1559292810707,22785562,117
2019-05-31 08:59:15.079,0.1,sell,8273.61,BTC-7JUN19-10000-C,98.26,0.0055,0.1,2,1559293155079,22785954,118
2019-05-31 09:14:44.508,30.0,sell,8308.38,BTC-7JUN19-10000-C,92.19,0.0045,30.0,2,1559294084508,22786670,119
2019-05-31 09:14:44.508,3.4,sell,8308.38,BTC-7JUN19-10000-C,92.19,0.0045,3.4,3,1559294084508,22786672,121
2019-05-31 09:14:44.508,10.0,sell,8308.38,BTC-7JUN19-10000-C,92.19,0.0045,10.0,3,1559294084508,22786671,120
2019-05-31 09:45:40.860,0.1,buy,8319.61,BTC-7JUN19-10000-C,98.51,0.006,0.1,0,1559295940860,22787679,122
2019-05-31 11:00:06.438,3.0,sell,8278.22,BTC-7JUN19-10000-C,88.85,0.0035,3.0,2,1559300406438,22790624,123
2019-05-31 11:56:32.504,9.5,sell,8238.58,BTC-7JUN19-10000-C,87.91,0.003,9.5,2,1559303792504,22795488,124
2019-05-31 13:27:00.045,0.2,buy,8379.34,BTC-7JUN19-10000-C,94.69,0.0055,0.2,0,1559309220045,22803617,125
2019-05-31 13:54:09.591,0.1,sell,8425.59,BTC-7JUN19-10000-C,85.78,0.004,0.1,2,1559310849591,22806283,126
2019-05-31 14:05:52.857,25.0,buy,8434.5,BTC-7JUN19-10000-C,90.13,0.005,25.0,0,1559311552857,22807761,127
2019-05-31 15:54:43.103,2.0,buy,8356.37,BTC-7JUN19-10000-C,94.25,0.005,2.0,1,1559318083103,22815565,128
2019-05-31 16:02:38.515,3.0,sell,8361.84,BTC-7JUN19-10000-C,94.04,0.005,3.0,1,1559318558515,22816362,129
2019-05-31 16:10:26.471,0.2,buy,8332.83,BTC-7JUN19-10000-C,95.41,0.005,0.2,1,1559319026471,22816898,130
2019-05-31 17:25:36.194,4.0,buy,8423.24,BTC-7JUN19-10000-C,93.8,0.0055,4.0,0,1559323536194,22825578,131
2019-05-31 21:46:29.715,0.4,buy,8514.03,BTC-7JUN19-10000-C,90.77,0.0055,0.4,1,1559339189715,22846641,133
2019-05-31 21:46:29.715,1.0,buy,8514.03,BTC-7JUN19-10000-C,90.77,0.0055,1.0,1,1559339189715,22846640,132
2019-06-01 00:04:58.008,1.5,buy,8552.57,BTC-7JUN19-10000-C,91.68,0.006,1.5,0,1559347498008,22853166,134
2019-06-01 03:12:10.797,0.2,buy,8558.48,BTC-7JUN19-10000-C,94.37,0.0065,0.2,0,1559358730797,22861677,135
2019-06-01 03:51:05.615,0.9,sell,8546.2,BTC-7JUN19-10000-C,93.16,0.006,0.9,2,1559361065615,22862478,136
2019-06-01 04:34:53.455,0.1,sell,8528.75,BTC-7JUN19-10000-C,94.25,0.006,0.1,3,1559363693455,22863553,137
2019-06-01 04:34:57.602,0.1,sell,8529.55,BTC-7JUN19-10000-C,92.09,0.0055,0.1,2,1559363697602,22863554,138
2019-06-01 09:13:55.697,1.0,buy,8583.65,BTC-7JUN19-10000-C,90.88,0.0055,1.0,3,1559380435697,22874242,139
2019-06-01 22:06:09.910,1.0,buy,8560.47,BTC-7JUN19-10000-C,86.37,0.0035,1.0,2,1559426769910,22902187,140
2019-06-01 22:07:15.205,1.0,buy,8556.39,BTC-7JUN19-10000-C,86.57,0.0035,1.0,3,1559426835205,22902286,141
2019-06-01 22:07:59.953,1.0,buy,8560.11,BTC-7JUN19-10000-C,86.4,0.0035,1.0,3,1559426879953,22902297,142
2019-06-01 22:08:32.211,1.0,buy,8563.65,BTC-7JUN19-10000-C,88.98,0.004,1.0,0,1559426912211,22902301,143
2019-06-01 22:17:20.106,1.0,buy,8569.02,BTC-7JUN19-10000-C,86.01,0.0035,1.0,2,1559427440106,22902545,144
2019-06-02 07:40:12.251,1.0,buy,8720.11,BTC-7JUN19-10000-C,86.86,0.0045,1.0,0,1559461212251,22919695,145
2019-06-02 15:58:33.340,1.0,sell,8706.45,BTC-7JUN19-10000-C,85.32,0.0035,1.0,2,1559491113340,22951344,146
2019-06-02 20:34:12.890,1.0,sell,8693.06,BTC-7JUN19-10000-C,90.72,0.004,1.0,0,1559507652890,22959332,147
2019-06-02 20:34:52.179,2.0,sell,8690.08,BTC-7JUN19-10000-C,90.9,0.004,2.0,1,1559507692179,22959410,148
2019-06-02 20:35:32.004,0.5,buy,8675.27,BTC-7JUN19-10000-C,94.44,0.0045,0.5,0,1559507732004,22959489,149
2019-06-02 20:37:28.817,97.0,sell,8674.13,BTC-7JUN19-10000-C,91.79,0.004,97.0,2,1559507848817,22959550,150
2019-06-02 22:44:24.923,1.5,buy,8748.94,BTC-7JUN19-10000-C,91.24,0.0045,1.5,0,1559515464923,22963806,151
2019-06-03 01:00:32.820,8.5,sell,8667.45,BTC-7JUN19-10000-C,94.1,0.004,8.5,2,1559523632820,22969314,152
2019-06-03 03:54:44.690,1.0,sell,8667.73,BTC-7JUN19-10000-C,89.19,0.003,1.0,2,1559534084690,22977532,153
2019-06-03 08:33:54.804,5.0,buy,8499.24,BTC-7JUN19-10000-C,96.89,0.0025,5.0,2,1559550834804,23010720,154
2019-06-03 08:51:59.792,5.0,sell,8486.63,BTC-7JUN19-10000-C,93.42,0.002,5.0,2,1559551919792,23011452,155
2019-06-03 09:06:42.022,1.0,sell,8456.03,BTC-7JUN19-10000-C,90.13,0.0015,1.0,2,1559552802022,23012180,156
2019-06-03 09:06:42.022,0.1,sell,8456.03,BTC-7JUN19-10000-C,90.13,0.0015,0.1,3,1559552802022,23012181,157
2019-06-03 09:52:14.897,0.8,sell,8453.42,BTC-7JUN19-10000-C,90.62,0.0015,0.8,3,1559555534897,23016183,158
2019-06-03 10:07:25.132,0.1,sell,8474.92,BTC-7JUN19-10000-C,89.64,0.0015,0.1,3,1559556445132,23016678,159
2019-06-03 10:11:57.038,0.4,buy,8475.88,BTC-7JUN19-10000-C,83.5,0.001,0.4,2,1559556717038,23016776,160
2019-06-03 10:12:04.139,0.4,buy,8475.7,BTC-7JUN19-10000-C,83.51,0.001,0.4,3,1559556724139,23016780,161
2019-06-03 10:12:04.164,0.2,buy,8475.7,BTC-7JUN19-10000-C,83.51,0.001,0.2,3,1559556724164,23016783,163
2019-06-03 10:12:04.164,0.2,buy,8475.7,BTC-7JUN19-10000-C,83.51,0.001,0.2,3,1559556724164,23016782,162
2019-06-03 10:12:08.648,2.5,buy,8475.52,BTC-7JUN19-10000-C,83.52,0.001,2.5,3,1559556728648,23016790,164
2019-06-03 10:12:21.975,2.5,buy,8475.55,BTC-7JUN19-10000-C,83.51,0.001,2.5,3,1559556741975,23016791,165
2019-06-03 10:12:30.854,0.4,buy,8476.1,BTC-7JUN19-10000-C,83.49,0.001,0.4,3,1559556750854,23016793,166
2019-06-03 17:24:10.864,0.3,buy,8487.16,BTC-7JUN19-10000-C,92.68,0.0015,0.3,0,1559582650864,23058821,167
2019-06-03 17:24:10.864,10.0,buy,8487.16,BTC-7JUN19-10000-C,92.68,0.0015,10.0,1,1559582650864,23058822,168
2019-06-03 21:17:11.467,3.0,buy,8538.8,BTC-7JUN19-10000-C,101.76,0.0025,3.0,0,1559596631467,23070014,169
2019-06-03 22:07:25.493,0.1,sell,8455.9,BTC-7JUN19-10000-C,102.44,0.002,0.1,2,1559599645493,23074460,170
2019-06-03 22:07:37.221,0.8,buy,8457.03,BTC-7JUN19-10000-C,102.39,0.002,0.8,3,1559599657221,23074468,171
2019-06-04 00:05:31.548,0.5,sell,7846.49,BTC-7JUN19-10000-C,112.43,0.0005,0.5,2,1559606731548,23120866,172
2019-06-04 00:07:27.577,4.5,sell,7757.47,BTC-7JUN19-10000-C,116.93,0.0005,4.5,3,1559606847577,23125393,173
2019-06-04 00:07:27.577,0.1,sell,7757.47,BTC-7JUN19-10000-C,116.93,0.0005,0.1,3,1559606847577,23125394,174
2019-06-04 04:31:09.525,3.0,sell,7936.61,BTC-7JUN19-10000-C,111.02,0.0005,3.0,3,1559622669525,23165876,175
2019-06-04 09:01:34.033,0.1,buy,7945.11,BTC-7JUN19-10000-C,134.52,0.0015,0.1,0,1559638894033,23192851,176
2019-06-04 14:48:10.431,1.1,buy,7978.9,BTC-7JUN19-10000-C,138.24,0.0015,1.1,1,1559659690431,23216039,177
2019-06-04 16:43:10.826,50.0,sell,7905.32,BTC-7JUN19-10000-C,123.01,0.0005,50.0,2,1559666590826,23224467,178
2019-06-04 16:43:10.826,0.2,sell,7905.32,BTC-7JUN19-10000-C,123.01,0.0005,0.2,3,1559666590826,23224468,179
2019-06-04 16:53:30.137,59.0,sell,7915.11,BTC-7JUN19-10000-C,122.62,0.0005,59.0,3,1559667210137,23225219,180
