date_utc,amount,direction,indexPrice,instrument,iv,price,quantity,tickDirection,timeStamp,tradeId,tradeSeq
2019-03-21 14:01:24.959,12.0,sell,137.14,ETH-28JUN19-140-P,93.84,0.205,12.0,1,1553176884959,84895,1
2019-03-21 14:16:03.476,1.0,sell,136.84,ETH-28JUN19-140-P,89.64,0.19899999999999998,1.0,2,1553177763476,85216,2
2019-03-21 14:30:27.691,10.0,sell,136.66,ETH-28JUN19-140-P,86.99,0.195,10.0,2,1553178627691,85996,3
2019-03-21 14:33:19.524,10.0,sell,136.61,ETH-28JUN19-140-P,87.88,0.196,10.0,0,1553178799524,86052,4
2019-03-21 14:34:09.557,20.0,sell,136.48,ETH-28JUN19-140-P,87.52,0.196,20.0,1,1553178849557,86088,5
2019-03-21 14:34:22.745,10.0,sell,136.47,ETH-28JUN19-140-P,87.5,0.196,10.0,1,1553178862745,86108,6
2019-03-21 15:28:00.590,5.0,sell,134.71,ETH-28JUN19-140-P,81.33,0.192,5.0,2,1553182080590,92130,7
2019-03-22 07:04:59.047,50.0,sell,135.12,ETH-28JUN19-140-P,74.29,0.17600000000000002,50.0,2,1553238299047,97689,8
2019-03-22 07:40:49.034,10.0,sell,135.06,ETH-28JUN19-140-P,73.07,0.17300000000000001,10.0,2,1553240449034,98027,9
2019-03-22 07:41:03.222,10.0,buy,135.06,ETH-28JUN19-140-P,73.02,0.17300000000000001,10.0,3,1553240463222,98031,10
2019-03-22 07:41:26.456,18.0,sell,135.03,ETH-28JUN19-140-P,72.44,0.172,18.0,3,1553240486456,98034,12
2019-03-22 07:41:26.456,12.0,sell,135.03,ETH-28JUN19-140-P,72.44,0.172,12.0,2,1553240486456,98033,11
2019-03-22 09:47:11.826,10.0,sell,135.51,ETH-28JUN19-140-P,72.91,0.171,10.0,2,1553248031826,99166,13
2019-03-22 10:43:54.135,10.0,sell,135.67,ETH-28JUN19-140-P,72.59,0.17,10.0,2,1553251434135,99461,14
2019-03-22 14:57:22.689,1.0,sell,136.64,ETH-28JUN19-140-P,70.27,0.162,1.0,2,1553266642689,102176,15
2019-03-22 20:47:31.192,1.0,buy,136.43,ETH-28JUN19-140-P,72.25,0.168,1.0,0,1553287651192,104597,16
2019-03-22 21:55:35.137,2.0,sell,136.07,ETH-28JUN19-140-P,69.21,0.162,2.0,2,1553291735137,105214,17
2019-03-24 16:40:21.204,2.0,sell,135.64,ETH-28JUN19-140-P,68.11,0.158,2.0,2,1553445621204,121909,18
2019-03-25 02:39:02.123,264.0,sell,135.89,ETH-28JUN19-140-P,67.56,0.154,264.0,3,1553481542123,129206,20
2019-03-25 02:39:02.123,12.0,sell,135.89,ETH-28JUN19-140-P,67.56,0.154,12.0,2,1553481542123,129205,19
2019-03-25 16:02:05.515,42.0,buy,132.65,ETH-28JUN19-140-P,68.16,0.17,42.0,0,1553529725515,140847,21
2019-03-25 20:20:50.782,6.0,buy,131.7,ETH-28JUN19-140-P,67.16,0.171,6.0,0,1553545250782,146783,22
2019-03-25 21:30:08.618,122.0,buy,132.07,ETH-28JUN19-140-P,70.44,0.17600000000000002,122.0,0,1553549408618,147776,23
2019-03-26 00:10:19.680,1.0,buy,133.2,ETH-28JUN19-140-P,70.42,0.17,1.0,2,1553559019680,149993,24
2019-03-26 16:27:52.169,1.0,buy,132.64,ETH-28JUN19-140-P,69.22,0.17,1.0,3,1553617672169,158081,25
2019-03-27 23:13:17.312,1.0,sell,138.37,ETH-28JUN19-140-P,66.27,0.135,1.0,2,1553728397312,179358,26
2019-03-27 23:52:20.727,57.0,buy,139.16,ETH-28JUN19-140-P,65.04,0.13,57.0,2,1553730740727,180861,27
2019-03-28 07:19:53.737,1.0,buy,137.72,ETH-28JUN19-140-P,66.75,0.139,1.0,0,1553757593737,183494,28
2019-03-28 11:37:33.100,13.0,buy,137.13,ETH-28JUN19-140-P,66.23,0.14,13.0,0,1553773053100,184681,29
2019-03-28 12:14:58.023,7.0,buy,137.14,ETH-28JUN19-140-P,66.08,0.139,7.0,2,1553775298023,185083,30
2019-03-29 09:14:45.811,50.0,sell,140.98,ETH-28JUN19-140-P,68.94,0.127,50.0,2,1553850885811,194910,31
2019-03-29 23:24:19.474,10.0,sell,142.11,ETH-28JUN19-140-P,65.62,0.117,10.0,2,1553901859474,204840,32
2019-03-30 03:03:54.301,1.0,buy,143.84,ETH-28JUN19-140-P,70.36,0.119,1.0,0,1553915034301,211310,33
2019-03-30 13:35:03.198,91.0,sell,141.83,ETH-28JUN19-140-P,63.29,0.11,91.0,2,1553952903198,216771,34
2019-04-01 00:37:15.241,5.0,sell,141.11,ETH-28JUN19-140-P,64.38,0.113,5.0,0,1554079035241,235620,35
2019-04-02 02:07:13.628,50.0,sell,141.61,ETH-28JUN19-140-P,64.42,0.11199999999999999,50.0,2,1554170833628,251845,36
2019-04-02 04:32:58.858,43.0,sell,142.64,ETH-28JUN19-140-P,64.7,0.109,43.0,2,1554179578858,253786,37
2019-04-02 04:32:59.740,44.0,sell,142.64,ETH-28JUN19-140-P,64.7,0.109,44.0,3,1554179579740,253797,38
2019-04-02 04:33:00.786,13.0,sell,142.72,ETH-28JUN19-140-P,64.89,0.109,13.0,3,1554179580786,253835,39
2019-04-02 18:43:56.590,4.0,sell,157.71,ETH-28JUN19-140-P,73.81,0.078,4.0,2,1554230636590,312481,40
2019-04-02 18:45:12.093,100.0,sell,158.02,ETH-28JUN19-140-P,68.23,0.068,100.0,2,1554230712093,312578,41
2019-04-02 18:45:13.993,100.0,sell,158.08,ETH-28JUN19-140-P,68.42,0.068,100.0,3,1554230713993,312589,42
2019-04-02 18:45:15.579,100.0,sell,158.03,ETH-28JUN19-140-P,68.44,0.068,100.0,3,1554230715579,312596,43
2019-04-02 18:45:59.252,10.0,sell,158.23,ETH-28JUN19-140-P,67.56,0.066,10.0,2,1554230759252,312649,44
2019-04-02 18:46:00.119,10.0,sell,158.23,ETH-28JUN19-140-P,67.56,0.066,10.0,3,1554230760119,312650,45
2019-04-02 18:46:00.802,10.0,sell,158.23,ETH-28JUN19-140-P,67.54,0.066,10.0,3,1554230760802,312651,46
2019-04-02 18:46:01.898,10.0,sell,158.21,ETH-28JUN19-140-P,67.54,0.066,10.0,3,1554230761898,312653,47
2019-04-02 18:46:02.690,10.0,sell,158.21,ETH-28JUN19-140-P,67.54,0.066,10.0,3,1554230762690,312654,48
2019-04-02 18:46:03.487,10.0,sell,158.21,ETH-28JUN19-140-P,67.54,0.066,10.0,3,1554230763487,312655,49
2019-04-02 18:46:04.601,10.0,sell,158.21,ETH-28JUN19-140-P,65.66,0.063,10.0,2,1554230764601,312658,50
2019-04-03 01:53:34.642,1.0,sell,168.32,ETH-28JUN19-140-P,68.77,0.05,1.0,2,1554256414642,344006,51
2019-04-03 02:42:08.990,2.0,sell,172.72,ETH-28JUN19-140-P,73.72,0.05,2.0,3,1554259328990,346851,52
2019-04-03 02:55:46.298,1.0,buy,176.4,ETH-28JUN19-140-P,75.96,0.048,1.0,2,1554260146298,349301,53
2019-04-03 04:19:07.447,20.0,buy,165.14,ETH-28JUN19-140-P,69.83,0.055,20.0,0,1554265147447,356789,54
2019-04-03 11:25:24.685,257.0,buy,167.03,ETH-28JUN19-140-P,76.17,0.06,257.0,0,1554290724685,370080,55
2019-04-03 11:35:59.709,2.0,buy,168.0,ETH-28JUN19-140-P,83.15,0.068,2.0,0,1554291359709,370250,56
2019-04-03 14:58:49.352,10.0,sell,169.04,ETH-28JUN19-140-P,72.26,0.051,10.0,2,1554303529352,380268,57
2019-04-03 18:34:37.172,10.0,buy,173.62,ETH-28JUN19-140-P,76.86,0.05,10.0,2,1554316477172,393047,58
2019-04-03 18:37:00.086,60.0,buy,173.76,ETH-28JUN19-140-P,77.87,0.051,60.0,0,1554316620086,393169,59
2019-04-03 18:45:41.441,60.0,buy,174.61,ETH-28JUN19-140-P,78.99,0.051,60.0,1,1554317141441,393431,60
2019-04-03 19:36:42.987,50.0,sell,174.86,ETH-28JUN19-140-P,69.02,0.038,50.0,2,1554320202987,395817,61
2019-04-03 23:07:20.976,1.0,buy,153.22,ETH-28JUN19-140-P,86.23,0.115,1.0,0,1554332840976,419044,62
2019-04-03 23:44:28.944,2.0,sell,162.48,ETH-28JUN19-140-P,69.45,0.061,2.0,2,1554335068944,424111,63
2019-04-03 23:53:15.059,1.0,buy,159.82,ETH-28JUN19-140-P,85.13,0.092,1.0,0,1554335595059,425250,64
2019-04-04 05:18:05.064,1.0,buy,163.65,ETH-28JUN19-140-P,82.15,0.077,1.0,2,1554355085064,434214,65
2019-04-05 09:25:56.775,17.0,sell,163.33,ETH-28JUN19-140-P,72.56,0.06,17.0,2,1554456356775,473442,66
2019-04-05 09:26:28.349,24.0,buy,163.31,ETH-28JUN19-140-P,77.85,0.068,24.0,0,1554456388349,473453,67
2019-04-05 09:59:16.393,50.0,sell,163.36,ETH-28JUN19-140-P,69.78,0.055999999999999994,50.0,2,1554458356393,473797,68
2019-04-05 10:16:27.770,120.0,buy,163.94,ETH-28JUN19-140-P,77.73,0.067,120.0,0,1554459387770,474051,69
2019-04-05 14:30:13.411,10.0,sell,164.39,ETH-28JUN19-140-P,75.86,0.064,10.0,2,1554474613411,481190,70
2019-04-05 14:30:17.483,10.0,sell,164.39,ETH-28JUN19-140-P,75.86,0.064,10.0,3,1554474617483,481191,71
2019-04-05 14:30:27.418,10.0,sell,164.39,ETH-28JUN19-140-P,75.88,0.064,10.0,3,1554474627418,481192,72
2019-04-05 14:30:36.791,10.0,sell,164.39,ETH-28JUN19-140-P,75.88,0.064,10.0,3,1554474636791,481193,73
2019-04-05 14:30:49.155,10.0,sell,164.39,ETH-28JUN19-140-P,75.89,0.064,10.0,3,1554474649155,481197,74
2019-04-05 14:31:00.295,10.0,sell,164.43,ETH-28JUN19-140-P,75.92,0.064,10.0,3,1554474660295,481198,75
2019-04-05 14:31:09.219,10.0,sell,164.42,ETH-28JUN19-140-P,75.89,0.064,10.0,3,1554474669219,481199,76
2019-04-05 14:31:19.595,10.0,sell,164.43,ETH-28JUN19-140-P,75.92,0.064,10.0,3,1554474679595,481200,77
2019-04-05 14:31:25.200,10.0,sell,164.43,ETH-28JUN19-140-P,75.91,0.064,10.0,3,1554474685200,481202,78
2019-04-05 14:31:30.728,10.0,sell,164.44,ETH-28JUN19-140-P,75.91,0.064,10.0,3,1554474690728,481203,79
2019-04-05 14:31:35.166,10.0,sell,164.44,ETH-28JUN19-140-P,75.91,0.064,10.0,3,1554474695166,481204,80
2019-04-05 14:31:39.397,10.0,sell,164.44,ETH-28JUN19-140-P,75.91,0.064,10.0,3,1554474699397,481205,81
2019-04-05 14:31:46.345,20.0,sell,164.43,ETH-28JUN19-140-P,75.89,0.064,20.0,3,1554474706345,481212,82
2019-04-05 14:33:31.877,20.0,sell,164.64,ETH-28JUN19-140-P,76.31,0.064,20.0,3,1554474811877,481267,83
2019-04-05 14:33:36.227,20.0,sell,164.64,ETH-28JUN19-140-P,76.33,0.064,20.0,3,1554474816227,481268,84
2019-04-05 14:33:43.203,20.0,sell,164.6,ETH-28JUN19-140-P,76.44,0.064,20.0,3,1554474823203,481270,85
2019-04-05 14:34:13.278,10.0,sell,164.49,ETH-28JUN19-140-P,76.31,0.064,10.0,3,1554474853278,481271,86
2019-04-05 14:34:26.749,10.0,sell,164.38,ETH-28JUN19-140-P,76.21,0.064,10.0,3,1554474866749,481274,87
2019-04-05 14:35:12.379,10.0,sell,164.38,ETH-28JUN19-140-P,76.31,0.064,10.0,3,1554474912379,481285,88
2019-04-05 14:35:32.913,10.0,sell,164.65,ETH-28JUN19-140-P,76.71,0.064,10.0,3,1554474932913,481290,89
2019-04-05 14:36:55.224,10.0,sell,164.64,ETH-28JUN19-140-P,76.59,0.064,10.0,3,1554475015224,481292,90
2019-04-05 14:37:14.303,10.0,sell,164.58,ETH-28JUN19-140-P,76.6,0.064,10.0,3,1554475034303,481293,91
2019-04-05 14:38:26.983,10.0,sell,164.23,ETH-28JUN19-140-P,76.89,0.065,10.0,0,1554475106983,481306,92
2019-04-05 14:38:39.584,10.0,sell,164.26,ETH-28JUN19-140-P,76.26,0.064,10.0,2,1554475119584,481311,93
2019-04-05 14:41:10.239,10.0,sell,163.79,ETH-28JUN19-140-P,76.83,0.066,10.0,0,1554475270239,481364,94
2019-04-05 14:41:16.976,10.0,sell,163.78,ETH-28JUN19-140-P,76.83,0.066,10.0,1,1554475276976,481370,95
2019-04-05 14:42:26.488,10.0,sell,163.55,ETH-28JUN19-140-P,76.58,0.066,10.0,1,1554475346488,481426,96
2019-04-05 14:42:51.846,12.0,sell,163.42,ETH-28JUN19-140-P,77.02,0.067,12.0,0,1554475371846,481462,97
2019-04-05 14:43:29.748,12.0,sell,163.06,ETH-28JUN19-140-P,76.7,0.067,12.0,1,1554475409748,481496,98
2019-04-05 14:43:45.514,11.0,sell,163.1,ETH-28JUN19-140-P,76.78,0.067,11.0,1,1554475425514,481511,99
2019-04-05 14:46:58.146,11.0,sell,163.36,ETH-28JUN19-140-P,76.49,0.066,11.0,2,1554475618146,481632,100
2019-04-05 14:47:57.668,11.0,sell,163.4,ETH-28JUN19-140-P,76.52,0.066,11.0,3,1554475677668,481642,101
2019-04-05 14:48:11.294,11.0,sell,163.4,ETH-28JUN19-140-P,76.51,0.066,11.0,3,1554475691294,481643,102
2019-04-05 23:03:17.396,36.0,sell,166.68,ETH-28JUN19-140-P,79.97,0.066,36.0,3,1554505397396,490188,103
2019-04-06 18:41:26.762,1.0,sell,168.41,ETH-28JUN19-140-P,72.64,0.052000000000000005,1.0,2,1554576086762,509382,104
2019-04-06 19:57:06.934,48.0,buy,171.15,ETH-28JUN19-140-P,79.4,0.057,48.0,0,1554580626934,514229,105
2019-04-08 02:49:55.764,60.0,buy,183.71,ETH-28JUN19-140-P,82.56,0.038,60.0,2,1554691795764,601732,106
2019-04-08 02:59:42.817,48.0,buy,182.66,ETH-28JUN19-140-P,84.26,0.04,48.0,0,1554692382817,602889,107
2019-04-08 02:59:43.243,1.0,buy,182.66,ETH-28JUN19-140-P,84.26,0.04,1.0,1,1554692383243,602906,108
2019-04-08 02:59:43.258,47.0,sell,182.66,ETH-28JUN19-140-P,86.87,0.043,47.0,0,1554692383258,602908,109
2019-04-08 02:59:44.512,41.0,sell,182.69,ETH-28JUN19-140-P,83.37,0.039,41.0,2,1554692384512,602940,110
2019-04-08 02:59:44.745,14.0,sell,182.69,ETH-28JUN19-140-P,83.37,0.039,14.0,3,1554692384745,602946,111
2019-04-08 03:00:05.468,90.0,buy,182.55,ETH-28JUN19-140-P,84.2,0.04,90.0,0,1554692405468,602993,112
2019-04-08 03:00:05.879,28.0,buy,182.55,ETH-28JUN19-140-P,84.2,0.04,28.0,1,1554692405879,603000,113
2019-04-08 03:37:53.622,1.0,buy,182.34,ETH-28JUN19-140-P,82.21,0.038,1.0,2,1554694673622,604694,114
2019-04-08 08:49:02.121,54.0,buy,180.17,ETH-28JUN19-140-P,75.82,0.035,54.0,2,1554713342121,621037,115
2019-04-08 09:01:44.466,60.0,buy,180.66,ETH-28JUN19-140-P,73.96,0.032,60.0,2,1554714104466,621302,116
2019-04-08 10:31:20.353,52.0,buy,180.06,ETH-28JUN19-140-P,70.14,0.029,52.0,2,1554719480353,623539,117
