date_utc,amount,direction,indexPrice,instrument,iv,price,quantity,tickDirection,timeStamp,tradeId,tradeSeq
2019-05-03 15:02:47.447,0.1,buy,5698.91,BTC-17MAY19-6000-P,60.58,0.079,0.1,1,1556895767447,18686773,1
2019-05-04 10:03:17.260,5.0,buy,5707.09,BTC-17MAY19-6000-P,61.04,0.077,5.0,2,1556964197260,18758279,2
2019-05-04 22:35:47.677,1.0,sell,5796.41,BTC-17MAY19-6000-P,62.69,0.0665,1.0,2,1557009347677,18826634,3
2019-05-04 22:45:35.630,0.5,sell,5809.82,BTC-17MAY19-6000-P,62.73,0.065,0.5,2,1557009935630,18827467,4
2019-05-05 00:14:29.658,0.1,sell,5732.39,BTC-17MAY19-6000-P,55.43,0.069,0.1,0,1557015269658,18836913,5
2019-05-05 20:57:09.152,0.2,sell,5749.44,BTC-17MAY19-6000-P,61.43,0.0695,0.2,0,1557089829152,18899450,6
2019-05-06 01:17:24.476,0.5,buy,5647.39,BTC-17MAY19-6000-P,60.75,0.08199999999999999,0.5,0,1557105444476,18917448,7
2019-05-06 01:19:08.617,0.4,sell,5644.96,BTC-17MAY19-6000-P,60.2,0.08199999999999999,0.4,1,1557105548617,18917548,8
2019-05-06 01:19:38.741,0.3,buy,5634.22,BTC-17MAY19-6000-P,62.67,0.085,0.3,0,1557105578741,18917705,9
2019-05-06 01:19:48.463,0.3,buy,5623.35,BTC-17MAY19-6000-P,63.46,0.087,0.3,0,1557105588463,18917873,10
2019-05-07 03:54:28.990,1.0,buy,5897.77,BTC-17MAY19-6000-P,68.99,0.0555,1.0,2,1557201268990,19021496,11
2019-05-07 13:40:40.731,1.0,sell,5933.92,BTC-17MAY19-6000-P,67.42,0.05,1.0,2,1557236440731,19043853,12
2019-05-07 23:57:25.484,4.5,buy,5765.37,BTC-17MAY19-6000-P,76.93,0.073,4.5,0,1557273445484,19100032,13
2019-05-07 23:57:25.743,18.0,sell,5765.01,BTC-17MAY19-6000-P,80.9,0.0755,18.0,0,1557273445743,19100050,14
2019-05-08 08:03:19.862,0.4,buy,5822.67,BTC-17MAY19-6000-P,69.4,0.061,0.4,2,1557302599862,19135475,15
2019-05-08 13:01:25.881,1.0,sell,5848.76,BTC-17MAY19-6000-P,68.34,0.057,1.0,2,1557320485881,19147164,16
2019-05-08 13:17:31.657,0.5,buy,5837.71,BTC-17MAY19-6000-P,68.05,0.057999999999999996,0.5,0,1557321451657,19147542,17
2019-05-08 18:37:47.524,18.0,sell,5872.27,BTC-17MAY19-6000-P,64.29,0.0515,18.0,2,1557340667524,19164366,18
2019-05-08 20:32:04.969,13.2,buy,5886.54,BTC-17MAY19-6000-P,62.07,0.0485,13.2,2,1557347524969,19169814,19
2019-05-08 20:34:10.717,0.8,buy,5889.7,BTC-17MAY19-6000-P,62.62,0.0485,0.8,3,1557347650717,19170038,20
2019-05-08 20:34:17.718,11.2,buy,5889.83,BTC-17MAY19-6000-P,62.64,0.0485,11.2,3,1557347657718,19170039,21
2019-05-08 23:29:23.887,0.4,buy,5924.12,BTC-17MAY19-6000-P,64.66,0.046,0.4,2,1557358163887,19183510,22
2019-05-08 23:30:12.252,13.0,sell,5874.0,BTC-17MAY19-6000-P,67.89,0.053,13.0,0,1557358212252,19185197,23
2019-05-08 23:30:12.261,5.0,sell,5874.0,BTC-17MAY19-6000-P,67.89,0.053,5.0,1,1557358212261,19185198,24
2019-05-09 05:59:41.091,1.3,buy,6047.42,BTC-17MAY19-6000-P,69.87,0.0375,1.3,2,1557381581091,19224026,25
2019-05-09 07:06:01.899,0.1,sell,6073.02,BTC-17MAY19-6000-P,64.1,0.032,0.1,2,1557385561899,19225876,26
2019-05-09 07:06:52.404,0.1,sell,6070.79,BTC-17MAY19-6000-P,64.67,0.0325,0.1,0,1557385612404,19225893,27
2019-05-09 07:07:27.765,0.1,sell,6070.31,BTC-17MAY19-6000-P,64.61,0.0325,0.1,1,1557385647765,19225894,28
2019-05-09 07:07:44.670,0.1,sell,6071.67,BTC-17MAY19-6000-P,63.93,0.032,0.1,2,1557385664670,19225896,29
2019-05-09 07:08:08.459,0.1,sell,6071.97,BTC-17MAY19-6000-P,63.97,0.032,0.1,3,1557385688459,19225897,30
2019-05-09 09:03:23.475,10.0,sell,6028.39,BTC-17MAY19-6000-P,67.78,0.0375,10.0,0,1557392603475,19230502,31
2019-05-09 11:27:52.822,3.0,buy,6030.41,BTC-17MAY19-6000-P,71.93,0.0395,3.0,0,1557401272822,19236115,32
2019-05-09 13:19:37.766,1.0,sell,5974.95,BTC-17MAY19-6000-P,64.91,0.04,1.0,0,1557407977766,19246833,33
2019-05-09 13:59:46.765,10.0,sell,6010.3,BTC-17MAY19-6000-P,65.19,0.037000000000000005,10.0,2,1557410386765,19248843,34
2019-05-09 14:26:46.075,0.5,sell,6015.42,BTC-17MAY19-6000-P,65.16,0.0365,0.5,2,1557412006075,19249477,35
2019-05-09 15:12:01.419,1.0,buy,5986.8,BTC-17MAY19-6000-P,66.2,0.0395,1.0,0,1557414721419,19250652,36
2019-05-09 17:38:14.317,0.2,buy,6041.68,BTC-17MAY19-6000-P,67.76,0.0355,0.2,2,1557423494317,19255864,37
2019-05-09 17:40:23.903,2.8000000000000003,sell,6049.92,BTC-17MAY19-6000-P,68.92,0.0355,2.8000000000000003,3,1557423623903,19256026,38
2019-05-09 17:57:35.713,2.0,sell,6058.18,BTC-17MAY19-6000-P,63.98,0.032,2.0,2,1557424655713,19256553,39
2019-05-09 20:03:39.751,0.1,buy,6050.89,BTC-17MAY19-6000-P,65.99,0.0335,0.1,0,1557432219751,19261217,40
2019-05-09 21:40:03.663,0.1,sell,6125.2,BTC-17MAY19-6000-P,61.73,0.0255,0.1,2,1557438003663,19269018,41
2019-05-09 21:46:05.103,0.2,sell,6127.79,BTC-17MAY19-6000-P,62.99,0.026000000000000002,0.2,0,1557438365103,19269816,42
2019-05-09 21:46:19.324,0.2,sell,6128.64,BTC-17MAY19-6000-P,63.09,0.026000000000000002,0.2,1,1557438379324,19269835,43
2019-05-09 21:46:27.828,0.3,sell,6127.57,BTC-17MAY19-6000-P,62.96,0.026000000000000002,0.3,1,1557438387828,19269839,45
2019-05-09 21:46:27.828,0.1,sell,6127.57,BTC-17MAY19-6000-P,62.96,0.026000000000000002,0.1,1,1557438387828,19269838,44
2019-05-09 21:46:44.154,0.2,sell,6126.04,BTC-17MAY19-6000-P,62.77,0.026000000000000002,0.2,1,1557438404154,19269854,46
2019-05-09 21:47:51.905,0.1,sell,6123.53,BTC-17MAY19-6000-P,63.37,0.0265,0.1,0,1557438471905,19270017,47
2019-05-09 22:14:27.784,0.1,sell,6134.2,BTC-17MAY19-6000-P,61.11,0.0245,0.1,2,1557440067784,19272337,48
2019-05-09 22:29:59.513,0.1,sell,6136.86,BTC-17MAY19-6000-P,63.32,0.0255,0.1,0,1557440999513,19273271,49
2019-05-09 22:30:16.597,0.2,sell,6137.62,BTC-17MAY19-6000-P,63.41,0.0255,0.2,1,1557441016597,19273296,50
2019-05-10 02:04:52.570,3.0,sell,6170.79,BTC-17MAY19-6000-P,62.42,0.0225,3.0,2,1557453892570,19289309,51
2019-05-10 02:27:32.274,1.0,sell,6233.97,BTC-17MAY19-6000-P,67.73,0.0215,1.0,2,1557455252274,19294029,52
2019-05-10 02:28:57.836,0.2,sell,6224.88,BTC-17MAY19-6000-P,63.78,0.02,0.2,2,1557455337836,19294492,53
2019-05-10 02:28:57.837,0.8,buy,6224.88,BTC-17MAY19-6000-P,63.78,0.02,0.8,3,1557455337837,19294493,54
2019-05-10 02:32:11.793,3.0,buy,6203.8,BTC-17MAY19-6000-P,63.41,0.021,3.0,0,1557455531793,19295528,55
2019-05-10 02:39:56.263,1.9,sell,6223.98,BTC-17MAY19-6000-P,62.73,0.0195,1.9,2,1557455996263,19296481,56
2019-05-10 02:39:56.264,2.8000000000000003,sell,6223.98,BTC-17MAY19-6000-P,62.73,0.0195,2.8000000000000003,3,1557455996264,19296482,57
2019-05-10 02:39:56.266,1.4,sell,6223.98,BTC-17MAY19-6000-P,62.73,0.0195,1.4,3,1557455996266,19296483,58
2019-05-10 02:39:56.275,4.0,sell,6223.98,BTC-17MAY19-6000-P,62.73,0.0195,4.0,3,1557455996275,19296485,60
2019-05-10 02:39:56.275,0.3,sell,6223.98,BTC-17MAY19-6000-P,62.73,0.0195,0.3,3,1557455996275,19296484,59
2019-05-10 02:39:56.277,3.2,buy,6223.98,BTC-17MAY19-6000-P,61.74,0.019,3.2,2,1557455996277,19296486,61
2019-05-10 02:39:56.338,5.0,buy,6223.98,BTC-17MAY19-6000-P,61.74,0.019,5.0,3,1557455996338,19296488,63
2019-05-10 02:39:56.338,1.0,buy,6223.98,BTC-17MAY19-6000-P,61.74,0.019,1.0,3,1557455996338,19296487,62
2019-05-10 02:40:40.421,3.5,buy,6230.88,BTC-17MAY19-6000-P,62.49,0.019,3.5,3,1557456040421,19296586,64
2019-05-10 02:40:40.421,1.3,buy,6230.88,BTC-17MAY19-6000-P,62.49,0.019,1.3,3,1557456040421,19296587,65
2019-05-10 02:40:43.115,1.1,buy,6231.8,BTC-17MAY19-6000-P,62.58,0.019,1.1,3,1557456043115,19296591,67
2019-05-10 02:40:43.115,2.5,buy,6231.8,BTC-17MAY19-6000-P,62.58,0.019,2.5,3,1557456043115,19296590,66
2019-05-10 02:44:12.907,0.8,buy,6235.57,BTC-17MAY19-6000-P,63.0,0.019,0.8,3,1557456252907,19297476,68
2019-05-10 02:44:12.907,1.6,buy,6235.57,BTC-17MAY19-6000-P,63.0,0.019,1.6,3,1557456252907,19297478,70
2019-05-10 02:44:12.907,3.6,buy,6235.57,BTC-17MAY19-6000-P,63.0,0.019,3.6,3,1557456252907,19297477,69
2019-05-10 02:47:29.903,0.2,sell,6246.45,BTC-17MAY19-6000-P,63.16,0.0185,0.2,2,1557456449903,19298361,71
2019-05-10 02:48:56.954,0.2,buy,6254.42,BTC-17MAY19-6000-P,65.02,0.019,0.2,0,1557456536954,19298585,72
2019-05-10 02:48:57.714,0.2,buy,6253.2,BTC-17MAY19-6000-P,64.89,0.019,0.2,1,1557456537714,19298590,73
2019-05-10 02:48:59.153,0.2,buy,6252.35,BTC-17MAY19-6000-P,64.8,0.019,0.2,1,1557456539153,19298591,74
2019-05-10 02:49:00.083,0.1,buy,6252.35,BTC-17MAY19-6000-P,64.8,0.019,0.1,1,1557456540083,19298609,76
2019-05-10 02:49:00.083,0.1,buy,6252.35,BTC-17MAY19-6000-P,64.8,0.019,0.1,1,1557456540083,19298608,75
2019-05-10 02:49:00.826,0.2,buy,6252.35,BTC-17MAY19-6000-P,64.8,0.019,0.2,1,1557456540826,19298612,77
2019-05-10 02:49:01.580,0.2,buy,6252.35,BTC-17MAY19-6000-P,64.8,0.019,0.2,1,1557456541580,19298614,78
2019-05-10 02:49:02.403,0.2,buy,6252.35,BTC-17MAY19-6000-P,64.8,0.019,0.2,1,1557456542403,19298615,79
2019-05-10 02:50:30.025,0.2,buy,6246.22,BTC-17MAY19-6000-P,64.16,0.019,0.2,1,1557456630025,19298758,80
2019-05-10 02:50:31.661,0.2,buy,6246.26,BTC-17MAY19-6000-P,64.16,0.019,0.2,1,1557456631661,19298765,81
2019-05-10 02:50:34.504,0.2,buy,6246.99,BTC-17MAY19-6000-P,64.24,0.019,0.2,1,1557456634504,19298766,82
2019-05-10 02:51:18.171,2.5,buy,6242.03,BTC-17MAY19-6000-P,63.71,0.019,2.5,1,1557456678171,19298872,84
2019-05-10 02:51:18.171,0.6,buy,6242.03,BTC-17MAY19-6000-P,63.71,0.019,0.6,1,1557456678171,19298871,83
2019-05-10 02:51:21.427,4.0,buy,6237.06,BTC-17MAY19-6000-P,63.18,0.019,4.0,1,1557456681427,19298907,87
2019-05-10 02:51:21.427,0.5,buy,6237.06,BTC-17MAY19-6000-P,63.18,0.019,0.5,1,1557456681427,19298905,85
2019-05-10 02:51:21.427,1.5,buy,6237.06,BTC-17MAY19-6000-P,63.18,0.019,1.5,1,1557456681427,19298906,86
2019-05-10 02:51:21.431,0.6,buy,6237.06,BTC-17MAY19-6000-P,63.18,0.019,0.6,1,1557456681431,19298909,88
2019-05-10 02:51:21.439,0.6,buy,6237.06,BTC-17MAY19-6000-P,63.18,0.019,0.6,1,1557456681439,19298910,89
2019-05-10 02:51:27.798,0.5,buy,6232.18,BTC-17MAY19-6000-P,62.66,0.019,0.5,1,1557456687798,19298982,90
2019-05-10 02:51:27.812,0.6,buy,6232.18,BTC-17MAY19-6000-P,62.66,0.019,0.6,1,1557456687812,19298983,91
2019-05-10 02:51:29.610,2.6,buy,6225.83,BTC-17MAY19-6000-P,61.97,0.019,2.6,1,1557456689610,19298992,93
2019-05-10 02:51:29.610,0.8,buy,6225.83,BTC-17MAY19-6000-P,61.97,0.019,0.8,1,1557456689610,19298991,92
2019-05-10 02:51:29.610,5.4,buy,6225.83,BTC-17MAY19-6000-P,61.97,0.019,5.4,1,1557456689610,19298993,94
2019-05-10 03:17:07.627,0.8,sell,6295.19,BTC-17MAY19-6000-P,68.33,0.0185,0.8,2,1557458227627,19303941,95
2019-05-10 03:29:00.132,1.0,buy,6275.18,BTC-17MAY19-6000-P,65.28,0.018000000000000002,1.0,2,1557458940132,19307371,96
2019-05-10 03:42:26.467,1.0,buy,6257.59,BTC-17MAY19-6000-P,65.53,0.019,1.0,0,1557459746467,19309767,97
2019-05-10 03:54:54.992,2.0,buy,6279.53,BTC-17MAY19-6000-P,64.77,0.0175,2.0,2,1557460494992,19311012,98
2019-05-10 04:08:25.898,10.0,buy,6242.45,BTC-17MAY19-6000-P,66.0,0.02,10.0,0,1557461305898,19312904,99
2019-05-10 05:49:19.821,6.0,buy,6275.05,BTC-17MAY19-6000-P,68.81,0.0195,6.0,2,1557467359821,19325369,100
2019-05-10 05:49:47.625,14.0,buy,6275.9,BTC-17MAY19-6000-P,68.9,0.0195,14.0,3,1557467387625,19325378,101
2019-05-10 05:56:18.980,6.0,buy,6275.73,BTC-17MAY19-6000-P,69.93,0.02,6.0,0,1557467778980,19325532,102
2019-05-10 05:56:32.892,4.0,buy,6275.73,BTC-17MAY19-6000-P,69.93,0.02,4.0,1,1557467792892,19325535,103
2019-05-10 06:08:37.549,1.0,buy,6263.49,BTC-17MAY19-6000-P,72.72,0.022000000000000002,1.0,0,1557468517549,19325812,104
2019-05-10 06:17:13.637,6.0,buy,6269.71,BTC-17MAY19-6000-P,69.36,0.02,6.0,2,1557469033637,19326461,105
2019-05-10 06:17:26.422,4.0,buy,6269.92,BTC-17MAY19-6000-P,69.38,0.02,4.0,3,1557469046422,19326464,106
2019-05-10 07:58:55.605,1.0,buy,6319.8,BTC-17MAY19-6000-P,69.67,0.0175,1.0,2,1557475135605,19336235,107
2019-05-10 08:04:04.383,5.0,buy,6324.92,BTC-17MAY19-6000-P,69.12,0.017,5.0,2,1557475444383,19336503,108
2019-05-10 08:05:04.412,0.5,buy,6328.16,BTC-17MAY19-6000-P,68.36,0.0165,0.5,2,1557475504412,19336575,109
2019-05-10 08:06:39.655,0.5,buy,6334.79,BTC-17MAY19-6000-P,66.82,0.0155,0.5,2,1557475599655,19336708,110
2019-05-10 08:06:39.655,0.5,buy,6334.79,BTC-17MAY19-6000-P,66.82,0.0155,0.5,3,1557475599655,19336709,111
2019-05-10 08:07:02.056,0.5,buy,6332.25,BTC-17MAY19-6000-P,67.67,0.016,0.5,0,1557475622056,19336738,112
2019-05-10 08:07:02.056,0.5,buy,6332.25,BTC-17MAY19-6000-P,67.67,0.016,0.5,1,1557475622056,19336739,113
2019-05-10 08:07:15.882,0.5,buy,6331.41,BTC-17MAY19-6000-P,67.59,0.016,0.5,1,1557475635882,19336741,115
2019-05-10 08:07:15.882,0.5,buy,6331.41,BTC-17MAY19-6000-P,67.59,0.016,0.5,1,1557475635882,19336740,114
2019-05-10 08:07:37.595,0.5,buy,6329.88,BTC-17MAY19-6000-P,67.44,0.016,0.5,1,1557475657595,19336772,117
2019-05-10 08:07:37.595,0.5,buy,6329.88,BTC-17MAY19-6000-P,67.44,0.016,0.5,1,1557475657595,19336771,116
2019-05-10 08:08:19.961,0.5,buy,6328.16,BTC-17MAY19-6000-P,67.27,0.016,0.5,1,1557475699961,19336813,118
2019-05-10 08:08:19.961,0.5,buy,6328.16,BTC-17MAY19-6000-P,67.27,0.016,0.5,1,1557475699961,19336814,119
2019-05-10 08:08:28.528,0.5,buy,6324.1,BTC-17MAY19-6000-P,66.87,0.016,0.5,1,1557475708528,19336824,120
2019-05-10 08:08:28.528,0.5,buy,6324.1,BTC-17MAY19-6000-P,66.87,0.016,0.5,1,1557475708528,19336825,121
2019-05-10 08:21:31.592,0.1,sell,6281.35,BTC-17MAY19-6000-P,71.03,0.02,0.1,0,1557476491592,19340682,122
2019-05-10 08:44:04.048,0.2,sell,6275.69,BTC-17MAY19-6000-P,68.43,0.019,0.2,2,1557477844048,19342334,123
2019-05-10 08:44:59.518,6.0,buy,6277.92,BTC-17MAY19-6000-P,67.63,0.0185,6.0,2,1557477899518,19342511,124
2019-05-10 08:45:01.607,20.0,buy,6278.39,BTC-17MAY19-6000-P,67.68,0.0185,20.0,3,1557477901607,19342516,125
2019-05-10 08:45:11.826,24.0,buy,6278.58,BTC-17MAY19-6000-P,67.7,0.0185,24.0,3,1557477911826,19342517,126
2019-05-10 09:20:59.002,2.0,buy,6274.33,BTC-17MAY19-6000-P,71.52,0.0205,2.0,0,1557480059002,19345367,127
2019-05-10 09:31:43.379,0.2,buy,6261.64,BTC-17MAY19-6000-P,72.23,0.0215,0.2,0,1557480703379,19346358,128
2019-05-10 10:05:55.111,2.0,sell,6314.56,BTC-17MAY19-6000-P,71.73,0.0185,2.0,2,1557482755111,19347635,129
2019-05-10 12:43:33.602,2.0,sell,6288.81,BTC-17MAY19-6000-P,69.61,0.0185,2.0,3,1557492213602,19356237,130
2019-05-10 13:11:57.191,2.0,sell,6274.02,BTC-17MAY19-6000-P,64.95,0.017,2.0,3,1557493917191,19357342,132
2019-05-10 13:11:57.191,2.0,sell,6274.02,BTC-17MAY19-6000-P,64.95,0.017,2.0,2,1557493917191,19357341,131
2019-05-10 13:12:48.798,1.8,sell,6274.92,BTC-17MAY19-6000-P,65.04,0.017,1.8,3,1557493968798,19357352,133
2019-05-10 13:18:54.049,2.0,sell,6284.87,BTC-17MAY19-6000-P,65.03,0.0165,2.0,2,1557494334049,19357605,134
2019-05-10 13:22:03.278,8.0,buy,6280.03,BTC-17MAY19-6000-P,64.53,0.0165,8.0,3,1557494523278,19357668,135
2019-05-10 13:33:32.220,0.1,sell,6289.44,BTC-17MAY19-6000-P,64.46,0.016,0.1,2,1557495212220,19357969,136
2019-05-10 13:36:19.026,2.2,sell,6295.58,BTC-17MAY19-6000-P,64.0,0.0155,2.2,2,1557495379026,19358054,137
2019-05-10 13:40:32.064,9.9,buy,6288.99,BTC-17MAY19-6000-P,64.44,0.016,9.9,0,1557495632064,19358138,138
2019-05-10 14:00:52.344,3.7,sell,6262.14,BTC-17MAY19-6000-P,63.85,0.017,3.7,0,1557496852344,19359378,139
2019-05-10 14:01:43.237,3.9,sell,6262.57,BTC-17MAY19-6000-P,62.83,0.0165,3.9,3,1557496903237,19359393,141
2019-05-10 14:01:43.237,32.0,sell,6262.57,BTC-17MAY19-6000-P,62.83,0.0165,32.0,2,1557496903237,19359392,140
2019-05-10 14:02:26.134,0.1,buy,6261.4,BTC-17MAY19-6000-P,62.71,0.0165,0.1,3,1557496946134,19359447,142
2019-05-10 14:43:52.687,1.0,buy,6246.1,BTC-17MAY19-6000-P,66.47,0.019,1.0,0,1557499432687,19362586,143
2019-05-10 14:57:34.285,0.2,buy,6250.18,BTC-17MAY19-6000-P,68.01,0.0195,0.2,0,1557500254285,19364183,144
2019-05-10 15:07:21.383,0.4,sell,6241.91,BTC-17MAY19-6000-P,64.0,0.018000000000000002,0.4,2,1557500841383,19364465,145
2019-05-10 15:32:10.485,1.0,buy,6272.88,BTC-17MAY19-6000-P,66.37,0.0175,1.0,2,1557502330485,19365588,146
2019-05-10 16:08:27.399,0.5,buy,6314.12,BTC-17MAY19-6000-P,67.51,0.016,0.5,2,1557504507399,19368876,147
2019-05-10 16:11:06.185,0.1,sell,6337.98,BTC-17MAY19-6000-P,66.52,0.0145,0.1,2,1557504666185,19369342,148
2019-05-10 16:11:11.059,0.2,sell,6340.58,BTC-17MAY19-6000-P,65.62,0.013999999999999999,0.2,2,1557504671059,19369588,149
2019-05-10 16:11:12.063,5.0,sell,6340.93,BTC-17MAY19-6000-P,64.49,0.0135,5.0,2,1557504672063,19369597,150
2019-05-10 17:51:56.917,0.6,buy,6402.98,BTC-17MAY19-6000-P,69.52,0.013000000000000001,0.6,2,1557510716917,19386601,151
2019-05-10 18:52:28.163,1.1,buy,6405.86,BTC-17MAY19-6000-P,70.01,0.013000000000000001,1.1,3,1557514348163,19390640,152
2019-05-10 18:59:01.519,3.9,sell,6395.34,BTC-17MAY19-6000-P,69.05,0.013000000000000001,3.9,3,1557514741519,19391235,153
2019-05-10 19:02:09.436,1.1,sell,6396.66,BTC-17MAY19-6000-P,69.19,0.013000000000000001,1.1,3,1557514929436,19391339,154
2019-05-10 20:32:49.481,0.7000000000000001,buy,6360.79,BTC-17MAY19-6000-P,69.7,0.0145,0.7000000000000001,0,1557520369481,19397003,155
2019-05-10 20:42:05.136,3.0,buy,6281.47,BTC-17MAY19-6000-P,68.39,0.0175,3.0,0,1557520925136,19399304,156
2019-05-10 21:45:16.479,1.0,buy,6333.8,BTC-17MAY19-6000-P,70.76,0.016,1.0,2,1557524716479,19410886,157
2019-05-10 21:45:43.108,1.0,buy,6333.15,BTC-17MAY19-6000-P,70.7,0.016,1.0,3,1557524743108,19410889,158
2019-05-11 01:39:05.060,4.0,buy,6410.36,BTC-17MAY19-6000-P,72.0,0.013000000000000001,4.0,2,1557538745060,19420887,159
2019-05-11 01:44:05.472,0.1,sell,6439.53,BTC-17MAY19-6000-P,65.41,0.0095,0.1,2,1557539045472,19422050,160
2019-05-11 02:18:38.130,15.0,sell,6487.1,BTC-17MAY19-6000-P,73.89,0.011000000000000001,15.0,0,1557541118130,19427807,161
2019-05-11 03:20:05.291,1.1,buy,6550.38,BTC-17MAY19-6000-P,76.75,0.01,1.1,2,1557544805291,19437293,162
2019-05-11 03:32:50.094,2.0,sell,6547.34,BTC-17MAY19-6000-P,73.54,0.009000000000000001,2.0,2,1557545570094,19438434,163
2019-05-11 03:44:55.462,5.0,sell,6569.28,BTC-17MAY19-6000-P,70.63,0.0075,5.0,2,1557546295462,19439344,164
2019-05-11 03:54:11.944,10.0,buy,6550.57,BTC-17MAY19-6000-P,76.91,0.01,10.0,0,1557546851944,19440986,165
2019-05-11 04:11:17.334,0.6,buy,6554.34,BTC-17MAY19-6000-P,77.3,0.01,0.6,0,1557547877334,19442975,167
2019-05-11 04:11:17.334,0.4,buy,6554.34,BTC-17MAY19-6000-P,74.28,0.009000000000000001,0.4,2,1557547877334,19442974,166
2019-05-11 04:18:26.286,0.4,buy,6558.82,BTC-17MAY19-6000-P,73.13,0.0085,0.4,2,1557548306286,19443421,168
2019-05-11 04:18:29.604,0.4,sell,6558.7,BTC-17MAY19-6000-P,73.12,0.0085,0.4,3,1557548309604,19443425,169
2019-05-11 04:20:09.831,0.2,buy,6558.16,BTC-17MAY19-6000-P,76.16,0.0095,0.2,0,1557548409831,19443442,170
2019-05-11 04:35:28.015,0.4,sell,6585.96,BTC-17MAY19-6000-P,73.79,0.008,0.4,2,1557549328015,19445308,171
2019-05-11 04:35:45.490,0.4,sell,6595.24,BTC-17MAY19-6000-P,74.54,0.008,0.4,3,1557549345490,19445478,172
2019-05-11 04:38:04.614,0.4,sell,6601.8,BTC-17MAY19-6000-P,75.07,0.008,0.4,3,1557549484614,19446017,173
2019-05-11 04:38:04.642,0.4,sell,6601.8,BTC-17MAY19-6000-P,75.07,0.008,0.4,3,1557549484642,19446019,174
2019-05-11 04:38:08.644,0.4,sell,6601.94,BTC-17MAY19-6000-P,75.08,0.008,0.4,3,1557549488644,19446144,175
2019-05-11 04:38:09.680,0.4,sell,6601.94,BTC-17MAY19-6000-P,75.08,0.008,0.4,3,1557549489680,19446147,176
2019-05-11 04:43:37.004,0.4,sell,6637.66,BTC-17MAY19-6000-P,77.92,0.008,0.4,3,1557549817004,19448222,177
2019-05-11 04:43:37.194,0.4,sell,6637.66,BTC-17MAY19-6000-P,77.92,0.008,0.4,3,1557549817194,19448228,178
2019-05-11 04:43:37.400,0.4,sell,6637.66,BTC-17MAY19-6000-P,77.92,0.008,0.4,3,1557549817400,19448233,179
2019-05-11 04:43:37.599,0.4,sell,6637.66,BTC-17MAY19-6000-P,77.92,0.008,0.4,3,1557549817599,19448239,180
2019-05-11 04:43:39.615,0.4,sell,6639.81,BTC-17MAY19-6000-P,78.09,0.008,0.4,3,1557549819615,19448249,181
2019-05-11 04:43:46.323,0.6,sell,6645.58,BTC-17MAY19-6000-P,78.54,0.008,0.6,3,1557549826323,19448384,182
2019-05-11 04:48:38.741,0.4,sell,6683.51,BTC-17MAY19-6000-P,79.76,0.0075,0.4,2,1557550118741,19452036,183
2019-05-11 04:49:14.396,0.4,sell,6705.1,BTC-17MAY19-6000-P,81.39,0.0075,0.4,3,1557550154396,19452355,184
2019-05-11 04:49:16.797,0.4,sell,6706.24,BTC-17MAY19-6000-P,81.48,0.0075,0.4,3,1557550156797,19452427,185
2019-05-11 04:49:16.900,0.4,sell,6706.62,BTC-17MAY19-6000-P,81.51,0.0075,0.4,3,1557550156900,19452429,186
2019-05-11 04:49:25.192,3.4,sell,6721.7,BTC-17MAY19-6000-P,82.64,0.0075,3.4,3,1557550165192,19452779,187
2019-05-11 04:51:04.590,1.0,buy,6725.0,BTC-17MAY19-6000-P,82.9,0.0075,1.0,3,1557550264590,19455655,188
2019-05-11 04:51:24.960,2.0,sell,6692.16,BTC-17MAY19-6000-P,80.42,0.0075,2.0,3,1557550284960,19456012,189
2019-05-11 04:58:26.834,0.2,buy,6723.37,BTC-17MAY19-6000-P,82.81,0.0075,0.2,3,1557550706834,19459936,190
2019-05-11 05:03:40.609,6.0,sell,6661.96,BTC-17MAY19-6000-P,81.59,0.0085,6.0,0,1557551020609,19463276,191
2019-05-11 05:11:00.671,6.0,sell,6668.01,BTC-17MAY19-6000-P,71.28,0.0055,6.0,2,1557551460671,19464516,192
2019-05-11 06:04:03.244,0.1,buy,6738.4,BTC-17MAY19-6000-P,82.4,0.006999999999999999,0.1,0,1557554643244,19476535,193
2019-05-11 06:27:07.415,0.3,buy,6914.85,BTC-17MAY19-6000-P,91.0,0.006,0.3,2,1557556027415,19496170,194
2019-05-11 06:27:43.296,1.0,sell,6931.69,BTC-17MAY19-6000-P,82.62,0.004,1.0,2,1557556063296,19496569,195
2019-05-11 06:31:58.210,0.7000000000000001,buy,6926.71,BTC-17MAY19-6000-P,89.6,0.0055,0.7000000000000001,0,1557556318210,19499891,196
2019-05-11 06:43:55.550,0.4,buy,6834.99,BTC-17MAY19-6000-P,93.47,0.008,0.4,0,1557557035550,19508124,197
2019-05-11 07:02:10.539,1.0,buy,6811.0,BTC-17MAY19-6000-P,89.92,0.0075,1.0,2,1557558130539,19518755,198
2019-05-11 07:14:40.771,0.4,sell,6800.44,BTC-17MAY19-6000-P,79.03,0.005,0.4,2,1557558880771,19522036,199
2019-05-11 07:14:40.771,4.4,sell,6800.44,BTC-17MAY19-6000-P,79.03,0.005,4.4,3,1557558880771,19522037,200
2019-05-11 07:37:06.978,1.0,sell,6836.41,BTC-17MAY19-6000-P,83.8,0.0055,1.0,0,1557560226978,19526318,201
2019-05-11 07:47:14.944,0.2,buy,6815.27,BTC-17MAY19-6000-P,94.18,0.0085,0.2,0,1557560834944,19527511,202
2019-05-11 09:09:36.764,0.1,buy,6714.38,BTC-17MAY19-6000-P,95.2,0.011000000000000001,0.1,0,1557565776764,19541921,203
2019-05-11 10:28:54.512,0.4,sell,6829.75,BTC-17MAY19-6000-P,94.31,0.008,0.4,2,1557570534512,19550708,204
2019-05-11 10:29:44.829,0.4,sell,6832.96,BTC-17MAY19-6000-P,94.55,0.008,0.4,3,1557570584829,19550774,205
2019-05-11 11:36:59.328,2.4,sell,6831.54,BTC-17MAY19-6000-P,98.54,0.009000000000000001,2.4,0,1557574619328,19557294,206
2019-05-11 11:45:41.093,1.0,buy,6812.69,BTC-17MAY19-6000-P,104.1,0.011,1.0,0,1557575141093,19557852,207
2019-05-11 11:45:41.093,49.0,buy,6812.69,BTC-17MAY19-6000-P,105.77,0.0115,49.0,0,1557575141093,19557853,208
2019-05-11 11:46:51.016,25.7,buy,6813.84,BTC-17MAY19-6000-P,107.52,0.012,25.7,0,1557575211016,19557880,209
2019-05-11 11:58:02.945,3.0,buy,6786.18,BTC-17MAY19-6000-P,110.09,0.0135,3.0,0,1557575882945,19558923,210
2019-05-11 12:38:33.805,0.4,sell,6771.09,BTC-17MAY19-6000-P,90.58,0.008,0.4,2,1557578313805,19564126,211
2019-05-11 12:38:33.805,0.6,sell,6771.09,BTC-17MAY19-6000-P,90.58,0.008,0.6,3,1557578313805,19564127,212
2019-05-11 12:40:06.900,7.0,sell,6760.03,BTC-17MAY19-6000-P,91.55,0.0085,7.0,0,1557578406900,19564238,213
2019-05-11 13:58:44.991,20.0,sell,6800.38,BTC-17MAY19-6000-P,85.31,0.006,20.0,2,1557583124991,19569599,214
2019-05-11 15:59:09.435,1.0,buy,6938.7,BTC-17MAY19-6000-P,93.49,0.0055,1.0,2,1557590349435,19588869,215
2019-05-11 16:12:47.171,0.1,sell,6959.51,BTC-17MAY19-6000-P,92.57,0.005,0.1,2,1557591167171,19594972,216
2019-05-11 16:16:55.435,0.9,sell,6972.67,BTC-17MAY19-6000-P,93.48,0.005,0.9,3,1557591415435,19597433,217
2019-05-11 16:16:55.435,4.1,sell,6972.67,BTC-17MAY19-6000-P,93.48,0.005,4.1,3,1557591415435,19597434,218
2019-05-11 16:19:37.677,0.4,sell,7014.77,BTC-17MAY19-6000-P,93.69,0.0045,0.4,2,1557591577677,19599596,219
2019-05-11 18:53:02.998,3.0,buy,6953.16,BTC-17MAY19-6000-P,95.51,0.0055,3.0,0,1557600782998,19627853,220
2019-05-11 18:59:45.223,3.0,buy,6955.52,BTC-17MAY19-6000-P,95.71,0.0055,3.0,1,1557601185223,19628573,221
2019-05-11 19:01:46.302,3.0,buy,6944.01,BTC-17MAY19-6000-P,94.93,0.0055,3.0,1,1557601306302,19628939,222
2019-05-11 19:05:00.357,1.0,buy,6931.17,BTC-17MAY19-6000-P,94.05,0.0055,1.0,1,1557601500357,19629509,223
2019-05-11 19:59:40.860,39.6,sell,6941.82,BTC-17MAY19-6000-P,90.11,0.0045,39.6,2,1557604780860,19634237,224
2019-05-11 20:14:45.246,1.0,sell,6962.43,BTC-17MAY19-6000-P,88.86,0.004,1.0,2,1557605685246,19635305,225
2019-05-11 20:15:24.820,3.0,buy,6950.4,BTC-17MAY19-6000-P,95.81,0.0055,3.0,1,1557605724820,19635411,227
2019-05-11 20:15:24.820,1.0,buy,6950.4,BTC-17MAY19-6000-P,95.81,0.0055,1.0,0,1557605724820,19635410,226
2019-05-11 20:46:29.168,0.5,sell,6961.58,BTC-17MAY19-6000-P,94.3,0.005,0.5,2,1557607589168,19637650,228
2019-05-11 20:58:51.878,20.0,sell,6969.49,BTC-17MAY19-6000-P,86.67,0.0035,20.0,2,1557608331878,19638129,229
2019-05-11 21:38:26.666,1.0,buy,6942.99,BTC-17MAY19-6000-P,95.8,0.0055,1.0,0,1557610706666,19640143,230
2019-05-11 22:02:11.796,1.0,buy,7093.82,BTC-17MAY19-6000-P,100.94,0.0045,1.0,2,1557612131796,19648503,231
2019-05-11 22:04:10.711,1.0,buy,7135.69,BTC-17MAY19-6000-P,106.5,0.005,1.0,0,1557612250711,19649697,232
2019-05-11 22:06:12.342,4.0,buy,7210.67,BTC-17MAY19-6000-P,108.5,0.0045,4.0,2,1557612372342,19653974,233
2019-05-11 22:06:59.663,2.0,buy,7157.83,BTC-17MAY19-6000-P,105.13,0.0045,2.0,3,1557612419663,19655199,234
2019-05-11 22:12:07.811,3.4,buy,7126.27,BTC-17MAY19-6000-P,103.12,0.0045,3.4,3,1557612727811,19659168,235
2019-05-11 22:27:46.522,8.5,buy,7214.13,BTC-17MAY19-6000-P,111.79,0.005,8.5,0,1557613666522,19667826,236
2019-05-11 22:27:46.552,2.8000000000000003,buy,7214.13,BTC-17MAY19-6000-P,111.79,0.005,2.8000000000000003,1,1557613666552,19667827,237
2019-05-11 22:27:46.569,7.1000000000000005,buy,7214.13,BTC-17MAY19-6000-P,111.79,0.005,7.1000000000000005,1,1557613666569,19667828,238
2019-05-11 22:27:46.588,1.6,buy,7214.13,BTC-17MAY19-6000-P,111.79,0.005,1.6,1,1557613666588,19667829,239
2019-05-11 22:27:47.751,2.6,sell,7218.59,BTC-17MAY19-6000-P,112.08,0.005,2.6,1,1557613667751,19667847,242
2019-05-11 22:27:47.751,2.3000000000000003,sell,7218.59,BTC-17MAY19-6000-P,112.08,0.005,2.3000000000000003,1,1557613667751,19667846,241
2019-05-11 22:27:47.751,1.9,sell,7218.59,BTC-17MAY19-6000-P,112.08,0.005,1.9,1,1557613667751,19667849,244
2019-05-11 22:27:47.751,3.6,sell,7218.59,BTC-17MAY19-6000-P,112.08,0.005,3.6,1,1557613667751,19667850,245
2019-05-11 22:27:47.751,1.9,sell,7218.59,BTC-17MAY19-6000-P,112.08,0.005,1.9,1,1557613667751,19667848,243
2019-05-11 22:27:47.751,2.2,sell,7218.59,BTC-17MAY19-6000-P,112.08,0.005,2.2,1,1557613667751,19667845,240
2019-05-11 22:27:47.751,5.5,sell,7218.59,BTC-17MAY19-6000-P,112.08,0.005,5.5,1,1557613667751,19667851,246
2019-05-11 22:28:59.097,2.0,sell,7230.08,BTC-17MAY19-6000-P,112.82,0.005,2.0,1,1557613739097,19669015,248
2019-05-11 22:28:59.097,3.0,sell,7230.08,BTC-17MAY19-6000-P,112.82,0.005,3.0,1,1557613739097,19669014,247
2019-05-11 22:33:00.189,1.4,buy,7252.65,BTC-17MAY19-6000-P,124.95,0.006999999999999999,1.4,0,1557613980189,19671558,249
2019-05-11 22:33:00.206,3.4,buy,7252.65,BTC-17MAY19-6000-P,124.95,0.006999999999999999,3.4,1,1557613980206,19671559,250
2019-05-11 22:33:00.433,0.5,buy,7252.65,BTC-17MAY19-6000-P,124.95,0.006999999999999999,0.5,1,1557613980433,19671560,251
2019-05-11 22:33:00.489,0.5,buy,7252.65,BTC-17MAY19-6000-P,124.95,0.006999999999999999,0.5,1,1557613980489,19671561,252
2019-05-11 22:33:15.700,1.5,sell,7266.19,BTC-17MAY19-6000-P,125.87,0.006999999999999999,1.5,1,1557613995700,19671731,255
2019-05-11 22:33:15.700,1.9,sell,7266.19,BTC-17MAY19-6000-P,125.87,0.006999999999999999,1.9,1,1557613995700,19671730,254
2019-05-11 22:33:15.700,2.0,sell,7266.19,BTC-17MAY19-6000-P,125.87,0.006999999999999999,2.0,1,1557613995700,19671729,253
2019-05-11 23:28:39.398,5.0,sell,7370.8,BTC-17MAY19-6000-P,128.02,0.006,5.0,2,1557617319398,19710720,256
2019-05-11 23:48:08.669,0.2,sell,7361.35,BTC-17MAY19-6000-P,124.74,0.0055,0.2,2,1557618488669,19722836,257
2019-05-12 02:44:30.140,4.0,buy,7237.33,BTC-17MAY19-6000-P,123.41,0.0065,4.0,0,1557629070140,19789932,258
2019-05-12 02:48:30.015,0.4,buy,7243.62,BTC-17MAY19-6000-P,121.24,0.006,0.4,2,1557629310015,19790525,259
2019-05-12 03:00:35.157,1.0,buy,7127.85,BTC-17MAY19-6000-P,125.31,0.0085,1.0,0,1557630035157,19792682,260
2019-05-12 03:22:04.639,1.0,buy,7215.56,BTC-17MAY19-6000-P,127.21,0.0075,1.0,2,1557631324639,19797133,261
2019-05-12 03:23:23.390,0.2,buy,7216.19,BTC-17MAY19-6000-P,131.98,0.0085,0.2,0,1557631403390,19797206,262
2019-05-12 03:25:48.704,0.2,buy,7219.72,BTC-17MAY19-6000-P,149.28,0.0125,0.2,0,1557631548704,19797437,263
2019-05-12 03:26:07.310,0.1,buy,7217.43,BTC-17MAY19-6000-P,132.1,0.0085,0.1,2,1557631567310,19797467,264
2019-05-12 05:34:19.753,0.7000000000000001,sell,7297.63,BTC-17MAY19-6000-P,123.44,0.0055,0.7000000000000001,2,1557639259753,19811982,265
2019-05-12 06:21:02.648,0.5,sell,7352.08,BTC-17MAY19-6000-P,127.44,0.0055,0.5,3,1557642062648,19820311,266
2019-05-12 06:30:08.016,0.1,sell,7402.97,BTC-17MAY19-6000-P,130.86,0.0055,0.1,3,1557642608016,19822572,267
2019-05-12 07:01:46.117,8.0,sell,7391.72,BTC-17MAY19-6000-P,130.41,0.0055,8.0,3,1557644506117,19827728,268
2019-05-12 07:04:01.623,0.6,sell,7408.34,BTC-17MAY19-6000-P,131.52,0.0055,0.6,3,1557644641623,19827874,269
2019-05-12 07:19:49.221,0.1,sell,7495.76,BTC-17MAY19-6000-P,137.32,0.0055,0.1,3,1557645589221,19834214,270
2019-05-12 07:21:30.385,20.0,sell,7499.3,BTC-17MAY19-6000-P,123.75,0.0035,20.0,2,1557645690385,19834439,271
2019-05-12 07:44:14.252,20.0,sell,7512.52,BTC-17MAY19-6000-P,111.22,0.002,20.0,2,1557647054252,19839428,272
2019-05-12 08:10:20.691,0.8,sell,7555.01,BTC-17MAY19-6000-P,107.89,0.0015,0.8,2,1557648620691,19844840,273
2019-05-12 08:10:21.728,0.8,sell,7555.25,BTC-17MAY19-6000-P,107.9,0.0015,0.8,3,1557648621728,19844841,274
2019-05-12 08:10:27.215,0.4,buy,7553.49,BTC-17MAY19-6000-P,134.84,0.0045,0.4,0,1557648627215,19844848,275
2019-05-12 08:10:27.215,9.6,buy,7553.49,BTC-17MAY19-6000-P,134.84,0.0045,9.6,1,1557648627215,19844849,276
2019-05-12 08:34:20.626,2.0,buy,7368.29,BTC-17MAY19-6000-P,140.83,0.0075,2.0,0,1557650060626,19864705,277
2019-05-12 09:41:36.732,0.1,sell,7509.68,BTC-17MAY19-6000-P,111.99,0.002,0.1,2,1557654096732,19880975,278
2019-05-12 09:41:36.732,0.3,sell,7509.68,BTC-17MAY19-6000-P,111.99,0.002,0.3,3,1557654096732,19880976,279
2019-05-12 09:41:43.202,0.1,sell,7511.31,BTC-17MAY19-6000-P,112.08,0.002,0.1,3,1557654103202,19880993,280
2019-05-12 11:14:39.251,4.2,sell,7281.22,BTC-17MAY19-6000-P,108.5,0.003,4.2,0,1557659679251,19926602,281
2019-05-12 11:21:03.345,4.0,sell,7260.85,BTC-17MAY19-6000-P,93.32,0.0015,4.0,2,1557660063345,19929305,282
2019-05-12 11:44:41.336,3.3000000000000003,sell,7134.03,BTC-17MAY19-6000-P,103.04,0.0035,3.3000000000000003,0,1557661481336,19947450,283
2019-05-12 14:30:38.687,3.5,buy,7128.14,BTC-17MAY19-6000-P,107.25,0.004,3.5,0,1557671438687,19985344,284
2019-05-12 14:32:53.330,3.0,buy,7139.03,BTC-17MAY19-6000-P,111.19,0.0045,3.0,0,1557671573330,19985617,285
2019-05-12 14:34:53.037,1.0,buy,7139.37,BTC-17MAY19-6000-P,111.23,0.0045,1.0,1,1557671693037,19985706,286
2019-05-12 14:35:13.050,0.5,buy,7135.84,BTC-17MAY19-6000-P,110.98,0.0045,0.5,1,1557671713050,19985712,287
2019-05-12 14:35:13.050,0.4,buy,7135.84,BTC-17MAY19-6000-P,110.98,0.0045,0.4,1,1557671713050,19985713,288
2019-05-12 14:35:13.050,0.1,buy,7135.84,BTC-17MAY19-6000-P,110.98,0.0045,0.1,1,1557671713050,19985714,289
2019-05-12 14:37:05.968,1.0,buy,7105.43,BTC-17MAY19-6000-P,108.89,0.0045,1.0,1,1557671825968,19986157,290
2019-05-12 14:39:03.969,0.4,buy,7069.38,BTC-17MAY19-6000-P,109.3,0.005,0.4,0,1557671943969,19987206,291
2019-05-12 14:39:03.969,0.1,buy,7069.38,BTC-17MAY19-6000-P,109.3,0.005,0.1,1,1557671943969,19987207,292
2019-05-12 15:26:09.763,5.4,buy,6945.92,BTC-17MAY19-6000-P,80.93,0.002,5.4,2,1557674769763,20007943,293
2019-05-12 18:00:22.472,2.7,buy,6930.67,BTC-17MAY19-6000-P,91.85,0.0035,2.7,0,1557684022472,20045950,294
2019-05-12 19:29:10.098,0.1,sell,7019.47,BTC-17MAY19-6000-P,82.32,0.0015,0.1,2,1557689350098,20062861,295
2019-05-12 20:06:32.614,0.1,sell,6998.68,BTC-17MAY19-6000-P,86.1,0.002,0.1,0,1557691592614,20069127,296
2019-05-12 22:18:50.872,1.0,buy,7030.59,BTC-17MAY19-6000-P,97.28,0.003,1.0,0,1557699530872,20090546,297
2019-05-12 22:30:05.533,2.0,sell,6932.12,BTC-17MAY19-6000-P,102.91,0.005,2.0,0,1557700205533,20094239,298
2019-05-12 22:30:55.532,0.5,buy,6912.44,BTC-17MAY19-6000-P,101.4,0.005,0.5,1,1557700255532,20094921,299
2019-05-12 22:32:19.927,1.0,buy,6880.07,BTC-17MAY19-6000-P,111.3,0.0075,1.0,0,1557700339927,20095509,300
2019-05-13 00:29:54.418,20.0,sell,6880.29,BTC-17MAY19-6000-P,94.09,0.004,20.0,2,1557707394418,20112578,301
2019-05-13 00:34:23.681,20.0,buy,6913.64,BTC-17MAY19-6000-P,112.84,0.006999999999999999,20.0,0,1557707663681,20113072,302
2019-05-13 00:34:43.770,10.0,buy,6912.8,BTC-17MAY19-6000-P,112.78,0.006999999999999999,10.0,1,1557707683770,20113077,303
2019-05-13 00:36:37.650,2.0,buy,6911.69,BTC-17MAY19-6000-P,115.09,0.0075,2.0,0,1557707797650,20113128,304
2019-05-13 03:10:02.687,25.0,sell,7067.51,BTC-17MAY19-6000-P,112.65,0.0045,25.0,2,1557717002687,20125534,305
2019-05-13 03:10:20.525,55.1,sell,7063.7,BTC-17MAY19-6000-P,112.36,0.0045,55.1,3,1557717020525,20125603,306
2019-05-13 10:05:26.386,2.0,sell,7088.81,BTC-17MAY19-6000-P,98.45,0.002,2.0,2,1557741926386,20151667,307
2019-05-13 10:05:26.386,1.0,sell,7088.81,BTC-17MAY19-6000-P,98.45,0.002,1.0,3,1557741926386,20151668,308
2019-05-13 10:05:26.386,20.0,sell,7088.81,BTC-17MAY19-6000-P,98.45,0.002,20.0,3,1557741926386,20151669,309
2019-05-13 11:37:53.373,0.1,sell,7263.28,BTC-17MAY19-6000-P,105.02,0.0015,0.1,3,1557747473373,20161347,311
2019-05-13 11:37:53.373,1.9,sell,7263.28,BTC-17MAY19-6000-P,105.02,0.0015,1.9,2,1557747473373,20161346,310
2019-05-13 11:38:02.728,3.0,sell,7270.34,BTC-17MAY19-6000-P,105.47,0.0015,3.0,3,1557747482728,20161406,312
2019-05-13 11:38:23.641,1.0,sell,7285.36,BTC-17MAY19-6000-P,106.41,0.0015,1.0,3,1557747503641,20161548,313
2019-05-13 12:19:43.611,2.7,sell,7288.82,BTC-17MAY19-6000-P,113.06,0.002,2.7,0,1557749983611,20170227,314
2019-05-13 12:40:41.351,4.9,sell,7319.28,BTC-17MAY19-6000-P,109.15,0.0015,4.9,2,1557751241351,20175688,315
2019-05-13 12:40:41.351,3.3000000000000003,sell,7319.28,BTC-17MAY19-6000-P,109.15,0.0015,3.3000000000000003,3,1557751241351,20175689,316
2019-05-13 14:44:34.178,2.0,sell,7525.42,BTC-17MAY19-6000-P,115.0,0.001,2.0,2,1557758674178,20198468,317
2019-05-13 15:40:02.636,1.0,sell,7789.05,BTC-17MAY19-6000-P,117.87,0.0005,1.0,2,1557762002636,20238608,318
2019-05-13 16:04:50.470,10.0,sell,7887.99,BTC-17MAY19-6000-P,123.17,0.0005,10.0,3,1557763490470,20249755,320
2019-05-13 16:04:50.470,1.5,sell,7887.99,BTC-17MAY19-6000-P,123.17,0.0005,1.5,3,1557763490470,20249756,321
2019-05-13 16:04:50.470,1.0,sell,7887.99,BTC-17MAY19-6000-P,123.17,0.0005,1.0,3,1557763490470,20249754,319
2019-05-13 17:04:44.729,1.0,buy,7896.05,BTC-17MAY19-6000-P,146.99,0.0015,1.0,0,1557767084729,20272476,322
2019-05-13 17:11:11.710,2.5,buy,7902.98,BTC-17MAY19-6000-P,147.47,0.0015,2.5,1,1557767471710,20273956,323
2019-05-13 17:15:41.021,2.0,sell,7945.81,BTC-17MAY19-6000-P,150.01,0.0015,2.0,1,1557767741021,20275710,324
2019-05-13 17:26:12.248,0.5,sell,7847.63,BTC-17MAY19-6000-P,144.47,0.0015,0.5,1,1557768372248,20279280,325
2019-05-13 18:04:42.646,0.9,buy,7803.89,BTC-17MAY19-6000-P,142.44,0.0015,0.9,1,1557770682646,20289232,326
2019-05-13 18:37:48.681,1.0,buy,7885.36,BTC-17MAY19-6000-P,138.18,0.001,1.0,2,1557772668681,20293201,327
2019-05-13 19:08:12.232,1.6,buy,7857.87,BTC-17MAY19-6000-P,137.06,0.001,1.6,3,1557774492232,20295475,328
2019-05-13 19:14:35.256,2.4,buy,7835.91,BTC-17MAY19-6000-P,135.92,0.001,2.4,3,1557774875256,20295805,329
2019-05-13 19:15:42.455,2.4,buy,7823.36,BTC-17MAY19-6000-P,144.59,0.0015,2.4,0,1557774942455,20295936,330
2019-05-13 22:31:08.874,1.0,sell,8067.93,BTC-17MAY19-6000-P,151.65,0.001,1.0,2,1557786668874,20337952,331
2019-05-13 23:19:18.712,2.0,buy,7710.9,BTC-17MAY19-6000-P,148.81,0.002,2.0,0,1557789558712,20360655,332
2019-05-14 01:55:37.646,3.5,sell,8010.76,BTC-17MAY19-6000-P,151.7,0.001,3.5,2,1557798937646,20395295,333
2019-05-14 06:29:25.757,5.5,sell,8043.99,BTC-17MAY19-6000-P,143.18,0.0005,5.5,3,1557815365757,20435787,336
2019-05-14 06:29:25.757,1.5,sell,8043.99,BTC-17MAY19-6000-P,143.18,0.0005,1.5,2,1557815365757,20435785,334
2019-05-14 06:29:25.757,3.0,sell,8043.99,BTC-17MAY19-6000-P,143.18,0.0005,3.0,3,1557815365757,20435786,335
2019-05-14 08:17:04.803,1.0,sell,8262.52,BTC-17MAY19-6000-P,156.67,0.0005,1.0,3,1557821824803,20467063,337
2019-05-14 08:17:04.803,0.2,sell,8262.52,BTC-17MAY19-6000-P,156.67,0.0005,0.2,3,1557821824803,20467064,338
2019-05-14 08:18:43.307,2.8000000000000003,buy,8244.73,BTC-17MAY19-6000-P,155.77,0.0005,2.8000000000000003,3,1557821923307,20467388,339
2019-05-14 21:04:38.552,0.4,buy,7663.2,BTC-17MAY19-6000-P,161.85,0.0015,0.4,0,1557867878552,20616836,340
2019-05-14 21:04:54.670,1.0,buy,7657.11,BTC-17MAY19-6000-P,170.06,0.002,1.0,0,1557867894670,20616918,341
2019-05-14 21:34:31.528,1.5,sell,7829.72,BTC-17MAY19-6000-P,163.27,0.001,1.5,2,1557869671528,20621979,342
2019-05-14 21:44:13.504,0.1,sell,7824.7,BTC-17MAY19-6000-P,163.16,0.001,0.1,3,1557870253504,20623079,343
2019-05-15 10:19:13.891,0.4,sell,8109.03,BTC-17MAY19-6000-P,205.55,0.001,0.4,3,1557915553891,20696007,344
2019-05-16 04:21:49.190,1.6,buy,7994.06,BTC-17MAY19-6000-P,270.65,0.0015,1.6,0,1557980509190,20846297,345
2019-05-16 21:52:22.885,1.0,buy,7936.95,BTC-17MAY19-6000-P,370.03,0.0005,1.0,2,1558043542885,20989912,346
2019-05-17 03:16:10.259,1.1,buy,7030.38,BTC-17MAY19-6000-P,368.89,0.001,1.1,0,1558062970259,21060615,347
2019-05-17 03:16:27.960,0.9,buy,7011.92,BTC-17MAY19-6000-P,363.75,0.001,0.9,1,1558062987960,21060891,348
2019-05-17 03:16:27.960,0.2,buy,7011.92,BTC-17MAY19-6000-P,363.75,0.001,0.2,1,1558062987960,21060892,349
2019-05-17 03:33:29.480,0.1,buy,7339.56,BTC-17MAY19-6000-P,466.09,0.001,0.1,1,1558064009480,21076312,350
