date_utc,amount,direction,indexPrice,instrument,iv,price,quantity,tickDirection,timeStamp,tradeId,tradeSeq
2019-03-31 08:27:37.926,75.0,buy,140.79,ETH-27SEP19-340-C,76.04,0.018000000000000002,75.0,1,1554020857926,225521,1
2019-03-31 14:08:20.008,25.0,sell,141.03,ETH-27SEP19-340-C,75.91,0.018000000000000002,25.0,1,1554041300008,228675,2
2019-04-01 10:57:07.207,106.0,buy,141.37,ETH-27SEP19-340-C,75.32,0.017,106.0,2,1554116227207,243440,3
2019-04-01 10:57:15.474,106.0,sell,141.36,ETH-27SEP19-340-C,75.32,0.017,106.0,3,1554116235474,243441,4
2019-04-01 10:57:39.258,38.0,sell,141.36,ETH-27SEP19-340-C,75.32,0.017,38.0,3,1554116259258,243442,5
2019-04-02 08:14:56.139,3.0,buy,152.81,ETH-27SEP19-340-C,73.05,0.02,3.0,0,1554192896139,278763,6
2019-04-02 19:49:20.966,1.0,buy,160.34,ETH-27SEP19-340-C,81.0,0.037000000000000005,1.0,0,1554234560966,315727,7
2019-04-03 22:08:51.288,1.0,buy,175.07,ETH-27SEP19-340-C,84.63,0.059000000000000004,1.0,0,1554329331288,408718,8
2019-04-05 17:14:25.305,1.0,buy,164.89,ETH-27SEP19-340-C,86.15,0.05,1.0,2,1554484465305,484281,9
2019-04-05 17:14:38.578,1.0,buy,164.92,ETH-27SEP19-340-C,86.15,0.05,1.0,3,1554484478578,484283,10
2019-04-07 15:24:28.845,1.0,buy,167.62,ETH-27SEP19-340-C,84.18,0.049,1.0,2,1554650668845,547746,11
2019-04-07 23:18:04.651,1.0,buy,173.38,ETH-27SEP19-340-C,85.55,0.057999999999999996,1.0,0,1554679084651,577870,12
2019-04-08 01:07:39.427,1.0,buy,184.22,ETH-27SEP19-340-C,85.41,0.07,1.0,0,1554685659427,591756,13
2019-04-08 02:59:42.551,48.0,sell,182.67,ETH-27SEP19-340-C,82.04,0.062,48.0,2,1554692382551,602878,14
2019-04-08 14:52:03.395,288.0,buy,178.91,ETH-27SEP19-340-C,88.11,0.07,288.0,0,1554735123395,638375,15
2019-04-08 14:53:49.239,62.0,buy,179.2,ETH-27SEP19-340-C,88.01,0.07,62.0,1,1554735229239,638450,16
2019-04-10 01:31:28.984,1.0,buy,180.21,ETH-27SEP19-340-C,82.4,0.059,1.0,2,1554859888984,718749,17
2019-04-11 18:26:19.693,1.0,buy,165.47,ETH-27SEP19-340-C,82.81,0.042,1.0,2,1555007179693,839848,18
2019-04-12 15:22:55.124,5.0,buy,164.53,ETH-27SEP19-340-C,82.67,0.04,5.0,2,1555082575124,886043,19
2019-04-14 01:47:56.046,1.0,buy,163.51,ETH-27SEP19-340-C,82.06,0.037000000000000005,1.0,2,1555206476046,918857,20
2019-04-15 20:44:02.974,4.0,sell,160.0,ETH-27SEP19-340-C,78.58,0.029,4.0,2,1555361042974,981187,21
2019-04-18 00:05:35.517,5.0,buy,166.53,ETH-27SEP19-340-C,79.68,0.034,5.0,0,1555545935517,1048350,22
2019-04-18 20:21:58.357,30.0,buy,174.07,ETH-27SEP19-340-C,80.26,0.040999999999999995,30.0,0,1555618918357,1073540,23
2019-04-22 21:12:17.706,1.0,buy,171.89,ETH-27SEP19-340-C,81.99,0.04,1.0,2,1555967537706,1166177,24
2019-04-23 09:43:25.496,10.0,buy,174.43,ETH-27SEP19-340-C,80.39,0.039,10.0,2,1556012605496,1181819,25
2019-04-24 19:12:45.471,2.0,buy,163.07,ETH-27SEP19-340-C,79.91,0.028999999999999998,2.0,2,1556133165471,1220917,26
2019-04-25 22:05:17.094,73.0,sell,152.46,ETH-27SEP19-340-C,81.4,0.023,73.0,2,1556229917094,1245091,27
2019-04-28 15:00:21.688,10.0,buy,154.32,ETH-27SEP19-340-C,80.41,0.022000000000000002,10.0,2,1556463621688,1310931,28
2019-05-01 07:44:27.189,2.0,buy,160.17,ETH-27SEP19-340-C,77.91,0.021,2.0,2,1556696667189,1373146,29
2019-05-04 00:39:18.951,10.0,buy,167.06,ETH-27SEP19-340-C,80.95,0.028999999999999998,10.0,0,1556930358951,1453011,30
2019-05-05 21:04:37.525,1.0,sell,163.33,ETH-27SEP19-340-C,79.12,0.023,1.0,2,1557090277525,1495732,31
2019-05-06 18:04:17.897,1.0,sell,174.02,ETH-27SEP19-340-C,79.85,0.031,1.0,0,1557165857897,1532492,32
2019-05-07 08:56:05.865,24.0,sell,175.02,ETH-27SEP19-340-C,84.48,0.039,24.0,0,1557219365865,1561506,33
2019-05-07 14:29:16.371,45.0,buy,170.9,ETH-27SEP19-340-C,84.9,0.036000000000000004,45.0,2,1557239356371,1572593,34
2019-05-10 10:46:54.813,20.0,buy,173.09,ETH-27SEP19-340-C,88.94,0.040999999999999995,20.0,0,1557485214813,1691106,35
2019-05-10 10:47:37.009,20.0,buy,173.08,ETH-27SEP19-340-C,88.98,0.040999999999999995,20.0,1,1557485257009,1691110,36
2019-05-10 20:41:24.084,4.0,sell,172.95,ETH-27SEP19-340-C,89.96,0.042,4.0,0,1557520884084,1707147,37
2019-05-11 07:22:04.935,4.0,buy,177.58,ETH-27SEP19-340-C,89.39,0.043,4.0,0,1557559324935,1741427,38
2019-05-11 12:56:10.846,40.0,sell,188.55,ETH-27SEP19-340-C,93.59,0.062,40.0,1,1557579370846,1779130,40
2019-05-11 12:56:10.846,60.0,sell,188.55,ETH-27SEP19-340-C,93.59,0.062,60.0,0,1557579370846,1779129,39
2019-05-11 12:56:13.243,40.0,sell,188.54,ETH-27SEP19-340-C,92.54,0.06,40.0,2,1557579373243,1779155,41
2019-05-11 12:56:14.138,27.0,sell,188.54,ETH-27SEP19-340-C,92.01,0.059000000000000004,27.0,2,1557579374138,1779170,42
2019-05-11 12:56:14.488,1.0,sell,188.54,ETH-27SEP19-340-C,92.01,0.059000000000000004,1.0,3,1557579374488,1779172,43
2019-05-11 12:56:14.746,60.0,sell,188.54,ETH-27SEP19-340-C,93.07,0.061,60.0,0,1557579374746,1779179,44
2019-05-11 12:56:37.101,60.0,sell,188.67,ETH-27SEP19-340-C,92.52,0.06,60.0,2,1557579397101,1779229,45
2019-05-11 12:56:37.220,40.0,sell,188.67,ETH-27SEP19-340-C,91.45,0.057999999999999996,40.0,2,1557579397220,1779240,46
2019-05-11 14:33:39.711,10.0,sell,188.57,ETH-27SEP19-340-C,93.39,0.062,10.0,0,1557585219711,1783800,47
2019-05-11 14:44:09.751,10.0,sell,189.41,ETH-27SEP19-340-C,94.18,0.064,10.0,0,1557585849751,1784402,48
2019-05-12 21:22:17.102,45.0,buy,189.77,ETH-27SEP19-340-C,97.98,0.071,45.0,0,1557696137102,1992289,49
2019-05-14 00:09:26.524,2.0,sell,196.25,ETH-27SEP19-340-C,104.38,0.091,2.0,0,1557792566524,2076522,50
2019-05-14 05:20:02.723,279.0,sell,211.42,ETH-27SEP19-340-C,94.41,0.08800000000000001,279.0,2,1557811202723,2096854,51
2019-05-14 05:20:02.742,71.0,buy,211.42,ETH-27SEP19-340-C,94.41,0.08800000000000001,71.0,3,1557811202742,2096855,52
2019-05-14 07:19:24.752,10.0,buy,211.16,ETH-27SEP19-340-C,96.15,0.092,10.0,0,1557818364752,2103960,53
2019-05-14 11:35:20.962,59.0,buy,205.74,ETH-27SEP19-340-C,99.46,0.093,59.0,0,1557833720962,2126761,54
2019-05-14 11:35:33.296,57.0,buy,205.86,ETH-27SEP19-340-C,99.4,0.093,57.0,1,1557833733296,2126781,55
2019-05-14 11:37:29.844,40.0,buy,205.72,ETH-27SEP19-340-C,99.5,0.09300000000000001,40.0,1,1557833849844,2126842,56
2019-05-14 11:48:55.215,40.0,buy,206.38,ETH-27SEP19-340-C,99.68,0.094,40.0,0,1557834535215,2127420,57
2019-05-14 11:48:55.267,4.0,buy,206.38,ETH-27SEP19-340-C,99.68,0.094,4.0,1,1557834535267,2127421,58
2019-05-14 12:01:31.386,50.0,buy,207.13,ETH-27SEP19-340-C,99.7,0.095,50.0,0,1557835291386,2127955,59
2019-05-14 12:03:14.766,50.0,buy,207.37,ETH-27SEP19-340-C,99.61,0.095,50.0,1,1557835394766,2127967,60
2019-05-14 12:05:04.117,40.0,buy,207.77,ETH-27SEP19-340-C,99.45,0.095,40.0,1,1557835504117,2128017,61
2019-05-14 12:05:04.119,5.0,buy,207.77,ETH-27SEP19-340-C,99.45,0.095,5.0,1,1557835504119,2128018,62
2019-05-14 12:05:04.160,40.0,buy,207.76,ETH-27SEP19-340-C,99.45,0.095,40.0,1,1557835504160,2128019,63
2019-05-14 12:05:07.059,1.0,buy,207.76,ETH-27SEP19-340-C,99.45,0.095,1.0,1,1557835507059,2128022,64
2019-05-14 12:05:17.591,14.0,buy,207.79,ETH-27SEP19-340-C,99.44,0.095,14.0,1,1557835517591,2128023,65
2019-05-14 17:58:25.044,1.0,buy,208.43,ETH-27SEP19-340-C,108.84,0.11699999999999999,1.0,0,1557856705044,2152252,66
2019-05-15 00:21:26.185,1.0,buy,220.9,ETH-27SEP19-340-C,107.19,0.128,1.0,0,1557879686185,2183085,67
2019-05-15 05:36:20.723,1.0,buy,229.21,ETH-27SEP19-340-C,107.87,0.141,1.0,0,1557898580723,2203271,68
2019-05-15 16:03:40.768,2.0,buy,243.65,ETH-27SEP19-340-C,107.24,0.155,2.0,0,1557936220768,2251662,69
2019-05-15 19:34:43.118,1.0,buy,242.7,ETH-27SEP19-340-C,103.76,0.14400000000000002,1.0,2,1557948883118,2273117,70
2019-05-16 01:46:46.709,1.0,buy,263.07,ETH-27SEP19-340-C,105.25,0.171,1.0,0,1557971206709,2315612,71
2019-05-16 04:55:26.593,1.0,buy,258.65,ETH-27SEP19-340-C,104.73,0.16899999999999998,1.0,2,1557982526593,2352960,72
2019-05-16 08:30:26.296,1.0,buy,264.11,ETH-27SEP19-340-C,95.57,0.149,1.0,2,1557995426296,2381645,73
2019-05-16 13:21:07.913,1.0,buy,249.33,ETH-27SEP19-340-C,105.2,0.158,1.0,0,1558012867913,2426297,74
2019-05-17 21:04:22.898,1.0,buy,235.5,ETH-27SEP19-340-C,105.11,0.139,1.0,2,1558127062898,2826272,75
2019-05-18 17:17:33.761,7.0,sell,236.66,ETH-27SEP19-340-C,100.85,0.125,7.0,2,1558199853761,2938313,76
2019-05-19 11:25:07.480,1.0,buy,258.7,ETH-27SEP19-340-C,102.03,0.154,1.0,0,1558265107480,3022746,77
2019-05-19 14:12:48.899,15.0,buy,255.3,ETH-27SEP19-340-C,103.76,0.156,15.0,0,1558275168899,3034314,78
2019-05-20 19:20:45.716,1.0,buy,247.57,ETH-27SEP19-340-C,102.63,0.145,1.0,2,1558380045716,3160643,79
2019-05-23 10:01:23.084,10.0,buy,235.89,ETH-27SEP19-340-C,98.59,0.113,10.0,2,1558605683084,3384383,80
2019-05-23 10:01:23.572,10.0,buy,235.88,ETH-27SEP19-340-C,99.49,0.115,10.0,0,1558605683572,3384387,81
2019-05-23 10:01:24.406,10.0,buy,235.88,ETH-27SEP19-340-C,99.93,0.116,10.0,0,1558605684406,3384392,82
2019-05-23 23:14:59.312,1.0,sell,245.22,ETH-27SEP19-340-C,102.58,0.13,1.0,0,1558653299312,3429075,83
2019-05-25 17:28:56.464,3.0,buy,250.84,ETH-27SEP19-340-C,101.72,0.138,3.0,0,1558805336464,3537566,84
2019-05-30 12:57:03.050,2.0,buy,283.47,ETH-27SEP19-340-C,99.32,0.175,2.0,0,1559221023050,3918297,85
2019-05-31 11:38:00.834,10.0,sell,254.19,ETH-27SEP19-340-C,97.62,0.124,10.0,2,1559302680834,4054249,86
2019-06-02 22:45:25.202,1.0,buy,268.82,ETH-27SEP19-340-C,90.94,0.131,1.0,0,1559515525202,4201743,87
2019-06-03 09:12:33.620,36.0,buy,259.98,ETH-27SEP19-340-C,92.21,0.12300000000000001,36.0,2,1559553153620,4233396,88
2019-06-06 18:08:36.222,2.0,sell,239.3,ETH-27SEP19-340-C,95.03,0.098,2.0,2,1559844516222,4451477,89
2019-06-06 18:08:42.104,3.0,sell,239.2,ETH-27SEP19-340-C,94.69,0.09699999999999999,3.0,2,1559844522104,4451505,90
2019-06-06 23:31:54.355,1.0,buy,244.26,ETH-27SEP19-340-C,95.75,0.105,1.0,0,1559863914355,4465490,91
2019-06-07 06:46:06.068,5.0,sell,248.52,ETH-27SEP19-340-C,91.84,0.102,5.0,2,1559889966068,4485506,92
2019-06-07 09:34:55.798,100.0,buy,248.03,ETH-27SEP19-340-C,96.31,0.111,100.0,0,1559900095798,4491277,93
2019-06-07 09:34:55.798,30.0,buy,248.03,ETH-27SEP19-340-C,96.31,0.111,30.0,1,1559900095798,4491278,94
2019-06-07 10:31:23.895,100.0,buy,249.5,ETH-27SEP19-340-C,96.62,0.113,100.0,0,1559903483895,4492214,95
2019-06-07 10:31:23.895,150.0,buy,249.5,ETH-27SEP19-340-C,97.09,0.114,150.0,0,1559903483895,4492215,96
2019-06-09 08:48:07.134,2.0,sell,243.78,ETH-27SEP19-340-C,91.0,0.091,2.0,2,1560070087134,4540601,97
2019-06-09 15:00:51.729,40.0,buy,238.22,ETH-27SEP19-340-C,90.48,0.08199999999999999,40.0,2,1560092451729,4551183,98
2019-06-09 15:01:48.991,40.0,buy,238.02,ETH-27SEP19-340-C,90.06,0.081,40.0,2,1560092508991,4551216,99
2019-06-11 00:00:20.512,2.0,sell,247.82,ETH-27SEP19-340-C,90.62,0.095,2.0,0,1560211220512,4610914,100
2019-06-12 10:37:52.788,2.0,sell,248.52,ETH-27SEP19-340-C,87.39,0.086,2.0,2,1560335872788,4668398,101
2019-06-12 23:49:30.469,1.0,buy,261.36,ETH-27SEP19-340-C,89.87,0.10400000000000001,1.0,0,1560383370469,4693960,102
2019-06-14 15:46:57.461,1.0,buy,257.32,ETH-27SEP19-340-C,90.31,0.102,1.0,2,1560527217461,4756692,103
2019-06-14 21:45:38.250,1.0,buy,262.86,ETH-27SEP19-340-C,89.79,0.107,1.0,0,1560548738250,4769537,104
2019-06-15 00:19:25.378,36.0,sell,262.61,ETH-27SEP19-340-C,89.77,0.107,36.0,1,1560557965378,4775926,105
2019-06-16 04:26:28.547,7.0,buy,271.81,ETH-27SEP19-340-C,93.41,0.127,7.0,0,1560659188547,4812617,106
2019-06-17 03:11:22.891,1.0,buy,269.82,ETH-27SEP19-340-C,95.41,0.128,1.0,0,1560741082891,4880605,107
2019-06-17 03:28:11.880,2.0,buy,270.28,ETH-27SEP19-340-C,95.17,0.128,2.0,1,1560742091880,4880795,108
2019-06-17 18:43:27.865,3.0,buy,272.49,ETH-27SEP19-340-C,97.92,0.135,3.0,0,1560797007865,4914000,109
2019-06-18 05:03:34.209,2.0,sell,269.8,ETH-27SEP19-340-C,96.55,0.13,2.0,2,1560834214209,4938912,110
