date_utc,amount,direction,indexPrice,instrument,iv,price,quantity,tickDirection,timeStamp,tradeId,tradeSeq
2019-05-11 06:56:34.252,0.4,buy,6831.59,BTC-17MAY19-8000-C,76.82,0.0025,0.4,1,1557557794252,19516785,1
2019-05-11 07:36:05.303,1.0,buy,6834.31,BTC-17MAY19-8000-C,94.52,0.006,1.0,0,1557560165303,19526246,2
2019-05-11 07:36:51.887,1.0,sell,6837.31,BTC-17MAY19-8000-C,94.34,0.006,1.0,1,1557560211887,19526294,3
2019-05-11 07:37:36.242,1.0,sell,6828.96,BTC-17MAY19-8000-C,94.87,0.006,1.0,1,1557560256242,19526465,4
2019-05-11 07:38:16.487,1.0,sell,6823.95,BTC-17MAY19-8000-C,95.18,0.006,1.0,1,1557560296487,19526619,5
2019-05-11 07:39:02.751,25.0,sell,6827.56,BTC-17MAY19-8000-C,94.96,0.006,25.0,1,1557560342751,19526701,6
2019-05-11 07:48:06.360,0.2,sell,6801.41,BTC-17MAY19-8000-C,96.65,0.006,0.2,1,1557560886360,19527986,7
2019-05-11 07:48:09.821,0.2,sell,6802.7,BTC-17MAY19-8000-C,96.57,0.006,0.2,1,1557560889821,19527987,8
2019-05-11 07:49:06.867,1.0,sell,6803.05,BTC-17MAY19-8000-C,96.55,0.006,1.0,1,1557560946867,19528109,9
2019-05-11 08:04:48.202,0.5,buy,6810.47,BTC-17MAY19-8000-C,96.18,0.006,0.5,1,1557561888202,19530318,10
2019-05-11 08:57:10.749,5.0,sell,6674.11,BTC-17MAY19-8000-C,100.38,0.005,5.0,2,1557565030749,19539925,11
2019-05-11 08:58:28.749,25.0,sell,6685.16,BTC-17MAY19-8000-C,99.71,0.005,25.0,3,1557565108749,19540371,12
2019-05-11 09:50:00.285,0.5,buy,6793.45,BTC-17MAY19-8000-C,97.84,0.006,0.5,0,1557568200285,19545855,13
2019-05-11 09:51:52.176,25.0,sell,6788.25,BTC-17MAY19-8000-C,98.18,0.006,25.0,1,1557568312176,19545986,14
2019-05-11 10:11:39.898,0.1,buy,6826.65,BTC-17MAY19-8000-C,97.96,0.0065,0.1,0,1557569499898,19548613,15
2019-05-11 10:58:03.614,0.9,buy,6839.68,BTC-17MAY19-8000-C,97.39,0.0065,0.9,1,1557572283614,19553996,16
2019-05-11 11:34:52.789,1.0,sell,6825.22,BTC-17MAY19-8000-C,100.56,0.006999999999999999,1.0,0,1557574492789,19557143,17
2019-05-11 14:24:41.336,0.1,sell,6793.16,BTC-17MAY19-8000-C,87.2,0.0035,0.1,2,1557584681336,19572530,18
2019-05-11 15:25:15.285,5.0,buy,6854.4,BTC-17MAY19-8000-C,91.44,0.005,5.0,0,1557588315285,19579860,19
2019-05-11 22:38:24.287,0.1,buy,7271.82,BTC-17MAY19-8000-C,114.93,0.0215,0.1,0,1557614304287,19678052,20
2019-05-11 22:52:57.197,0.1,buy,7267.97,BTC-17MAY19-8000-C,111.6,0.02,0.1,2,1557615177197,19687765,21
2019-05-11 23:00:00.308,0.9,buy,7241.12,BTC-17MAY19-8000-C,107.41,0.0175,0.9,2,1557615600308,19690436,22
2019-05-11 23:00:30.553,0.9,buy,7259.98,BTC-17MAY19-8000-C,105.87,0.0175,0.9,3,1557615630553,19690778,23
2019-05-11 23:01:50.471,1.0,buy,7265.12,BTC-17MAY19-8000-C,108.06,0.0185,1.0,0,1557615710471,19691233,24
2019-05-12 01:32:16.503,1.0,sell,7137.39,BTC-17MAY19-8000-C,107.09,0.013999999999999999,1.0,2,1557624736503,19777120,25
2019-05-12 02:24:43.196,0.1,buy,7257.45,BTC-17MAY19-8000-C,99.34,0.0145,0.1,0,1557627883196,19787250,26
2019-05-12 02:28:22.615,0.1,buy,7254.86,BTC-17MAY19-8000-C,100.96,0.015,0.1,0,1557628102615,19787806,27
2019-05-12 05:51:04.594,1.0,sell,7351.23,BTC-17MAY19-8000-C,97.07,0.016,1.0,0,1557640264594,19816065,28
2019-05-12 07:12:06.445,0.1,buy,7484.72,BTC-17MAY19-8000-C,110.57,0.026000000000000002,0.1,0,1557645126445,19831113,29
2019-05-12 08:07:48.249,0.2,buy,7580.9,BTC-17MAY19-8000-C,110.89,0.03,0.2,0,1557648468249,19844339,30
2019-05-12 08:18:58.893,0.8,sell,7391.67,BTC-17MAY19-8000-C,110.03,0.022000000000000002,0.8,2,1557649138893,19855445,31
2019-05-12 09:53:00.348,0.1,sell,7331.09,BTC-17MAY19-8000-C,100.44,0.016,0.1,2,1557654780348,19892923,32
2019-05-12 10:04:57.468,16.0,sell,7368.66,BTC-17MAY19-8000-C,90.38,0.0135,16.0,2,1557655497468,19898257,33
2019-05-12 10:20:48.176,0.4,sell,7444.66,BTC-17MAY19-8000-C,104.85,0.0215,0.4,0,1557656448176,19902411,34
2019-05-12 10:21:54.324,0.4,sell,7437.87,BTC-17MAY19-8000-C,104.23,0.021,0.4,2,1557656514324,19902695,35
2019-05-12 11:15:44.224,0.4,buy,7283.5,BTC-17MAY19-8000-C,100.86,0.0145,0.4,2,1557659744224,19927347,36
2019-05-12 11:42:47.259,1.0,sell,7079.32,BTC-17MAY19-8000-C,103.32,0.01,1.0,2,1557661367259,19946462,37
2019-05-12 12:21:42.468,1.0,buy,7062.39,BTC-17MAY19-8000-C,104.92,0.01,1.0,3,1557663702468,19963015,38
2019-05-12 12:21:55.300,0.4,sell,7064.66,BTC-17MAY19-8000-C,104.74,0.01,0.4,3,1557663715300,19963104,39
2019-05-12 12:22:10.771,0.4,sell,7074.52,BTC-17MAY19-8000-C,103.98,0.01,0.4,3,1557663730771,19963168,40
2019-05-12 12:22:12.242,0.4,sell,7075.31,BTC-17MAY19-8000-C,103.92,0.01,0.4,3,1557663732242,19963170,41
2019-05-12 12:22:12.367,0.4,sell,7075.31,BTC-17MAY19-8000-C,103.92,0.01,0.4,3,1557663732367,19963172,42
2019-05-12 12:23:16.634,0.4,sell,7059.6,BTC-17MAY19-8000-C,105.14,0.01,0.4,3,1557663796634,19963519,43
2019-05-12 12:30:09.761,1.0,sell,7121.79,BTC-17MAY19-8000-C,100.39,0.01,1.0,3,1557664209761,19965393,44
2019-05-12 12:32:54.849,1.0,sell,7140.77,BTC-17MAY19-8000-C,98.94,0.01,1.0,3,1557664374849,19965802,45
2019-05-12 12:46:39.365,0.2,buy,7135.76,BTC-17MAY19-8000-C,102.79,0.011000000000000001,0.2,0,1557665199365,19967815,46
2019-05-12 13:32:40.163,1.5,sell,7191.98,BTC-17MAY19-8000-C,100.28,0.0115,1.5,0,1557667960163,19974653,47
2019-05-12 14:36:49.413,2.0,sell,7112.51,BTC-17MAY19-8000-C,90.96,0.006999999999999999,2.0,2,1557671809413,19986083,48
2019-05-12 14:44:25.155,4.0,sell,7044.71,BTC-17MAY19-8000-C,91.78,0.006,4.0,2,1557672265155,19989524,49
2019-05-12 14:46:32.575,2.0,sell,7056.3,BTC-17MAY19-8000-C,90.97,0.006,2.0,3,1557672392575,19989996,50
2019-05-12 14:48:33.681,1.8,sell,7044.1,BTC-17MAY19-8000-C,91.85,0.006,1.8,3,1557672513681,19990869,51
2019-05-12 14:51:12.812,0.1,sell,7014.65,BTC-17MAY19-8000-C,93.97,0.006,0.1,3,1557672672812,19992371,52
2019-05-12 14:51:13.828,0.1,sell,7013.86,BTC-17MAY19-8000-C,94.03,0.006,0.1,3,1557672673828,19992378,53
2019-05-12 14:51:43.236,0.5,buy,7024.14,BTC-17MAY19-8000-C,93.3,0.006,0.5,3,1557672703236,19992576,54
2019-05-12 14:52:27.617,3.2,buy,7044.48,BTC-17MAY19-8000-C,91.85,0.006,3.2,3,1557672747617,19992794,55
2019-05-12 14:54:13.017,0.2,buy,7035.38,BTC-17MAY19-8000-C,94.66,0.0065,0.2,0,1557672853017,19993228,56
2019-05-12 16:39:26.198,1.0,sell,6887.51,BTC-17MAY19-8000-C,90.71,0.0035,1.0,2,1557679166198,20029345,57
2019-05-12 18:37:50.690,1.0,buy,7040.16,BTC-17MAY19-8000-C,93.73,0.006,1.0,0,1557686270690,20052883,58
2019-05-12 19:14:51.931,0.2,sell,6991.48,BTC-17MAY19-8000-C,97.54,0.006,0.2,1,1557688491931,20058144,59
2019-05-12 19:16:23.522,0.2,sell,6983.24,BTC-17MAY19-8000-C,98.15,0.006,0.2,1,1557688583522,20059017,60
2019-05-12 19:16:23.727,0.2,sell,6983.24,BTC-17MAY19-8000-C,98.15,0.006,0.2,1,1557688583727,20059022,61
2019-05-12 19:20:40.126,0.4,sell,6976.68,BTC-17MAY19-8000-C,98.66,0.006,0.4,1,1557688840126,20060434,62
2019-05-12 19:21:26.403,1.0,sell,6981.77,BTC-17MAY19-8000-C,98.29,0.006,1.0,1,1557688886403,20061064,63
2019-05-12 19:22:46.743,1.0,sell,6992.46,BTC-17MAY19-8000-C,97.53,0.006,1.0,1,1557688966743,20061608,64
2019-05-12 19:47:22.782,2.0,sell,6977.56,BTC-17MAY19-8000-C,98.79,0.006,2.0,1,1557690442782,20065654,65
2019-05-12 19:48:04.646,2.0,sell,6990.25,BTC-17MAY19-8000-C,97.88,0.006,2.0,1,1557690484646,20066062,66
2019-05-12 20:04:56.617,0.9,sell,7000.11,BTC-17MAY19-8000-C,97.28,0.006,0.9,1,1557691496617,20068595,67
2019-05-12 20:09:02.398,0.1,sell,7003.28,BTC-17MAY19-8000-C,97.08,0.006,0.1,1,1557691742398,20069770,68
2019-05-12 20:44:17.258,1.0,buy,7131.1,BTC-17MAY19-8000-C,90.06,0.0065,1.0,0,1557693857258,20074710,69
2019-05-12 21:58:00.901,3.0,buy,7149.45,BTC-17MAY19-8000-C,97.07,0.0085,3.0,0,1557698280901,20085481,70
2019-05-12 21:58:04.630,2.0,sell,7148.66,BTC-17MAY19-8000-C,97.13,0.0085,2.0,1,1557698284630,20085482,71
2019-05-12 22:01:20.141,5.0,sell,7154.09,BTC-17MAY19-8000-C,96.73,0.0085,5.0,1,1557698480141,20085612,72
2019-05-12 23:03:02.618,1.0,sell,6945.08,BTC-17MAY19-8000-C,100.32,0.0055,1.0,2,1557702182618,20101826,73
2019-05-12 23:03:02.618,2.0,sell,6945.08,BTC-17MAY19-8000-C,100.32,0.0055,2.0,3,1557702182618,20101827,74
2019-05-13 05:14:55.905,1.0,buy,7121.81,BTC-17MAY19-8000-C,96.73,0.006999999999999999,1.0,0,1557724495905,20132281,75
2019-05-13 09:11:33.433,3.0,buy,7084.1,BTC-17MAY19-8000-C,103.93,0.0075,3.0,0,1557738693433,20147439,76
2019-05-13 11:52:30.756,8.0,buy,7295.26,BTC-17MAY19-8000-C,97.19,0.01,8.0,0,1557748350756,20165571,77
2019-05-13 12:21:59.679,7.0,buy,7337.27,BTC-17MAY19-8000-C,93.7,0.01,7.0,1,1557750119679,20171624,78
2019-05-13 13:00:07.319,1.1,buy,7342.27,BTC-17MAY19-8000-C,98.77,0.0115,1.1,0,1557752407319,20177934,79
2019-05-13 13:47:35.572,1.8,sell,7414.53,BTC-17MAY19-8000-C,90.79,0.011000000000000001,1.8,2,1557755255572,20186407,80
2019-05-13 13:48:00.709,0.2,buy,7426.38,BTC-17MAY19-8000-C,89.68,0.011000000000000001,0.2,3,1557755280709,20186650,81
2019-05-13 13:51:11.834,2.4,sell,7429.16,BTC-17MAY19-8000-C,91.1,0.0115,2.4,0,1557755471834,20187051,82
2019-05-13 13:53:27.146,2.1,sell,7414.68,BTC-17MAY19-8000-C,89.14,0.0105,2.1,2,1557755607146,20187545,83
2019-05-13 14:14:36.729,1.0,buy,7406.4,BTC-17MAY19-8000-C,98.36,0.013000000000000001,1.0,0,1557756876729,20190685,84
2019-05-13 14:37:54.646,2.6,buy,7495.81,BTC-17MAY19-8000-C,95.97,0.015,2.6,0,1557758274646,20195904,85
2019-05-13 14:42:39.503,2.0,buy,7490.14,BTC-17MAY19-8000-C,96.59,0.015,2.0,1,1557758559503,20197974,86
2019-05-13 14:45:12.919,0.4,buy,7529.37,BTC-17MAY19-8000-C,92.62,0.015,0.4,1,1557758712919,20199047,87
2019-05-13 14:47:56.048,1.9,sell,7519.25,BTC-17MAY19-8000-C,98.12,0.0165,1.9,0,1557758876048,20199675,88
2019-05-13 15:00:19.602,10.0,sell,7509.75,BTC-17MAY19-8000-C,91.73,0.013999999999999999,10.0,2,1557759619602,20203853,89
2019-05-13 15:01:33.871,10.0,buy,7501.83,BTC-17MAY19-8000-C,92.54,0.013999999999999999,10.0,3,1557759693871,20204211,90
2019-05-13 15:06:36.197,2.0,buy,7537.4,BTC-17MAY19-8000-C,88.99,0.013999999999999999,2.0,3,1557759996197,20205366,91
2019-05-13 15:06:42.589,10.3,buy,7543.54,BTC-17MAY19-8000-C,88.37,0.013999999999999999,10.3,3,1557760002589,20205441,92
2019-05-13 15:06:42.641,7.7,buy,7543.54,BTC-17MAY19-8000-C,88.37,0.013999999999999999,7.7,3,1557760002641,20205442,93
2019-05-13 15:07:42.277,10.2,buy,7553.31,BTC-17MAY19-8000-C,88.87,0.0145,10.2,0,1557760062277,20206144,94
2019-05-13 15:08:04.291,9.8,buy,7581.29,BTC-17MAY19-8000-C,85.99,0.0145,9.8,1,1557760084291,20206574,95
2019-05-13 15:10:50.034,5.0,buy,7666.39,BTC-17MAY19-8000-C,86.8,0.018000000000000002,5.0,0,1557760250034,20212300,96
2019-05-13 15:10:54.201,5.0,buy,7668.74,BTC-17MAY19-8000-C,86.53,0.018000000000000002,5.0,1,1557760254201,20212343,97
2019-05-13 15:11:02.934,5.0,buy,7665.08,BTC-17MAY19-8000-C,86.94,0.018000000000000002,5.0,1,1557760262934,20212520,98
2019-05-13 15:11:20.069,1.0,buy,7693.21,BTC-17MAY19-8000-C,89.2,0.02,1.0,0,1557760280069,20212809,99
2019-05-13 15:11:21.499,9.0,buy,7697.12,BTC-17MAY19-8000-C,88.75,0.02,9.0,1,1557760281499,20212838,100
2019-05-13 15:11:25.545,10.0,buy,7718.64,BTC-17MAY19-8000-C,88.92,0.021,10.0,0,1557760285545,20212987,101
2019-05-13 15:11:31.415,5.3,buy,7722.42,BTC-17MAY19-8000-C,91.13,0.022000000000000002,5.3,0,1557760291415,20213237,102
2019-05-13 15:11:33.778,1.5,buy,7727.39,BTC-17MAY19-8000-C,90.55,0.022000000000000002,1.5,1,1557760293778,20213312,103
2019-05-13 15:11:33.820,1.3,buy,7727.39,BTC-17MAY19-8000-C,90.55,0.022000000000000002,1.3,1,1557760293820,20213314,104
2019-05-13 15:11:33.999,1.3,buy,7727.39,BTC-17MAY19-8000-C,90.55,0.022000000000000002,1.3,1,1557760293999,20213317,105
2019-05-13 15:11:34.740,0.6,buy,7727.39,BTC-17MAY19-8000-C,90.55,0.022000000000000002,0.6,1,1557760294740,20213324,106
2019-05-13 15:12:18.448,3.0,buy,7757.35,BTC-17MAY19-8000-C,113.99,0.0325,3.0,0,1557760338448,20215390,107
2019-05-13 15:15:33.354,2.0,sell,7800.08,BTC-17MAY19-8000-C,103.53,0.0305,2.0,2,1557760533354,20222472,108
2019-05-13 15:15:38.215,1.0,sell,7792.17,BTC-17MAY19-8000-C,98.18,0.027999999999999997,1.0,2,1557760538215,20222577,109
2019-05-13 15:15:39.862,4.0,buy,7794.82,BTC-17MAY19-8000-C,79.86,0.021,4.0,2,1557760539862,20222637,110
2019-05-13 15:17:14.591,1.0,buy,7873.92,BTC-17MAY19-8000-C,113.89,0.0385,1.0,0,1557760634591,20224916,111
2019-05-13 15:17:50.725,0.8,buy,7913.97,BTC-17MAY19-8000-C,108.38,0.0385,0.8,1,1557760670725,20225610,112
2019-05-13 15:18:30.879,0.2,buy,7837.34,BTC-17MAY19-8000-C,118.83,0.0385,0.2,1,1557760710879,20226515,113
2019-05-13 15:18:32.840,3.0,buy,7836.19,BTC-17MAY19-8000-C,110.21,0.035,3.0,2,1557760712840,20226557,114
2019-05-13 15:18:54.601,8.0,buy,7857.69,BTC-17MAY19-8000-C,107.34,0.035,8.0,3,1557760734601,20226856,115
2019-05-13 15:19:48.904,5.0,sell,7825.47,BTC-17MAY19-8000-C,97.76,0.0295,5.0,2,1557760788904,20227471,116
2019-05-13 15:20:48.280,0.1,sell,7800.37,BTC-17MAY19-8000-C,99.73,0.028999999999999998,0.1,2,1557760848280,20229173,117
2019-05-13 15:20:50.512,0.1,sell,7809.24,BTC-17MAY19-8000-C,122.58,0.0385,0.1,0,1557760850512,20229210,118
2019-05-13 15:24:36.982,2.1,buy,7795.72,BTC-17MAY19-8000-C,115.57,0.035,2.1,2,1557761076982,20232399,119
2019-05-13 15:26:37.187,2.5,buy,7833.18,BTC-17MAY19-8000-C,121.99,0.0395,2.5,0,1557761197187,20233420,120
2019-05-13 15:29:42.378,3.0,sell,7789.55,BTC-17MAY19-8000-C,103.74,0.03,3.0,2,1557761382378,20235152,121
2019-05-13 15:29:48.789,2.0,sell,7788.19,BTC-17MAY19-8000-C,103.91,0.03,2.0,3,1557761388789,20235186,122
2019-05-13 15:30:26.635,2.0,buy,7829.95,BTC-17MAY19-8000-C,108.63,0.034,2.0,0,1557761426635,20235598,123
2019-05-13 15:37:25.514,0.1,buy,7816.04,BTC-17MAY19-8000-C,115.57,0.036000000000000004,0.1,0,1557761845514,20237815,124
2019-05-13 15:39:35.285,0.4,buy,7793.86,BTC-17MAY19-8000-C,109.64,0.0325,0.4,2,1557761975285,20238483,125
2019-05-13 15:41:51.921,0.9,sell,7722.78,BTC-17MAY19-8000-C,104.45,0.027000000000000003,0.9,3,1557762111921,20241018,127
2019-05-13 15:41:51.921,0.1,sell,7722.78,BTC-17MAY19-8000-C,104.45,0.027000000000000003,0.1,2,1557762111921,20241017,126
2019-05-13 15:42:13.298,1.0,sell,7724.16,BTC-17MAY19-8000-C,104.28,0.027000000000000003,1.0,3,1557762133298,20241698,128
2019-05-13 15:43:08.183,2.0,buy,7713.03,BTC-17MAY19-8000-C,105.64,0.027000000000000003,2.0,3,1557762188183,20242308,129
2019-05-13 15:47:57.307,0.4,buy,7757.48,BTC-17MAY19-8000-C,110.53,0.031,0.4,0,1557762477307,20244528,130
2019-05-13 15:48:03.475,0.4,sell,7760.33,BTC-17MAY19-8000-C,112.73,0.032,0.4,0,1557762483475,20244546,131
2019-05-13 15:48:04.828,0.2,sell,7757.9,BTC-17MAY19-8000-C,113.03,0.032,0.2,1,1557762484828,20244595,132
2019-05-13 15:53:20.155,0.3,buy,7796.69,BTC-17MAY19-8000-C,350.05,0.1285,0.3,0,1557762800155,20246185,137
2019-05-13 15:53:20.155,1.0,buy,7796.69,BTC-17MAY19-8000-C,120.81,0.037000000000000005,1.0,0,1557762800155,20246181,133
2019-05-13 15:53:20.155,0.2,buy,7796.69,BTC-17MAY19-8000-C,134.69,0.0425,0.2,0,1557762800155,20246183,135
2019-05-13 15:53:20.155,0.4,buy,7796.69,BTC-17MAY19-8000-C,120.81,0.037000000000000005,0.4,1,1557762800155,20246182,134
2019-05-13 15:53:20.155,0.1,buy,7796.69,BTC-17MAY19-8000-C,153.54,0.05,0.1,0,1557762800155,20246184,136
2019-05-13 15:56:40.971,1.0,sell,7811.58,BTC-17MAY19-8000-C,108.79,0.033,1.0,2,1557763000971,20246884,138
2019-05-13 16:00:59.015,0.4,sell,7839.59,BTC-17MAY19-8000-C,111.46,0.0355,0.4,0,1557763259015,20248396,139
2019-05-13 16:00:59.015,1.6,sell,7839.59,BTC-17MAY19-8000-C,108.93,0.0345,1.6,2,1557763259015,20248397,140
2019-05-13 16:03:20.293,0.4,buy,7852.29,BTC-17MAY19-8000-C,113.55,0.037000000000000005,0.4,0,1557763400293,20249163,141
2019-05-13 16:03:24.491,0.1,sell,7856.38,BTC-17MAY19-8000-C,109.23,0.0355,0.1,2,1557763404491,20249167,142
2019-05-13 16:05:17.107,0.1,sell,7892.47,BTC-17MAY19-8000-C,110.6,0.038,0.1,0,1557763517107,20250327,143
2019-05-13 16:06:09.129,1.0,buy,7919.27,BTC-17MAY19-8000-C,116.88,0.042,1.0,0,1557763569129,20250962,144
2019-05-13 16:06:33.509,1.0,buy,7943.18,BTC-17MAY19-8000-C,113.49,0.042,1.0,1,1557763593509,20251332,145
2019-05-13 16:06:44.198,0.4,buy,7952.5,BTC-17MAY19-8000-C,128.42,0.0485,0.4,0,1557763604198,20251453,146
2019-05-13 16:06:44.200,1.4,sell,7952.5,BTC-17MAY19-8000-C,130.92,0.0495,1.4,0,1557763604200,20251454,147
2019-05-13 16:09:18.923,0.2,sell,7867.57,BTC-17MAY19-8000-C,122.85,0.0415,0.2,2,1557763758923,20253473,148
2019-05-13 16:11:12.158,0.1,sell,7831.81,BTC-17MAY19-8000-C,107.54,0.0335,0.1,2,1557763872158,20254703,149
2019-05-13 16:19:51.642,1.0,sell,7821.66,BTC-17MAY19-8000-C,108.97,0.0335,1.0,3,1557764391642,20258178,150
2019-05-13 16:19:52.898,1.0,buy,7821.77,BTC-17MAY19-8000-C,110.23,0.034,1.0,0,1557764392898,20258180,151
2019-05-13 16:29:40.859,0.6,buy,7895.27,BTC-17MAY19-8000-C,115.5,0.04,0.6,0,1557764980859,20261072,152
2019-05-13 16:43:18.976,0.2,buy,7944.94,BTC-17MAY19-8000-C,124.93,0.0465,0.2,0,1557765798976,20264667,153
2019-05-13 16:43:32.492,0.1,buy,7949.99,BTC-17MAY19-8000-C,125.47,0.047,0.1,0,1557765812492,20264709,154
2019-05-13 16:43:42.680,0.1,buy,7960.24,BTC-17MAY19-8000-C,123.98,0.047,0.1,1,1557765822680,20264773,155
2019-05-13 16:43:47.595,0.1,sell,7957.05,BTC-17MAY19-8000-C,119.42,0.045,0.1,2,1557765827595,20264820,156
2019-05-13 16:43:57.596,0.4,buy,7922.21,BTC-17MAY19-8000-C,125.68,0.0455,0.4,0,1557765837596,20265044,157
2019-05-13 16:43:57.596,0.6,buy,7922.21,BTC-17MAY19-8000-C,129.45,0.047,0.6,0,1557765837596,20265045,158
2019-05-13 16:46:53.784,0.5,sell,7900.56,BTC-17MAY19-8000-C,118.72,0.0415,0.5,2,1557766013784,20266432,159
2019-05-13 17:07:22.197,1.0,buy,7899.86,BTC-17MAY19-8000-C,114.01,0.0395,1.0,2,1557767242197,20273325,160
2019-05-13 17:19:30.042,1.6,sell,7932.45,BTC-17MAY19-8000-C,123.38,0.045,1.6,0,1557767970042,20276834,161
2019-05-13 17:25:16.216,0.1,sell,7866.88,BTC-17MAY19-8000-C,120.05,0.04,0.1,2,1557768316216,20278491,162
2019-05-13 17:25:23.831,0.9,sell,7861.16,BTC-17MAY19-8000-C,120.83,0.04,0.9,3,1557768323831,20278562,163
2019-05-13 17:32:09.409,1.9,sell,7794.64,BTC-17MAY19-8000-C,110.72,0.0325,1.9,2,1557768729409,20281970,164
2019-05-13 17:37:38.485,0.5,sell,7815.44,BTC-17MAY19-8000-C,118.27,0.0365,0.5,0,1557769058485,20283523,165
2019-05-13 17:41:11.893,1.0,sell,7822.26,BTC-17MAY19-8000-C,113.57,0.035,1.0,2,1557769271893,20284578,166
2019-05-13 17:41:41.375,0.6,buy,7822.77,BTC-17MAY19-8000-C,119.89,0.0375,0.6,0,1557769301375,20284669,167
2019-05-13 18:07:04.675,0.1,buy,7803.64,BTC-17MAY19-8000-C,118.89,0.036000000000000004,0.1,2,1557770824675,20289549,168
2019-05-13 19:15:33.764,0.2,sell,7824.65,BTC-17MAY19-8000-C,105.28,0.0315,0.2,2,1557774933764,20295932,169
2019-05-13 19:16:27.002,0.1,sell,7826.69,BTC-17MAY19-8000-C,105.01,0.0315,0.1,3,1557774987002,20295964,170
2019-05-13 19:43:19.495,10.5,buy,7911.62,BTC-17MAY19-8000-C,108.96,0.0375,10.5,0,1557776599495,20298882,171
2019-05-13 19:52:05.204,1.9,sell,7938.92,BTC-17MAY19-8000-C,108.94,0.039,1.9,0,1557777125204,20300465,172
2019-05-13 20:04:14.235,0.2,sell,7826.95,BTC-17MAY19-8000-C,105.48,0.0315,0.2,2,1557777854235,20303464,173
2019-05-13 20:05:02.592,12.0,buy,7831.12,BTC-17MAY19-8000-C,111.4,0.034,12.0,0,1557777902592,20303735,174
2019-05-13 20:58:09.181,0.1,sell,7859.68,BTC-17MAY19-8000-C,114.54,0.0365,0.1,0,1557781089181,20309565,175
2019-05-13 20:58:24.946,0.5,sell,7852.9,BTC-17MAY19-8000-C,109.01,0.034,0.5,2,1557781104946,20309646,176
2019-05-13 20:58:26.730,0.5,buy,7853.06,BTC-17MAY19-8000-C,108.98,0.034,0.5,3,1557781106730,20309649,177
2019-05-13 20:58:27.927,0.5,buy,7853.14,BTC-17MAY19-8000-C,108.97,0.034,0.5,3,1557781107927,20309652,178
2019-05-13 20:58:43.001,1.1,sell,7851.71,BTC-17MAY19-8000-C,109.18,0.034,1.1,3,1557781123001,20309675,179
2019-05-13 21:14:45.407,2.0,sell,7955.0,BTC-17MAY19-8000-C,121.65,0.0445,2.0,0,1557782085407,20311652,180
2019-05-13 21:26:02.662,0.2,buy,8042.99,BTC-17MAY19-8000-C,114.68,0.047,0.2,0,1557782762662,20318034,181
2019-05-13 21:27:56.513,0.1,sell,8017.67,BTC-17MAY19-8000-C,107.05,0.0425,0.1,2,1557782876513,20319123,182
2019-05-13 21:32:18.829,0.2,buy,8081.21,BTC-17MAY19-8000-C,111.15,0.048,0.2,0,1557783138829,20320684,183
2019-05-13 21:32:47.713,0.5,sell,8106.22,BTC-17MAY19-8000-C,122.72,0.054000000000000006,0.5,0,1557783167713,20321346,184
2019-05-13 21:32:48.104,0.5,sell,8106.22,BTC-17MAY19-8000-C,122.72,0.054000000000000006,0.5,1,1557783168104,20321356,185
2019-05-13 21:33:58.707,1.2,buy,8153.02,BTC-17MAY19-8000-C,126.7,0.0585,1.2,0,1557783238707,20322785,186
2019-05-13 21:37:11.186,0.1,buy,8096.98,BTC-17MAY19-8000-C,113.83,0.05,0.1,2,1557783431186,20325519,187
2019-05-13 21:46:48.481,1.4,sell,8092.25,BTC-17MAY19-8000-C,110.8,0.0485,1.4,2,1557784008481,20328200,188
2019-05-13 21:46:52.045,0.5,buy,8088.67,BTC-17MAY19-8000-C,111.39,0.0485,0.5,3,1557784012045,20328215,189
2019-05-13 22:04:24.538,0.5,sell,8133.58,BTC-17MAY19-8000-C,113.2,0.052000000000000005,0.5,2,1557785064538,20332339,191
2019-05-13 22:04:24.538,0.5,sell,8133.58,BTC-17MAY19-8000-C,40.29,0.025,0.5,2,1557785064538,20332340,192
2019-05-13 22:04:24.538,1.0,sell,8133.58,BTC-17MAY19-8000-C,114.52,0.0525,1.0,0,1557785064538,20332338,190
2019-05-13 23:00:33.585,0.7000000000000001,sell,7923.84,BTC-17MAY19-8000-C,115.88,0.04,0.7000000000000001,0,1557788433585,20345255,193
2019-05-13 23:01:29.798,0.3,sell,7879.22,BTC-17MAY19-8000-C,122.37,0.04,0.3,1,1557788489798,20345833,194
2019-05-13 23:14:52.528,0.1,buy,7721.59,BTC-17MAY19-8000-C,128.25,0.034,0.1,2,1557789292528,20358818,195
2019-05-13 23:20:39.170,1.0,buy,7690.55,BTC-17MAY19-8000-C,126.96,0.032,1.0,2,1557789639170,20361107,196
2019-05-13 23:31:14.486,0.5,buy,7790.64,BTC-17MAY19-8000-C,121.94,0.035,0.5,0,1557790274486,20364631,197
2019-05-13 23:33:13.841,1.0,sell,7829.52,BTC-17MAY19-8000-C,124.55,0.038,1.0,0,1557790393841,20365442,198
2019-05-13 23:33:20.331,0.5,buy,7828.64,BTC-17MAY19-8000-C,125.99,0.0385,0.5,0,1557790400331,20365460,199
2019-05-13 23:47:48.000,0.6,sell,7810.99,BTC-17MAY19-8000-C,122.02,0.036000000000000004,0.6,2,1557791268000,20368879,200
2019-05-13 23:57:33.601,0.2,sell,7840.73,BTC-17MAY19-8000-C,115.38,0.035,0.2,2,1557791853601,20370524,201
2019-05-14 00:08:36.996,0.6,sell,7839.89,BTC-17MAY19-8000-C,110.33,0.033,0.6,2,1557792516996,20371765,203
2019-05-14 00:08:36.996,0.4,sell,7839.89,BTC-17MAY19-8000-C,115.63,0.035,0.4,3,1557792516996,20371764,202
2019-05-14 00:29:26.682,0.6,buy,7936.4,BTC-17MAY19-8000-C,124.28,0.0435,0.6,0,1557793766682,20376222,204
2019-05-14 01:34:00.465,0.2,buy,8018.31,BTC-17MAY19-8000-C,121.66,0.047,0.2,0,1557797640465,20389818,205
2019-05-14 02:30:13.631,1.3,sell,7928.35,BTC-17MAY19-8000-C,107.11,0.036000000000000004,1.3,2,1557801013631,20400342,206
2019-05-14 02:30:28.127,0.7000000000000001,sell,7927.37,BTC-17MAY19-8000-C,104.59,0.035,0.7000000000000001,2,1557801028127,20400362,207
2019-05-14 04:08:14.301,2.0,buy,8023.14,BTC-17MAY19-8000-C,120.21,0.046,2.0,0,1557806894301,20413252,208
2019-05-14 04:46:29.406,0.1,buy,8008.3,BTC-17MAY19-8000-C,127.21,0.0475,0.1,0,1557809189406,20417013,209
2019-05-14 04:56:44.445,2.0,buy,8008.76,BTC-17MAY19-8000-C,127.29,0.0475,2.0,1,1557809804445,20418659,210
2019-05-14 05:56:21.651,0.5,sell,8001.17,BTC-17MAY19-8000-C,111.62,0.040999999999999995,0.5,2,1557813381651,20430940,211
2019-05-14 05:56:48.288,0.5,sell,8002.55,BTC-17MAY19-8000-C,111.41,0.040999999999999995,0.5,3,1557813408288,20430989,212
2019-05-14 05:58:13.568,0.5,sell,7980.26,BTC-17MAY19-8000-C,110.95,0.0395,0.5,2,1557813493568,20431552,213
2019-05-14 06:06:13.867,0.1,buy,8005.58,BTC-17MAY19-8000-C,111.03,0.040999999999999995,0.1,0,1557813973867,20432797,214
2019-05-14 06:10:11.028,1.0,sell,8017.93,BTC-17MAY19-8000-C,107.66,0.0405,1.0,2,1557814211028,20433629,215
2019-05-14 06:10:11.028,0.5,sell,8017.93,BTC-17MAY19-8000-C,107.66,0.0405,0.5,3,1557814211028,20433630,216
2019-05-14 07:09:34.936,0.1,buy,8150.38,BTC-17MAY19-8000-C,122.6,0.054000000000000006,0.1,0,1557817774936,20441996,217
2019-05-14 07:49:05.991,0.5,buy,8224.15,BTC-17MAY19-8000-C,114.66,0.055999999999999994,0.5,0,1557820145991,20454913,218
2019-05-14 07:49:27.896,0.4,buy,8228.78,BTC-17MAY19-8000-C,113.73,0.055999999999999994,0.4,1,1557820167896,20454973,219
2019-05-14 07:49:35.889,0.1,buy,8235.41,BTC-17MAY19-8000-C,112.4,0.055999999999999994,0.1,1,1557820175889,20455061,220
2019-05-14 08:31:29.496,0.5,sell,8212.84,BTC-17MAY19-8000-C,118.94,0.0565,0.5,0,1557822689496,20469655,221
2019-05-14 08:31:31.477,0.5,buy,8214.59,BTC-17MAY19-8000-C,118.6,0.0565,0.5,1,1557822691477,20469663,222
2019-05-14 09:01:08.656,0.1,buy,8023.92,BTC-17MAY19-8000-C,129.74,0.048,0.1,2,1557824468656,20482445,223
2019-05-14 09:40:08.447,1.1,buy,8081.48,BTC-17MAY19-8000-C,117.48,0.047,1.1,2,1557826808447,20490737,224
2019-05-14 09:42:29.703,1.0,buy,8061.44,BTC-17MAY19-8000-C,121.07,0.047,1.0,3,1557826949703,20491009,225
2019-05-14 09:44:27.403,0.5,sell,8079.3,BTC-17MAY19-8000-C,112.27,0.045,0.5,2,1557827067403,20491511,226
2019-05-14 10:04:25.472,1.0,sell,8006.34,BTC-17MAY19-8000-C,112.6,0.0405,1.0,2,1557828265472,20495503,227
2019-05-14 10:29:57.757,0.1,sell,7992.74,BTC-17MAY19-8000-C,115.25,0.0405,0.1,3,1557829797757,20500518,228
2019-05-14 12:32:22.095,0.5,buy,8189.44,BTC-17MAY19-8000-C,125.65,0.055999999999999994,0.5,0,1557837142095,20515109,229
2019-05-14 12:35:59.002,0.5,buy,8158.31,BTC-17MAY19-8000-C,125.92,0.054000000000000006,0.5,2,1557837359002,20515443,230
2019-05-14 14:49:52.142,0.2,sell,8024.81,BTC-17MAY19-8000-C,116.29,0.0415,0.2,2,1557845392142,20534866,231
2019-05-14 14:50:01.524,0.8,buy,8028.38,BTC-17MAY19-8000-C,114.19,0.040999999999999995,0.8,2,1557845401524,20534904,232
2019-05-14 14:50:49.250,1.0,sell,8040.01,BTC-17MAY19-8000-C,110.65,0.0405,1.0,2,1557845449250,20535072,233
2019-05-14 14:53:57.024,1.0,sell,8035.83,BTC-17MAY19-8000-C,108.53,0.0395,1.0,2,1557845637024,20535361,234
2019-05-14 14:54:24.775,0.2,sell,8052.3,BTC-17MAY19-8000-C,102.59,0.0385,0.2,2,1557845664775,20535446,235
2019-05-14 14:54:24.775,0.3,sell,8052.3,BTC-17MAY19-8000-C,102.59,0.0385,0.3,3,1557845664775,20535447,236
2019-05-14 16:01:43.199,0.1,sell,7890.88,BTC-17MAY19-8000-C,115.21,0.033,0.1,2,1557849703199,20546144,237
2019-05-14 16:16:21.441,1.3,buy,7909.3,BTC-17MAY19-8000-C,119.79,0.0355,1.3,0,1557850581441,20555222,238
2019-05-14 16:18:07.475,0.7000000000000001,buy,7921.27,BTC-17MAY19-8000-C,120.79,0.0365,0.7000000000000001,0,1557850687475,20555785,239
2019-05-14 16:20:14.146,0.4,buy,7905.21,BTC-17MAY19-8000-C,122.0,0.036000000000000004,0.4,2,1557850814146,20556143,240
2019-05-14 19:02:25.590,1.0,buy,7822.88,BTC-17MAY19-8000-C,113.72,0.027999999999999997,1.0,2,1557860545590,20590210,241
2019-05-14 19:06:39.616,0.1,buy,7785.84,BTC-17MAY19-8000-C,116.4,0.027000000000000003,0.1,2,1557860799616,20591420,242
2019-05-14 19:08:12.950,0.1,sell,7766.57,BTC-17MAY19-8000-C,116.21,0.026000000000000002,0.1,2,1557860892950,20591764,243
2019-05-14 19:08:13.448,0.3,sell,7766.57,BTC-17MAY19-8000-C,113.1,0.025,0.3,2,1557860893448,20591767,244
2019-05-14 19:15:47.400,0.1,sell,7750.17,BTC-17MAY19-8000-C,109.37,0.023,0.1,2,1557861347400,20594215,245
2019-05-14 20:22:39.442,0.1,sell,7804.88,BTC-17MAY19-8000-C,117.81,0.027999999999999997,0.1,0,1557865359442,20606699,246
2019-05-14 20:55:55.145,0.1,sell,7630.56,BTC-17MAY19-8000-C,99.15,0.0145,0.1,2,1557867355145,20613739,247
2019-05-14 21:11:11.561,0.1,buy,7689.49,BTC-17MAY19-8000-C,105.15,0.0185,0.1,0,1557868271561,20619252,248
2019-05-14 21:11:13.173,0.5,buy,7691.78,BTC-17MAY19-8000-C,103.16,0.018000000000000002,0.5,2,1557868273173,20619260,249
2019-05-14 21:11:39.381,1.0,sell,7701.03,BTC-17MAY19-8000-C,100.23,0.0175,1.0,2,1557868299381,20619341,250
2019-05-14 21:11:44.231,0.5,buy,7702.84,BTC-17MAY19-8000-C,101.64,0.018000000000000002,0.5,0,1557868304231,20619348,251
2019-05-14 21:13:19.696,1.0,sell,7700.57,BTC-17MAY19-8000-C,98.63,0.017,1.0,2,1557868399696,20619583,252
2019-05-14 22:03:51.362,0.5,buy,7832.34,BTC-17MAY19-8000-C,104.15,0.0245,0.5,0,1557871431362,20624445,253
2019-05-14 22:04:28.053,0.5,buy,7846.9,BTC-17MAY19-8000-C,103.41,0.025,0.5,0,1557871468053,20624527,254
2019-05-14 22:04:35.206,0.5,buy,7848.81,BTC-17MAY19-8000-C,103.12,0.025,0.5,1,1557871475206,20624556,255
2019-05-14 22:06:44.290,0.3,buy,7841.35,BTC-17MAY19-8000-C,105.91,0.0255,0.3,0,1557871604290,20625143,256
2019-05-14 22:09:09.919,0.5,buy,7844.59,BTC-17MAY19-8000-C,105.42,0.0255,0.5,1,1557871749919,20625322,258
2019-05-14 22:09:09.919,0.2,buy,7844.59,BTC-17MAY19-8000-C,105.42,0.0255,0.2,1,1557871749919,20625321,257
2019-05-15 02:04:58.408,0.3,sell,7976.58,BTC-17MAY19-8000-C,100.35,0.03,0.3,0,1557885898408,20659557,259
2019-05-15 03:53:59.918,0.5,sell,8046.17,BTC-17MAY19-8000-C,104.5,0.035,0.5,0,1557892439918,20666542,260
2019-05-15 04:07:40.140,5.0,sell,8038.88,BTC-17MAY19-8000-C,129.15,0.042,5.0,0,1557893260140,20666858,261
2019-05-15 07:54:43.005,0.7000000000000001,sell,7860.66,BTC-17MAY19-8000-C,128.19,0.03,0.7000000000000001,2,1557906883005,20679166,262
2019-05-15 10:03:17.368,0.1,buy,8144.02,BTC-17MAY19-8000-C,113.15,0.042,0.1,0,1557914597368,20692903,263
2019-05-15 10:04:32.437,0.1,sell,8170.33,BTC-17MAY19-8000-C,112.0,0.0435,0.1,0,1557914672437,20693655,264
2019-05-15 10:45:42.156,15.0,buy,8102.06,BTC-17MAY19-8000-C,120.57,0.040999999999999995,15.0,2,1557917142156,20698158,265
2019-05-15 10:45:42.156,3.0,buy,8102.06,BTC-17MAY19-8000-C,120.57,0.040999999999999995,3.0,3,1557917142156,20698159,266
2019-05-15 10:59:20.301,3.4,buy,8072.24,BTC-17MAY19-8000-C,115.35,0.0375,3.4,2,1557917960301,20698838,267
2019-05-15 12:13:27.600,1.0,sell,7914.41,BTC-17MAY19-8000-C,120.41,0.028999999999999998,1.0,2,1557922407600,20707147,268
2019-05-15 12:37:42.133,1.0,buy,8008.52,BTC-17MAY19-8000-C,112.19,0.032,1.0,0,1557923862133,20709940,269
2019-05-15 12:40:57.059,1.0,buy,7997.09,BTC-17MAY19-8000-C,107.59,0.03,1.0,2,1557924057059,20710091,270
2019-05-15 12:45:32.238,0.2,sell,7970.49,BTC-17MAY19-8000-C,100.86,0.0265,0.2,2,1557924332238,20710503,271
2019-05-15 12:47:54.645,2.0,buy,7967.11,BTC-17MAY19-8000-C,110.53,0.028999999999999998,2.0,0,1557924474645,20710621,272
2019-05-15 12:48:38.782,0.5,buy,7974.97,BTC-17MAY19-8000-C,108.9,0.028999999999999998,0.5,1,1557924518782,20710665,273
2019-05-15 12:48:58.169,0.5,buy,7976.67,BTC-17MAY19-8000-C,108.54,0.028999999999999998,0.5,1,1557924538169,20710668,274
2019-05-15 13:03:14.322,2.0,buy,8058.41,BTC-17MAY19-8000-C,105.05,0.033,2.0,0,1557925394322,20712556,275
2019-05-15 13:13:46.906,0.3,sell,7894.31,BTC-17MAY19-8000-C,113.16,0.0255,0.3,2,1557926026906,20716336,276
2019-05-15 13:30:53.722,0.1,sell,7941.11,BTC-17MAY19-8000-C,102.42,0.025,0.1,2,1557927053722,20719433,277
2019-05-15 13:53:39.030,0.1,buy,7963.54,BTC-17MAY19-8000-C,118.14,0.0305,0.1,0,1557928419030,20721179,278
2019-05-15 16:13:19.328,2.3000000000000003,sell,7977.1,BTC-17MAY19-8000-C,99.97,0.0255,2.3000000000000003,2,1557936799328,20736147,279
2019-05-15 16:14:52.806,2.1,sell,7976.27,BTC-17MAY19-8000-C,98.34,0.025,2.1,2,1557936892806,20736568,280
2019-05-15 16:32:55.124,0.1,buy,8021.33,BTC-17MAY19-8000-C,110.93,0.031,0.1,0,1557937975124,20739219,281
2019-05-15 18:56:56.726,2.0,buy,8247.52,BTC-17MAY19-8000-C,107.33,0.045,2.0,0,1557946616726,20756188,282
2019-05-15 18:58:01.473,0.6,sell,8223.54,BTC-17MAY19-8000-C,102.4,0.042,0.6,2,1557946681473,20756634,283
2019-05-15 20:03:29.212,1.0,buy,8248.92,BTC-17MAY19-8000-C,115.02,0.0465,1.0,0,1557950609212,20771202,284
2019-05-15 20:09:00.052,0.1,sell,8206.12,BTC-17MAY19-8000-C,109.73,0.042,0.1,2,1557950940052,20773033,285
2019-05-15 20:12:19.453,0.7000000000000001,buy,8230.69,BTC-17MAY19-8000-C,114.75,0.045,0.7000000000000001,0,1557951139453,20773516,286
2019-05-15 20:12:25.871,1.3,sell,8230.14,BTC-17MAY19-8000-C,114.92,0.045,1.3,1,1557951145871,20773521,287
2019-05-15 20:12:59.425,2.0,buy,8232.16,BTC-17MAY19-8000-C,120.72,0.0465,2.0,0,1557951179425,20773705,288
2019-05-15 23:31:13.739,0.1,sell,8183.13,BTC-17MAY19-8000-C,100.68,0.037000000000000005,0.1,2,1557963073739,20795777,289
2019-05-15 23:31:49.074,0.1,sell,8189.69,BTC-17MAY19-8000-C,102.96,0.038,0.1,0,1557963109074,20795937,290
2019-05-15 23:54:10.168,0.5,buy,8298.78,BTC-17MAY19-8000-C,120.0,0.05,0.5,0,1557964450168,20801010,291
2019-05-16 00:45:11.022,0.1,sell,8281.13,BTC-17MAY19-8000-C,104.0,0.045,0.1,2,1557967511022,20813663,292
2019-05-16 04:21:56.912,1.0,buy,7999.33,BTC-17MAY19-8000-C,96.15,0.0215,1.0,2,1557980516912,20846527,293
2019-05-16 04:28:31.573,1.0,sell,8088.34,BTC-17MAY19-8000-C,122.26,0.033,1.0,0,1557980911573,20848846,294
2019-05-16 04:44:18.037,1.0,buy,7906.39,BTC-17MAY19-8000-C,109.29,0.019,1.0,2,1557981858037,20856531,295
2019-05-16 04:48:39.974,0.1,sell,7934.94,BTC-17MAY19-8000-C,95.69,0.0175,0.1,2,1557982119974,20859573,296
2019-05-16 04:54:52.756,2.0,buy,7978.07,BTC-17MAY19-8000-C,138.94,0.0295,2.0,0,1557982492756,20862631,297
2019-05-16 05:25:09.148,0.1,buy,8008.17,BTC-17MAY19-8000-C,116.05,0.026000000000000002,0.1,2,1557984309148,20868778,298
2019-05-16 05:25:09.148,0.1,buy,8008.17,BTC-17MAY19-8000-C,116.05,0.026000000000000002,0.1,3,1557984309148,20868779,299
2019-05-16 06:03:00.129,0.5,sell,7960.77,BTC-17MAY19-8000-C,125.87,0.025,0.5,2,1557986580129,20873156,300
2019-05-16 06:07:30.098,0.1,buy,8004.18,BTC-17MAY19-8000-C,111.82,0.0245,0.1,2,1557986850098,20874107,301
2019-05-16 06:07:32.511,0.2,buy,8004.08,BTC-17MAY19-8000-C,114.19,0.025,0.2,0,1557986852511,20874129,302
2019-05-16 06:11:07.065,0.1,buy,8017.19,BTC-17MAY19-8000-C,112.86,0.0255,0.1,0,1557987067065,20874535,303
2019-05-16 08:13:04.892,0.7000000000000001,buy,8017.6,BTC-17MAY19-8000-C,115.05,0.025,0.7000000000000001,2,1557994384892,20887597,304
2019-05-16 08:13:07.623,0.3,buy,8017.59,BTC-17MAY19-8000-C,115.06,0.025,0.3,3,1557994387623,20887602,305
2019-05-16 08:52:15.193,7.5,sell,8006.98,BTC-17MAY19-8000-C,124.76,0.026000000000000002,7.5,0,1557996735193,20890135,306
2019-05-16 08:53:28.385,10.0,sell,8001.81,BTC-17MAY19-8000-C,126.35,0.026000000000000002,10.0,1,1557996808385,20890196,307
2019-05-16 10:26:47.823,1.0,sell,7842.08,BTC-17MAY19-8000-C,105.36,0.0125,1.0,2,1558002407823,20907087,308
2019-05-16 10:30:48.488,2.1,buy,7857.88,BTC-17MAY19-8000-C,133.31,0.0185,2.1,0,1558002648488,20908136,309
2019-05-16 10:30:48.491,0.4,sell,7857.88,BTC-17MAY19-8000-C,133.31,0.0185,0.4,1,1558002648491,20908137,310
2019-05-16 11:16:30.028,2.0,buy,7862.87,BTC-17MAY19-8000-C,131.74,0.018000000000000002,2.0,2,1558005390028,20916915,311
2019-05-16 11:39:17.536,1.0,sell,7895.88,BTC-17MAY19-8000-C,124.12,0.018000000000000002,1.0,3,1558006757536,20919415,312
2019-05-16 12:07:03.356,2.0,sell,7888.82,BTC-17MAY19-8000-C,122.14,0.017,2.0,2,1558008423356,20922085,313
2019-05-16 14:08:38.119,1.6,buy,7907.46,BTC-17MAY19-8000-C,106.5,0.013999999999999999,1.6,2,1558015718119,20933626,314
2019-05-16 14:16:31.791,0.3,buy,7931.7,BTC-17MAY19-8000-C,153.16,0.0235,0.3,0,1558016191791,20935563,315
2019-05-16 14:40:20.343,1.0,buy,7973.54,BTC-17MAY19-8000-C,118.82,0.0195,1.0,2,1558017620343,20939500,316
2019-05-16 14:43:34.520,0.2,buy,7934.92,BTC-17MAY19-8000-C,122.91,0.018000000000000002,0.2,2,1558017814520,20940203,317
2019-05-16 15:19:55.036,0.5,buy,7959.93,BTC-17MAY19-8000-C,119.94,0.0185,0.5,0,1558019995036,20942940,318
2019-05-16 15:25:05.928,0.2,buy,7972.97,BTC-17MAY19-8000-C,121.67,0.0195,0.2,0,1558020305928,20943375,319
2019-05-16 15:25:32.511,0.3,sell,7972.2,BTC-17MAY19-8000-C,121.99,0.0195,0.3,1,1558020332511,20943396,320
2019-05-16 16:02:20.293,1.0,buy,7995.91,BTC-17MAY19-8000-C,118.9,0.02,1.0,0,1558022540293,20947895,321
2019-05-16 16:23:46.185,1.0,buy,7998.56,BTC-17MAY19-8000-C,104.48,0.0175,1.0,2,1558023826185,20950304,322
2019-05-16 16:25:00.095,1.0,sell,7994.21,BTC-17MAY19-8000-C,103.14,0.017,1.0,2,1558023900095,20950424,323
2019-05-16 18:20:09.306,1.0,buy,7943.4,BTC-17MAY19-8000-C,106.39,0.0135,1.0,2,1558030809306,20962180,324
2019-05-16 18:21:34.200,1.0,buy,7943.2,BTC-17MAY19-8000-C,106.59,0.0135,1.0,3,1558030894200,20962229,325
2019-05-16 19:02:07.999,2.1,buy,7892.41,BTC-17MAY19-8000-C,113.1,0.0115,2.1,2,1558033327999,20965360,326
2019-05-16 19:19:10.630,1.5,sell,7876.9,BTC-17MAY19-8000-C,115.9,0.011000000000000001,1.5,2,1558034350630,20966320,327
2019-05-16 19:19:52.712,0.5,sell,7867.73,BTC-17MAY19-8000-C,118.87,0.011000000000000001,0.5,3,1558034392712,20966406,328
2019-05-16 19:21:10.861,2.3000000000000003,buy,7866.18,BTC-17MAY19-8000-C,119.44,0.011000000000000001,2.3000000000000003,3,1558034470861,20966546,329
2019-05-16 19:23:33.256,1.5,sell,7852.68,BTC-17MAY19-8000-C,123.89,0.011000000000000001,1.5,3,1558034613256,20966788,330
2019-05-16 19:23:34.481,1.4,sell,7852.39,BTC-17MAY19-8000-C,123.98,0.011000000000000001,1.4,3,1558034614481,20966812,331
2019-05-16 19:23:51.013,1.6,sell,7850.15,BTC-17MAY19-8000-C,124.68,0.011000000000000001,1.6,3,1558034631013,20966860,332
2019-05-16 19:43:15.410,10.0,sell,7810.97,BTC-17MAY19-8000-C,130.92,0.01,10.0,2,1558035795410,20969274,333
2019-05-16 20:17:26.038,1.0,sell,7823.31,BTC-17MAY19-8000-C,130.27,0.01,1.0,3,1558037846038,20974308,334
2019-05-16 20:20:16.999,20.0,buy,7823.93,BTC-17MAY19-8000-C,134.13,0.0105,20.0,0,1558038016999,20974648,335
2019-05-16 20:42:45.000,0.1,buy,7834.06,BTC-17MAY19-8000-C,133.17,0.0105,0.1,1,1558039365000,20976544,336
2019-05-16 20:42:45.004,9.9,sell,7834.06,BTC-17MAY19-8000-C,133.17,0.0105,9.9,1,1558039365004,20976545,337
2019-05-16 20:47:32.164,1.0,sell,7824.64,BTC-17MAY19-8000-C,128.94,0.0095,1.0,2,1558039652164,20976984,338
2019-05-16 20:50:08.101,9.0,sell,7817.42,BTC-17MAY19-8000-C,131.38,0.0095,9.0,3,1558039808101,20977387,339
2019-05-16 20:57:33.683,0.5,buy,7747.22,BTC-17MAY19-8000-C,140.92,0.008,0.5,2,1558040253683,20979198,340
2019-05-16 20:57:33.683,9.5,buy,7747.22,BTC-17MAY19-8000-C,140.92,0.008,9.5,3,1558040253683,20979199,341
2019-05-16 20:58:03.204,0.7000000000000001,buy,7742.2,BTC-17MAY19-8000-C,142.36,0.008,0.7000000000000001,3,1558040283204,20979335,342
2019-05-16 20:59:37.344,10.0,sell,7717.56,BTC-17MAY19-8000-C,140.72,0.006999999999999999,10.0,2,1558040377344,20980194,343
2019-05-16 21:01:38.108,10.0,sell,7726.98,BTC-17MAY19-8000-C,138.32,0.006999999999999999,10.0,3,1558040498108,20981926,344
2019-05-16 21:02:47.848,10.0,sell,7710.14,BTC-17MAY19-8000-C,143.08,0.006999999999999999,10.0,3,1558040567848,20982255,345
2019-05-16 21:45:35.452,0.1,buy,7906.17,BTC-17MAY19-8000-C,156.13,0.016,0.1,0,1558043135452,20989083,346
2019-05-16 21:45:35.452,0.9,buy,7906.17,BTC-17MAY19-8000-C,156.13,0.016,0.9,1,1558043135452,20989084,347
2019-05-16 22:41:40.707,10.0,sell,7885.92,BTC-17MAY19-8000-C,140.03,0.012,10.0,2,1558046500707,20996019,348
2019-05-16 22:41:40.707,0.3,sell,7885.92,BTC-17MAY19-8000-C,140.03,0.012,0.3,3,1558046500707,20996020,349
2019-05-16 23:00:43.434,1.0,sell,7819.05,BTC-17MAY19-8000-C,141.54,0.009000000000000001,1.0,2,1558047643434,20997840,350
2019-05-17 00:42:23.608,0.2,sell,7902.9,BTC-17MAY19-8000-C,155.18,0.0125,0.2,0,1558053743608,21004630,351
2019-05-17 00:45:00.406,0.3,sell,7917.56,BTC-17MAY19-8000-C,166.96,0.0145,0.3,0,1558053900406,21004847,352
2019-05-17 01:10:28.322,10.0,sell,7838.41,BTC-17MAY19-8000-C,134.37,0.006999999999999999,10.0,2,1558055428322,21006711,353
2019-05-17 01:14:41.808,1.0,buy,7843.29,BTC-17MAY19-8000-C,153.55,0.009000000000000001,1.0,0,1558055681808,21007492,354
2019-05-17 01:24:13.740,10.0,sell,7813.43,BTC-17MAY19-8000-C,135.51,0.006,10.0,2,1558056253740,21008125,355
2019-05-17 01:58:44.538,0.3,buy,7805.82,BTC-17MAY19-8000-C,156.35,0.006999999999999999,0.3,0,1558058324538,21012722,356
2019-05-17 02:08:26.249,10.0,sell,7792.77,BTC-17MAY19-8000-C,139.61,0.005,10.0,2,1558058906249,21013326,357
2019-05-17 02:12:06.306,10.0,sell,7789.06,BTC-17MAY19-8000-C,141.81,0.005,10.0,3,1558059126306,21013664,358
2019-05-17 02:21:27.327,0.2,buy,7820.6,BTC-17MAY19-8000-C,143.57,0.006,0.2,0,1558059687327,21015156,359
2019-05-17 02:37:16.233,0.5,sell,7747.71,BTC-17MAY19-8000-C,149.02,0.004,0.5,2,1558060636233,21016355,360
2019-05-17 02:37:16.233,9.5,sell,7747.71,BTC-17MAY19-8000-C,149.02,0.004,9.5,3,1558060636233,21016356,361
2019-05-17 02:37:22.237,1.0,sell,7739.7,BTC-17MAY19-8000-C,151.92,0.004,1.0,3,1558060642237,21016407,362
2019-05-17 02:37:47.618,39.5,sell,7740.7,BTC-17MAY19-8000-C,151.79,0.004,39.5,3,1558060667618,21016489,363
2019-05-17 02:39:59.667,0.3,sell,7730.17,BTC-17MAY19-8000-C,148.5,0.0035,0.3,2,1558060799667,21017113,364
2019-05-17 02:56:54.006,1.0,sell,7591.14,BTC-17MAY19-8000-C,191.8,0.003,1.0,2,1558061814006,21021391,365
2019-05-17 03:03:19.205,0.5,buy,7264.21,BTC-17MAY19-8000-C,322.59,0.004,0.5,0,1558062199205,21035214,366
2019-05-17 03:04:19.124,1.0,sell,7210.31,BTC-17MAY19-8000-C,340.77,0.004,1.0,1,1558062259124,21036982,367
2019-05-17 03:09:09.596,0.1,sell,6847.77,BTC-17MAY19-8000-C,313.15,0.0005,0.1,2,1558062549596,21046314,368
2019-05-17 03:09:09.596,0.2,sell,6847.77,BTC-17MAY19-8000-C,313.15,0.0005,0.2,3,1558062549596,21046315,369
2019-05-17 03:26:55.829,1.1,sell,7246.03,BTC-17MAY19-8000-C,250.06,0.001,1.1,0,1558063615829,21072156,370
2019-05-17 03:26:55.829,0.1,sell,7246.03,BTC-17MAY19-8000-C,221.52,0.0005,0.1,2,1558063615829,21072157,371
2019-05-17 03:50:36.126,2.5,buy,7320.91,BTC-17MAY19-8000-C,239.86,0.001,2.5,0,1558065036126,21085033,372
2019-05-17 03:55:50.254,1.0,sell,7304.65,BTC-17MAY19-8000-C,218.39,0.0005,1.0,2,1558065350254,21087208,373
2019-05-17 03:55:55.816,0.1,buy,7303.51,BTC-17MAY19-8000-C,218.7,0.0005,0.1,3,1558065355816,21087237,374
2019-05-17 04:45:12.391,1.0,sell,7303.42,BTC-17MAY19-8000-C,276.86,0.001,1.0,0,1558068312391,21102384,375
