date_utc,amount,direction,indexPrice,instrument,iv,price,quantity,tickDirection,timeStamp,tradeId,tradeSeq
2019-03-22 08:41:32.834,0.5,sell,3976.05,BTC-5APR19-4375-C,40.63,0.0045,0.5,1,1553244092834,16776267,1
2019-03-22 20:18:19.678,0.1,sell,3987.18,BTC-5APR19-4375-C,42.13,0.005,0.1,0,1553285899678,16781437,2
2019-03-22 20:18:19.678,0.4,sell,3987.18,BTC-5APR19-4375-C,42.13,0.005,0.4,1,1553285899678,16781438,3
2019-03-23 12:42:19.944,0.5,sell,3983.05,BTC-5APR19-4375-C,41.79,0.0045,0.5,2,1553344939944,16792029,4
2019-03-25 10:29:41.970,50.0,sell,3969.47,BTC-5APR19-4375-C,43.49,0.0035,50.0,2,1553509781970,16809738,5
2019-03-25 10:37:56.322,10.0,buy,3968.64,BTC-5APR19-4375-C,45.18,0.004,10.0,0,1553510276322,16809888,6
2019-03-25 11:03:45.535,10.0,buy,3969.3,BTC-5APR19-4375-C,45.12,0.004,10.0,1,1553511825535,16809938,7
2019-03-25 11:12:03.350,5.0,buy,3968.54,BTC-5APR19-4375-C,45.15,0.004,5.0,1,1553512323350,16809963,8
2019-03-25 11:22:08.937,20.0,buy,3969.48,BTC-5APR19-4375-C,45.17,0.004,20.0,1,1553512928937,16809981,10
2019-03-25 11:22:08.937,5.0,buy,3969.48,BTC-5APR19-4375-C,45.17,0.004,5.0,1,1553512928937,16809980,9
2019-03-25 14:37:00.718,10.0,buy,3963.75,BTC-5APR19-4375-C,46.05,0.004,10.0,1,1553524620718,16812429,11
2019-03-25 18:32:09.969,0.5,sell,3925.94,BTC-5APR19-4375-C,44.03,0.0025,0.5,2,1553538729969,16817510,12
2019-03-25 19:32:15.313,0.5,buy,3899.22,BTC-5APR19-4375-C,48.31,0.003,0.5,0,1553542335313,16825749,13
2019-03-25 21:06:05.973,0.1,sell,3885.76,BTC-5APR19-4375-C,47.37,0.0025,0.1,2,1553547965973,16827717,14
2019-03-25 22:43:41.425,4.9,sell,3899.41,BTC-5APR19-4375-C,46.41,0.0025,4.9,3,1553553821425,16829037,15
2019-03-25 23:44:18.954,15.0,sell,3908.91,BTC-5APR19-4375-C,43.68,0.002,15.0,2,1553557458954,16830130,16
2019-03-26 00:00:21.390,20.0,sell,3909.21,BTC-5APR19-4375-C,43.53,0.002,20.0,3,1553558421390,16830251,18
2019-03-26 00:00:21.390,15.0,sell,3909.21,BTC-5APR19-4375-C,43.53,0.002,15.0,3,1553558421390,16830250,17
2019-03-26 00:23:51.620,11.7,sell,3914.65,BTC-5APR19-4375-C,43.16,0.002,11.7,3,1553559831620,16830631,20
2019-03-26 00:23:51.620,20.0,sell,3914.65,BTC-5APR19-4375-C,43.16,0.002,20.0,3,1553559831620,16830630,19
2019-03-26 00:29:08.577,33.3,sell,3913.0,BTC-5APR19-4375-C,40.65,0.0015,33.3,2,1553560148577,16830669,21
2019-03-27 01:10:49.431,10.0,buy,3935.32,BTC-5APR19-4375-C,43.69,0.002,10.0,0,1553649049431,16846422,22
2019-03-27 01:12:32.587,10.0,buy,3938.56,BTC-5APR19-4375-C,43.32,0.002,10.0,1,1553649152587,16846478,23
2019-03-27 01:17:50.006,10.0,buy,3945.97,BTC-5APR19-4375-C,42.84,0.002,10.0,1,1553649470006,16846869,24
2019-03-27 01:22:46.385,10.0,buy,3949.25,BTC-5APR19-4375-C,42.64,0.002,10.0,1,1553649766385,16847410,25
2019-03-27 01:23:12.777,9.2,sell,3949.83,BTC-5APR19-4375-C,42.58,0.002,9.2,1,1553649792777,16847421,26
2019-03-27 01:23:37.430,10.0,buy,3949.83,BTC-5APR19-4375-C,42.52,0.002,10.0,1,1553649817430,16847457,27
2019-03-27 01:34:45.888,10.0,buy,3957.8,BTC-5APR19-4375-C,42.01,0.002,10.0,1,1553650485888,16848929,28
2019-03-27 01:36:50.226,20.0,sell,3963.0,BTC-5APR19-4375-C,41.57,0.002,20.0,1,1553650610226,16849042,29
2019-03-27 01:37:15.633,10.0,buy,3964.57,BTC-5APR19-4375-C,41.43,0.002,10.0,1,1553650635633,16849101,30
2019-03-27 03:13:43.448,10.0,buy,3971.72,BTC-5APR19-4375-C,45.25,0.003,10.0,0,1553656423448,16851527,31
2019-03-27 09:58:12.284,0.1,sell,3984.7,BTC-5APR19-4375-C,40.73,0.002,0.1,2,1553680692284,16856057,32
2019-03-27 11:50:11.431,5.0,buy,4024.28,BTC-5APR19-4375-C,45.02,0.004,5.0,0,1553687411431,16861096,33
2019-03-27 14:37:47.339,1.0,sell,4009.97,BTC-5APR19-4375-C,44.98,0.0035,1.0,2,1553697467339,16864305,34
2019-03-27 16:53:23.656,250.0,sell,4007.58,BTC-5APR19-4375-C,43.52,0.003,250.0,2,1553705603656,16866744,35
2019-03-27 16:53:48.237,8.0,buy,4007.6,BTC-5APR19-4375-C,45.34,0.0035,8.0,1,1553705628237,16866746,37
2019-03-27 16:53:48.237,242.0,buy,4007.6,BTC-5APR19-4375-C,45.34,0.0035,242.0,0,1553705628237,16866745,36
2019-03-27 21:35:35.341,10.0,buy,4012.59,BTC-5APR19-4375-C,43.75,0.003,10.0,2,1553722535341,16869404,38
2019-03-27 21:46:22.775,3.5,buy,4009.63,BTC-5APR19-4375-C,45.63,0.0035,3.5,0,1553723182775,16869549,39
2019-03-27 22:03:18.035,6.5,buy,4008.92,BTC-5APR19-4375-C,45.79,0.0035,6.5,1,1553724198035,16869643,40
2019-03-27 22:03:18.035,25.5,buy,4008.92,BTC-5APR19-4375-C,45.79,0.0035,25.5,1,1553724198035,16869644,41
2019-03-27 22:05:03.743,3.0,buy,4008.67,BTC-5APR19-4375-C,45.8,0.0035,3.0,1,1553724303743,16869656,42
2019-03-27 23:16:59.928,22.3,buy,4017.81,BTC-5APR19-4375-C,45.05,0.0035,22.3,1,1553728619928,16870876,44
2019-03-27 23:16:59.928,10.0,buy,4017.81,BTC-5APR19-4375-C,45.05,0.0035,10.0,1,1553728619928,16870875,43
2019-03-27 23:24:30.193,7.0,sell,4021.11,BTC-5APR19-4375-C,44.96,0.0035,7.0,1,1553729070193,16874574,45
2019-03-28 00:20:13.544,10.0,buy,4006.31,BTC-5APR19-4375-C,46.07,0.0035,10.0,1,1553732413544,16879803,46
2019-03-28 00:22:31.713,7.5,buy,4011.9,BTC-5APR19-4375-C,45.48,0.0035,7.5,1,1553732551713,16879899,47
2019-03-28 00:47:50.063,1.0,buy,4017.24,BTC-5APR19-4375-C,45.09,0.0035,1.0,1,1553734070063,16880263,48
2019-03-28 11:06:28.342,5.0,sell,4004.57,BTC-5APR19-4375-C,43.57,0.0025,5.0,2,1553771188342,16923896,49
2019-03-28 17:25:19.016,10.0,buy,4007.33,BTC-5APR19-4375-C,44.1,0.0025,10.0,3,1553793919016,16927325,50
2019-03-28 17:29:39.027,10.0,buy,4008.26,BTC-5APR19-4375-C,43.85,0.0025,10.0,3,1553794179027,16927366,51
2019-03-28 21:43:00.983,10.0,buy,4010.84,BTC-5APR19-4375-C,44.27,0.0025,10.0,3,1553809380983,16928538,52
2019-03-28 21:57:53.996,10.0,buy,4011.92,BTC-5APR19-4375-C,46.18,0.003,10.0,0,1553810273996,16928591,53
2019-03-28 21:57:53.996,8.1,buy,4011.92,BTC-5APR19-4375-C,46.18,0.003,8.1,1,1553810273996,16928592,54
2019-03-28 23:35:40.740,9.0,buy,4010.69,BTC-5APR19-4375-C,48.63,0.0035,9.0,0,1553816140740,16929064,55
2019-03-28 23:35:40.740,32.4,buy,4010.69,BTC-5APR19-4375-C,48.63,0.0035,32.4,1,1553816140740,16929065,56
2019-03-28 23:35:40.799,6.9,sell,4010.69,BTC-5APR19-4375-C,48.63,0.0035,6.9,1,1553816140799,16929066,57
2019-03-28 23:35:49.035,32.2,sell,4010.7,BTC-5APR19-4375-C,48.63,0.0035,32.2,1,1553816149035,16929069,58
2019-03-28 23:36:02.525,32.0,sell,4010.62,BTC-5APR19-4375-C,48.64,0.0035,32.0,1,1553816162525,16929072,59
2019-03-28 23:36:07.721,15.0,sell,4010.62,BTC-5APR19-4375-C,48.64,0.0035,15.0,1,1553816167721,16929073,60
2019-03-28 23:36:11.593,31.8,sell,4010.62,BTC-5APR19-4375-C,48.64,0.0035,31.8,1,1553816171593,16929074,61
2019-03-28 23:36:23.576,12.6,sell,4010.62,BTC-5APR19-4375-C,48.64,0.0035,12.6,1,1553816183576,16929076,62
2019-03-29 07:20:06.901,10.0,buy,4031.66,BTC-5APR19-4375-C,45.39,0.003,10.0,2,1553844006901,16938229,63
2019-03-29 08:06:13.703,5.0,buy,4026.3,BTC-5APR19-4375-C,41.58,0.002,5.0,2,1553846773703,16941100,64
2019-03-29 08:07:22.816,2.7,buy,4026.13,BTC-5APR19-4375-C,41.6,0.002,2.7,3,1553846842816,16941143,65
2019-03-29 08:52:32.065,1.0,sell,4030.05,BTC-5APR19-4375-C,41.32,0.002,1.0,3,1553849552065,16941986,66
2019-03-29 09:25:01.443,10.0,buy,4060.75,BTC-5APR19-4375-C,44.62,0.0035,10.0,0,1553851501443,16945131,67
2019-03-29 09:25:06.819,20.6,sell,4059.68,BTC-5APR19-4375-C,44.73,0.0035,20.6,1,1553851506819,16945133,68
2019-03-29 09:25:08.258,22.2,sell,4059.74,BTC-5APR19-4375-C,44.73,0.0035,22.2,1,1553851508258,16945136,69
2019-03-29 09:25:08.848,23.3,sell,4059.74,BTC-5APR19-4375-C,44.73,0.0035,23.3,1,1553851508848,16945141,70
2019-03-29 09:25:20.951,0.1,buy,4060.05,BTC-5APR19-4375-C,46.47,0.004,0.1,0,1553851520951,16945151,71
2019-03-29 09:25:20.951,0.4,buy,4060.05,BTC-5APR19-4375-C,46.47,0.004,0.4,1,1553851520951,16945152,72
2019-03-29 09:25:22.519,23.9,sell,4060.55,BTC-5APR19-4375-C,44.64,0.0035,23.9,2,1553851522519,16945154,73
2019-03-29 11:34:51.888,10.0,buy,4093.93,BTC-5APR19-4375-C,41.43,0.0035,10.0,3,1553859291888,16954497,75
2019-03-29 11:34:51.888,0.1,buy,4093.93,BTC-5APR19-4375-C,41.43,0.0035,0.1,3,1553859291888,16954496,74
2019-03-29 11:36:48.555,10.0,buy,4093.34,BTC-5APR19-4375-C,43.21,0.004,10.0,1,1553859408555,16954562,77
2019-03-29 11:36:48.555,25.0,buy,4093.34,BTC-5APR19-4375-C,43.21,0.004,25.0,0,1553859408555,16954561,76
2019-03-29 11:58:42.312,2.0,buy,4100.2,BTC-5APR19-4375-C,47.17,0.0055,2.0,0,1553860722312,16955505,78
2019-03-29 12:53:47.392,4.9,buy,4079.6,BTC-5APR19-4375-C,44.86,0.004,4.9,2,1553864027392,16957674,79
2019-03-29 12:55:28.424,5.1000000000000005,buy,4079.77,BTC-5APR19-4375-C,44.85,0.004,5.1000000000000005,3,1553864128424,16957714,80
2019-03-29 12:55:28.424,4.9,buy,4079.77,BTC-5APR19-4375-C,44.85,0.004,4.9,3,1553864128424,16957715,81
2019-03-29 13:53:15.704,6.0,sell,4081.99,BTC-5APR19-4375-C,42.99,0.0035,6.0,2,1553867595704,16958398,82
2019-03-29 14:40:59.083,30.0,sell,4074.58,BTC-5APR19-4375-C,43.89,0.0035,30.0,3,1553870459083,16958953,83
2019-03-29 15:13:56.737,1.0,buy,4076.95,BTC-5APR19-4375-C,45.48,0.004,1.0,0,1553872436737,16959352,84
2019-03-29 15:15:48.491,0.7000000000000001,buy,4077.71,BTC-5APR19-4375-C,45.4,0.004,0.7000000000000001,1,1553872548491,16959365,85
2019-03-29 16:33:51.346,0.1,buy,4078.02,BTC-5APR19-4375-C,45.55,0.004,0.1,1,1553877231346,16959978,86
2019-03-29 19:48:47.337,2.0,buy,4088.0,BTC-5APR19-4375-C,44.92,0.004,2.0,1,1553888927337,16961222,87
2019-03-29 23:38:15.750,1.0,buy,4088.16,BTC-5APR19-4375-C,45.46,0.004,1.0,1,1553902695750,16962932,88
2019-03-30 00:26:22.785,7.0,buy,4111.63,BTC-5APR19-4375-C,42.93,0.004,7.0,1,1553905582785,16964274,89
2019-03-30 00:46:31.549,10.0,buy,4123.66,BTC-5APR19-4375-C,43.24,0.0045,10.0,0,1553906791549,16965328,90
2019-03-30 00:47:28.883,10.0,buy,4123.05,BTC-5APR19-4375-C,43.31,0.0045,10.0,1,1553906848883,16965554,91
2019-03-30 00:48:57.831,10.0,buy,4126.48,BTC-5APR19-4375-C,44.47,0.005,10.0,0,1553906937831,16965601,92
2019-03-30 01:09:50.554,6.0,sell,4112.14,BTC-5APR19-4375-C,44.63,0.0045,6.0,2,1553908190554,16966468,93
2019-03-30 02:07:19.861,10.0,buy,4114.79,BTC-5APR19-4375-C,46.05,0.005,10.0,0,1553911639861,16967231,94
2019-03-30 02:07:19.861,11.3,buy,4114.79,BTC-5APR19-4375-C,46.05,0.005,11.3,1,1553911639861,16967232,95
2019-03-30 02:13:46.164,8.700000000000001,sell,4114.81,BTC-5APR19-4375-C,46.07,0.005,8.700000000000001,1,1553912026164,16967241,96
2019-03-30 02:34:45.776,24.0,buy,4119.8,BTC-5APR19-4375-C,47.06,0.0055,24.0,1,1553913285776,16967371,98
2019-03-30 02:34:45.776,10.0,buy,4119.8,BTC-5APR19-4375-C,47.06,0.0055,10.0,0,1553913285776,16967370,97
2019-03-30 02:50:30.252,0.4,sell,4116.32,BTC-5APR19-4375-C,44.39,0.0045,0.4,2,1553914230252,16967459,99
2019-03-30 03:16:05.789,30.0,buy,4105.5,BTC-5APR19-4375-C,47.34,0.005,30.0,0,1553915765789,16968000,100
2019-03-30 03:23:59.738,30.0,buy,4094.19,BTC-5APR19-4375-C,48.7,0.005,30.0,1,1553916239738,16968434,101
2019-03-30 03:23:59.738,10.0,buy,4094.19,BTC-5APR19-4375-C,48.7,0.005,10.0,1,1553916239738,16968435,102
2019-03-30 03:29:10.848,10.0,sell,4096.37,BTC-5APR19-4375-C,46.82,0.0045,10.0,2,1553916550848,16968546,103
2019-03-30 03:30:24.310,30.0,sell,4093.33,BTC-5APR19-4375-C,47.17,0.0045,30.0,3,1553916624310,16968566,104
2019-03-30 03:30:24.935,30.0,sell,4093.33,BTC-5APR19-4375-C,47.17,0.0045,30.0,3,1553916624935,16968567,105
2019-03-30 03:30:48.339,30.0,sell,4093.46,BTC-5APR19-4375-C,47.16,0.0045,30.0,3,1553916648339,16968591,106
2019-03-30 03:51:34.211,0.1,buy,4087.1,BTC-5APR19-4375-C,46.23,0.004,0.1,2,1553917894211,16969187,107
2019-03-30 05:33:34.763,100.0,sell,4084.79,BTC-5APR19-4375-C,44.92,0.0035,100.0,2,1553924014763,16974998,108
2019-03-30 08:11:34.208,10.0,sell,4082.59,BTC-5APR19-4375-C,43.61,0.003,10.0,2,1553933494208,16977067,109
2019-03-30 08:17:00.942,2.0,sell,4079.39,BTC-5APR19-4375-C,43.98,0.003,2.0,3,1553933820942,16977131,111
2019-03-30 08:17:00.942,5.0,sell,4079.39,BTC-5APR19-4375-C,43.98,0.003,5.0,3,1553933820942,16977130,110
2019-03-30 15:39:30.399,0.1,sell,4073.43,BTC-5APR19-4375-C,43.62,0.0025,0.1,2,1553960370399,16980341,112
2019-03-30 16:19:25.879,1.0,sell,4070.36,BTC-5APR19-4375-C,44.06,0.0025,1.0,3,1553962765879,16981205,113
2019-03-30 22:22:52.275,1.0,buy,4083.23,BTC-5APR19-4375-C,45.86,0.003,1.0,0,1553984572275,16983597,114
2019-03-31 00:16:40.410,0.5,buy,4102.08,BTC-5APR19-4375-C,47.95,0.004,0.5,0,1553991400410,16984701,115
2019-03-31 15:29:48.181,10.0,buy,4093.09,BTC-5APR19-4375-C,45.65,0.0025,10.0,2,1554046188181,16989670,116
2019-03-31 16:11:43.016,10.0,buy,4087.99,BTC-5APR19-4375-C,46.41,0.0025,10.0,3,1554048703016,16990029,117
2019-03-31 17:38:59.748,2.0,sell,4087.4,BTC-5APR19-4375-C,44.16,0.002,2.0,3,1554053939748,16990481,119
2019-03-31 17:38:59.748,0.2,sell,4087.4,BTC-5APR19-4375-C,44.16,0.002,0.2,2,1554053939748,16990480,118
2019-03-31 17:52:52.339,4.0,buy,4087.73,BTC-5APR19-4375-C,44.17,0.002,4.0,3,1554054772339,16990522,120
2019-03-31 18:49:18.288,6.0,buy,4090.39,BTC-5APR19-4375-C,44.05,0.002,6.0,3,1554058158288,16991005,121
2019-04-01 00:28:16.421,2.0,buy,4076.41,BTC-5APR19-4375-C,46.93,0.002,2.0,3,1554078496421,16994174,122
2019-04-01 04:04:41.095,1.0,buy,4123.55,BTC-5APR19-4375-C,49.1,0.0035,1.0,0,1554091481095,17000251,123
2019-04-01 04:04:45.619,9.0,buy,4123.56,BTC-5APR19-4375-C,49.1,0.0035,9.0,1,1554091485619,17000252,124
2019-04-01 04:04:45.619,30.0,buy,4123.56,BTC-5APR19-4375-C,49.1,0.0035,30.0,1,1554091485619,17000253,125
2019-04-01 05:51:53.353,0.1,buy,4120.79,BTC-5APR19-4375-C,45.27,0.0025,0.1,2,1554097913353,17001045,126
2019-04-01 10:44:52.726,10.0,buy,4116.07,BTC-5APR19-4375-C,44.35,0.002,10.0,2,1554115492726,17003492,127
2019-04-01 17:43:08.411,10.0,buy,4133.28,BTC-5APR19-4375-C,43.78,0.002,10.0,3,1554140588411,17009434,128
2019-04-01 19:01:15.218,0.5,buy,4132.67,BTC-5APR19-4375-C,44.2,0.002,0.5,3,1554145275218,17010060,129
2019-04-01 20:09:43.584,6.0,sell,4131.29,BTC-5APR19-4375-C,41.55,0.0015,6.0,2,1554149383584,17010620,130
2019-04-01 23:12:25.526,10.0,buy,4143.88,BTC-5APR19-4375-C,40.63,0.0015,10.0,3,1554160345526,17011951,131
2019-04-02 00:30:29.056,5.0,buy,4144.47,BTC-5APR19-4375-C,40.88,0.0015,5.0,3,1554165029056,17012824,132
2019-04-02 00:43:24.958,5.0,buy,4147.01,BTC-5APR19-4375-C,40.59,0.0015,5.0,3,1554165804958,17012990,133
2019-04-02 00:44:15.158,10.0,buy,4147.25,BTC-5APR19-4375-C,40.56,0.0015,10.0,3,1554165855158,17012993,134
2019-04-02 01:14:25.779,0.5,buy,4146.15,BTC-5APR19-4375-C,40.84,0.0015,0.5,3,1554167665779,17014725,135
2019-04-02 01:31:30.742,4.0,sell,4148.03,BTC-5APR19-4375-C,36.97,0.001,4.0,2,1554168690742,17014939,136
2019-04-02 01:44:51.068,0.2,sell,4154.11,BTC-5APR19-4375-C,36.23,0.001,0.2,3,1554169491068,17015219,137
2019-04-02 02:10:10.757,10.0,buy,4169.68,BTC-5APR19-4375-C,43.54,0.0025,10.0,0,1554171010757,17016209,138
2019-04-02 02:12:51.006,10.0,buy,4169.01,BTC-5APR19-4375-C,43.65,0.0025,10.0,1,1554171171006,17016267,139
2019-04-02 02:18:45.496,10.0,sell,4164.82,BTC-5APR19-4375-C,41.59,0.002,10.0,2,1554171525496,17016337,140
2019-04-02 02:39:56.685,0.3,buy,4175.45,BTC-5APR19-4375-C,45.26,0.003,0.3,0,1554172796685,17016914,141
2019-04-02 03:02:24.170,5.0,buy,4168.57,BTC-5APR19-4375-C,46.45,0.003,5.0,1,1554174144170,17017417,142
2019-04-02 04:31:55.637,3.1,buy,4193.22,BTC-5APR19-4375-C,45.24,0.0035,3.1,0,1554179515637,17018967,143
2019-04-02 04:33:54.010,6.0,buy,4312.75,BTC-5APR19-4375-C,43.46,0.01,6.0,0,1554179634010,17023408,144
2019-04-02 04:34:02.511,10.0,buy,4322.37,BTC-5APR19-4375-C,48.16,0.0125,10.0,0,1554179642511,17023697,145
2019-04-02 04:34:07.374,7.5,buy,4329.98,BTC-5APR19-4375-C,53.12,0.015,7.5,0,1554179647374,17023850,146
2019-04-02 04:36:35.172,9.0,buy,4383.6,BTC-5APR19-4375-C,54.11,0.021,9.0,0,1554179795172,17026270,147
2019-04-02 04:38:46.910,9.0,sell,4433.72,BTC-5APR19-4375-C,36.31,0.021,9.0,1,1554179926910,17028605,149
2019-04-02 04:38:46.910,11.0,sell,4433.72,BTC-5APR19-4375-C,36.31,0.021,11.0,1,1554179926910,17028604,148
2019-04-02 04:41:21.587,3.0,buy,4477.13,BTC-5APR19-4375-C,69.71,0.0385,3.0,0,1554180081587,17031194,150
2019-04-02 04:44:47.108,1.0,buy,4449.89,BTC-5APR19-4375-C,61.64,0.032,1.0,2,1554180287108,17033176,151
2019-04-02 04:46:05.188,0.3,buy,4456.95,BTC-5APR19-4375-C,36.42,0.0245,0.3,2,1554180365188,17033605,152
2019-04-02 04:46:24.765,6.0,buy,4451.7,BTC-5APR19-4375-C,53.75,0.0295,6.0,0,1554180384765,17033686,153
2019-04-02 04:50:22.077,10.0,buy,4569.41,BTC-5APR19-4375-C,41.64,0.045,10.0,0,1554180622077,17036110,154
2019-04-02 04:50:44.568,10.0,buy,4582.62,BTC-5APR19-4375-C,0.0,0.045,10.0,1,1554180644568,17036520,155
2019-04-02 04:52:19.787,3.0,buy,4626.47,BTC-5APR19-4375-C,36.2,0.055,3.0,0,1554180739787,17037535,156
2019-04-02 04:52:21.776,3.6,buy,4628.16,BTC-5APR19-4375-C,31.66,0.055,3.6,1,1554180741776,17037558,157
2019-04-02 04:52:25.081,3.6,buy,4629.75,BTC-5APR19-4375-C,0.0,0.055,3.6,1,1554180745081,17037634,158
2019-04-02 04:52:25.311,3.0,buy,4629.75,BTC-5APR19-4375-C,0.0,0.055,3.0,1,1554180745311,17037635,159
2019-04-02 04:52:28.830,3.6,buy,4632.02,BTC-5APR19-4375-C,0.0,0.055,3.6,1,1554180748830,17037673,160
2019-04-02 04:52:31.809,3.2,buy,4636.35,BTC-5APR19-4375-C,0.0,0.055,3.2,1,1554180751809,17037727,161
2019-04-02 04:52:43.053,3.0,buy,4656.06,BTC-5APR19-4375-C,0.0,0.06,3.0,0,1554180763053,17037861,162
2019-04-02 04:52:54.718,3.0,buy,4662.46,BTC-5APR19-4375-C,0.0,0.06,3.0,1,1554180774718,17038011,163
2019-04-02 04:53:01.289,3.0,buy,4669.86,BTC-5APR19-4375-C,0.0,0.06,3.0,1,1554180781289,17038162,164
2019-04-02 04:53:03.813,11.0,buy,4671.38,BTC-5APR19-4375-C,0.0,0.06,11.0,1,1554180783813,17038199,165
2019-04-02 04:53:10.593,3.0,buy,4675.55,BTC-5APR19-4375-C,42.53,0.065,3.0,0,1554180790593,17038279,166
2019-04-02 04:53:12.554,3.0,buy,4676.81,BTC-5APR19-4375-C,39.37,0.065,3.0,1,1554180792554,17038312,167
2019-04-02 04:53:34.432,3.0,buy,4718.72,BTC-5APR19-4375-C,0.0,0.065,3.0,1,1554180814432,17038634,168
2019-04-02 04:53:36.185,0.5,buy,4721.95,BTC-5APR19-4375-C,0.0,0.065,0.5,1,1554180816185,17038690,169
2019-04-02 04:53:40.888,3.0,buy,4737.22,BTC-5APR19-4375-C,0.0,0.065,3.0,1,1554180820888,17038833,170
2019-04-02 04:53:40.918,0.5,buy,4737.22,BTC-5APR19-4375-C,0.0,0.065,0.5,1,1554180820918,17038836,171
2019-04-02 04:53:40.946,0.5,buy,4737.22,BTC-5APR19-4375-C,0.0,0.065,0.5,1,1554180820946,17038837,172
2019-04-02 04:53:42.162,6.5,buy,4743.11,BTC-5APR19-4375-C,0.0,0.065,6.5,1,1554180822162,17038857,173
2019-04-02 04:53:56.571,11.7,buy,4754.98,BTC-5APR19-4375-C,82.32,0.085,11.7,0,1554180836571,17039275,174
2019-04-02 04:53:56.819,0.1,buy,4754.98,BTC-5APR19-4375-C,82.32,0.085,0.1,1,1554180836819,17039313,175
2019-04-02 04:53:57.167,0.2,buy,4751.47,BTC-5APR19-4375-C,85.21,0.085,0.2,1,1554180837167,17039330,176
2019-04-02 04:53:57.433,0.9,buy,4751.47,BTC-5APR19-4375-C,85.21,0.085,0.9,1,1554180837433,17039357,177
2019-04-02 04:53:58.473,2.8000000000000003,buy,4747.49,BTC-5APR19-4375-C,88.28,0.085,2.8000000000000003,1,1554180838473,17039393,178
2019-04-02 04:53:58.886,0.4,buy,4747.49,BTC-5APR19-4375-C,88.28,0.085,0.4,1,1554180838886,17039409,179
2019-04-02 04:53:59.215,2.1,buy,4747.49,BTC-5APR19-4375-C,88.28,0.085,2.1,1,1554180839215,17039422,180
2019-04-02 04:53:59.303,1.8,buy,4747.49,BTC-5APR19-4375-C,88.28,0.085,1.8,1,1554180839303,17039428,181
2019-04-02 04:56:23.948,3.0,sell,4768.51,BTC-5APR19-4375-C,0.0,0.081,3.0,2,1554180983948,17042278,182
2019-04-02 04:56:23.948,3.0,sell,4768.51,BTC-5APR19-4375-C,0.0,0.08,3.0,2,1554180983948,17042279,183
2019-04-02 04:56:25.752,3.0,buy,4765.6,BTC-5APR19-4375-C,0.0,0.08,3.0,3,1554180985752,17042322,184
2019-04-02 04:56:40.654,5.0,buy,4764.14,BTC-5APR19-4375-C,0.0,0.08,5.0,3,1554181000654,17042454,185
2019-04-02 04:56:51.413,5.0,buy,4747.97,BTC-5APR19-4375-C,58.15,0.08,5.0,3,1554181011413,17042558,186
2019-04-02 04:56:54.222,1.0,buy,4746.06,BTC-5APR19-4375-C,61.05,0.08,1.0,3,1554181014222,17042630,187
2019-04-02 04:57:52.152,0.5,sell,4690.12,BTC-5APR19-4375-C,0.0,0.066,0.5,2,1554181072152,17043580,188
2019-04-02 04:58:32.695,20.0,buy,4674.89,BTC-5APR19-4375-C,58.85,0.067,20.0,0,1554181112695,17044070,189
2019-04-02 04:59:43.623,5.0,buy,4671.83,BTC-5APR19-4375-C,0.0,0.0625,5.0,2,1554181183623,17045008,190
2019-04-02 04:59:45.443,3.0,buy,4670.88,BTC-5APR19-4375-C,0.0,0.0625,3.0,3,1554181185443,17045032,191
2019-04-02 04:59:45.695,5.0,buy,4670.88,BTC-5APR19-4375-C,0.0,0.0625,5.0,3,1554181185695,17045033,192
2019-04-02 04:59:48.933,5.0,buy,4671.85,BTC-5APR19-4375-C,0.0,0.0625,5.0,3,1554181188933,17045076,193
2019-04-02 04:59:53.040,2.0,buy,4674.5,BTC-5APR19-4375-C,0.0,0.0625,2.0,3,1554181193040,17045108,194
2019-04-02 05:00:47.436,3.0,buy,4688.72,BTC-5APR19-4375-C,31.88,0.067,3.0,0,1554181247436,17045486,195
2019-04-02 05:00:52.149,3.0,buy,4687.0,BTC-5APR19-4375-C,39.94,0.067,3.0,1,1554181252149,17045532,196
2019-04-02 05:01:07.370,3.0,buy,4689.62,BTC-5APR19-4375-C,39.86,0.0675,3.0,0,1554181267370,17045576,197
2019-04-02 05:01:29.419,3.0,sell,4694.58,BTC-5APR19-4375-C,40.6,0.0685,3.0,0,1554181289419,17045830,198
2019-04-02 05:01:39.094,3.0,sell,4695.63,BTC-5APR19-4375-C,36.59,0.0685,3.0,1,1554181299094,17045904,199
2019-04-02 05:01:50.473,3.0,buy,4695.89,BTC-5APR19-4375-C,35.21,0.0685,3.0,1,1554181310473,17045970,200
2019-04-02 05:01:52.637,2.0,buy,4698.73,BTC-5APR19-4375-C,33.27,0.069,2.0,0,1554181312637,17045985,201
2019-04-02 05:03:23.787,3.0,buy,4710.39,BTC-5APR19-4375-C,47.35,0.07200000000000001,3.0,0,1554181403787,17046931,202
2019-04-02 05:03:29.642,0.5,buy,4712.81,BTC-5APR19-4375-C,40.55,0.07200000000000001,0.5,1,1554181409642,17047041,203
2019-04-02 05:03:30.763,3.0,buy,4712.81,BTC-5APR19-4375-C,40.55,0.07200000000000001,3.0,1,1554181410763,17047062,204
2019-04-02 05:03:33.901,3.0,buy,4734.62,BTC-5APR19-4375-C,46.61,0.0765,3.0,0,1554181413901,17047225,205
2019-04-02 05:04:14.865,3.0,buy,4739.62,BTC-5APR19-4375-C,0.0,0.0755,3.0,2,1554181454865,17047580,206
2019-04-02 05:05:25.235,3.0,buy,4720.99,BTC-5APR19-4375-C,47.48,0.07400000000000001,3.0,2,1554181525235,17048284,207
2019-04-02 05:06:22.665,3.0,buy,4716.34,BTC-5APR19-4375-C,45.86,0.073,3.0,2,1554181582665,17048636,208
2019-04-02 05:06:51.213,4.5,buy,4715.3,BTC-5APR19-4375-C,41.0,0.0725,4.5,2,1554181611213,17048823,209
2019-04-02 05:07:09.691,3.1,buy,4708.75,BTC-5APR19-4375-C,0.0,0.068,3.1,2,1554181629691,17048888,210
2019-04-02 05:09:12.299,0.5,buy,4696.04,BTC-5APR19-4375-C,53.54,0.07,0.5,0,1554181752299,17049615,211
2019-04-02 05:09:37.290,3.0,buy,4702.95,BTC-5APR19-4375-C,51.3,0.071,3.0,0,1554181777290,17050021,212
2019-04-02 05:09:51.921,1.0,sell,4711.7,BTC-5APR19-4375-C,30.8,0.0715,1.0,0,1554181791921,17050254,213
2019-04-02 05:09:52.950,9.0,buy,4713.36,BTC-5APR19-4375-C,0.0,0.071,9.0,2,1554181792950,17050256,214
2019-04-02 05:10:44.845,3.0,buy,4714.93,BTC-5APR19-4375-C,53.94,0.0735,3.0,0,1554181844845,17050565,215
2019-04-02 05:11:32.743,0.1,buy,4715.3,BTC-5APR19-4375-C,53.35,0.0735,0.1,1,1554181892743,17050904,216
2019-04-02 05:12:16.302,10.0,buy,4719.17,BTC-5APR19-4375-C,33.46,0.073,10.0,2,1554181936302,17051106,217
2019-04-02 05:12:23.550,15.0,buy,4721.19,BTC-5APR19-4375-C,52.58,0.0745,15.0,0,1554181943550,17051149,218
2019-04-02 05:12:23.796,0.1,buy,4721.19,BTC-5APR19-4375-C,52.58,0.0745,0.1,1,1554181943796,17051151,219
2019-04-02 05:12:25.449,0.1,buy,4722.08,BTC-5APR19-4375-C,50.93,0.0745,0.1,1,1554181945449,17051158,220
2019-04-02 05:12:27.324,0.1,buy,4723.08,BTC-5APR19-4375-C,48.85,0.0745,0.1,1,1554181947324,17051174,221
2019-04-02 05:12:33.815,0.1,buy,4724.18,BTC-5APR19-4375-C,46.18,0.0745,0.1,1,1554181953815,17051194,222
2019-04-02 05:12:34.203,0.1,buy,4724.18,BTC-5APR19-4375-C,46.18,0.0745,0.1,1,1554181954203,17051199,223
2019-04-02 05:12:34.385,0.1,buy,4724.18,BTC-5APR19-4375-C,46.18,0.0745,0.1,1,1554181954385,17051201,224
2019-04-02 05:12:34.577,0.1,buy,4724.18,BTC-5APR19-4375-C,46.18,0.0745,0.1,1,1554181954577,17051203,225
2019-04-02 05:12:34.829,0.1,buy,4724.18,BTC-5APR19-4375-C,46.18,0.0745,0.1,1,1554181954829,17051205,226
2019-04-02 05:12:35.939,0.1,buy,4723.21,BTC-5APR19-4375-C,48.56,0.0745,0.1,1,1554181955939,17051208,227
2019-04-02 05:12:36.977,0.1,buy,4723.16,BTC-5APR19-4375-C,48.68,0.0745,0.1,1,1554181956977,17051219,228
2019-04-02 05:12:37.759,0.1,buy,4722.85,BTC-5APR19-4375-C,49.36,0.0745,0.1,1,1554181957759,17051227,229
2019-04-02 05:12:37.977,0.1,buy,4722.85,BTC-5APR19-4375-C,49.36,0.0745,0.1,1,1554181957977,17051231,230
2019-04-02 05:12:38.346,0.1,buy,4722.85,BTC-5APR19-4375-C,49.36,0.0745,0.1,1,1554181958346,17051233,231
2019-04-02 05:12:38.636,0.1,buy,4722.85,BTC-5APR19-4375-C,49.36,0.0745,0.1,1,1554181958636,17051235,232
2019-04-02 05:12:38.884,0.1,buy,4722.85,BTC-5APR19-4375-C,49.36,0.0745,0.1,1,1554181958884,17051237,233
2019-04-02 05:12:39.072,0.1,buy,4722.85,BTC-5APR19-4375-C,49.36,0.0745,0.1,1,1554181959072,17051238,234
2019-04-02 05:13:48.950,5.0,buy,4720.31,BTC-5APR19-4375-C,49.06,0.07400000000000001,5.0,2,1554182028950,17051404,235
2019-04-02 05:14:12.255,0.1,buy,4724.72,BTC-5APR19-4375-C,44.64,0.0745,0.1,0,1554182052255,17051452,236
2019-04-02 05:14:25.785,20.0,buy,4725.97,BTC-5APR19-4375-C,0.0,0.0725,20.0,2,1554182065785,17051496,237
2019-04-02 05:14:55.627,0.1,buy,4725.29,BTC-5APR19-4375-C,0.0,0.0735,0.1,0,1554182095627,17051767,238
2019-04-02 05:14:55.650,0.1,buy,4725.29,BTC-5APR19-4375-C,0.0,0.0735,0.1,1,1554182095650,17051769,239
2019-04-02 05:14:55.674,0.1,buy,4725.29,BTC-5APR19-4375-C,0.0,0.0735,0.1,1,1554182095674,17051771,240
2019-04-02 05:14:55.827,0.1,buy,4725.29,BTC-5APR19-4375-C,0.0,0.0735,0.1,1,1554182095827,17051773,241
2019-04-02 05:15:10.750,3.0,buy,4724.04,BTC-5APR19-4375-C,0.0,0.0735,3.0,1,1554182110750,17052061,242
2019-04-02 05:15:13.801,5.0,buy,4724.98,BTC-5APR19-4375-C,0.0,0.0735,5.0,1,1554182113801,17052096,243
2019-04-02 05:15:14.328,0.2,buy,4724.61,BTC-5APR19-4375-C,0.0,0.0735,0.2,1,1554182114328,17052098,244
2019-04-02 05:15:16.832,11.4,buy,4726.92,BTC-5APR19-4375-C,0.0,0.0735,11.4,1,1554182116832,17052108,245
2019-04-02 05:15:22.895,13.4,buy,4729.41,BTC-5APR19-4375-C,0.0,0.0745,13.4,0,1554182122895,17052129,246
2019-04-02 05:15:28.275,5.0,buy,4734.1,BTC-5APR19-4375-C,0.0,0.0745,5.0,1,1554182128275,17052168,247
2019-04-02 05:15:33.661,5.0,buy,4733.83,BTC-5APR19-4375-C,0.0,0.0745,5.0,1,1554182133661,17052202,248
2019-04-02 05:15:35.697,5.0,buy,4734.64,BTC-5APR19-4375-C,0.0,0.0745,5.0,1,1554182135697,17052215,249
2019-04-02 05:15:39.533,3.0,buy,4735.21,BTC-5APR19-4375-C,0.0,0.0745,3.0,1,1554182139533,17052252,250
2019-04-02 05:15:42.064,3.0,buy,4735.21,BTC-5APR19-4375-C,0.0,0.0745,3.0,1,1554182142064,17052303,251
2019-04-02 05:15:48.085,3.0,buy,4734.94,BTC-5APR19-4375-C,0.0,0.0745,3.0,1,1554182148085,17052341,252
2019-04-02 05:15:49.207,5.0,buy,4734.94,BTC-5APR19-4375-C,0.0,0.0745,5.0,1,1554182149207,17052358,253
2019-04-02 05:15:49.863,3.0,buy,4734.94,BTC-5APR19-4375-C,0.0,0.0745,3.0,1,1554182149863,17052360,254
2019-04-02 05:15:56.303,0.1,buy,4733.98,BTC-5APR19-4375-C,0.0,0.0745,0.1,1,1554182156303,17052390,255
2019-04-02 05:16:00.214,3.0,buy,4734.02,BTC-5APR19-4375-C,0.0,0.0745,3.0,1,1554182160214,17052437,256
2019-04-02 05:16:01.854,0.1,buy,4733.87,BTC-5APR19-4375-C,0.0,0.0745,0.1,1,1554182161854,17052439,257
2019-04-02 05:16:02.041,0.1,buy,4733.87,BTC-5APR19-4375-C,0.0,0.0745,0.1,1,1554182162041,17052441,258
2019-04-02 05:16:02.182,0.1,buy,4733.87,BTC-5APR19-4375-C,0.0,0.0745,0.1,1,1554182162182,17052443,259
2019-04-02 05:16:02.310,0.1,buy,4733.87,BTC-5APR19-4375-C,0.0,0.0745,0.1,1,1554182162310,17052454,260
2019-04-02 05:16:03.461,0.1,buy,4733.89,BTC-5APR19-4375-C,0.0,0.0745,0.1,1,1554182163461,17052460,261
2019-04-02 05:16:03.620,0.1,buy,4733.89,BTC-5APR19-4375-C,0.0,0.0745,0.1,1,1554182163620,17052462,262
2019-04-02 05:16:03.644,0.1,buy,4733.89,BTC-5APR19-4375-C,0.0,0.0745,0.1,1,1554182163644,17052464,263
2019-04-02 05:16:05.023,3.0,buy,4734.06,BTC-5APR19-4375-C,0.0,0.0745,3.0,1,1554182165023,17052491,264
2019-04-02 05:16:05.433,3.0,buy,4737.71,BTC-5APR19-4375-C,0.0,0.0745,3.0,1,1554182165433,17052494,265
2019-04-02 05:16:05.463,3.0,buy,4737.71,BTC-5APR19-4375-C,0.0,0.0745,3.0,1,1554182165463,17052496,266
2019-04-02 05:16:05.507,5.0,buy,4737.71,BTC-5APR19-4375-C,0.0,0.0745,5.0,1,1554182165507,17052498,267
2019-04-02 05:16:06.047,3.0,buy,4737.71,BTC-5APR19-4375-C,0.0,0.0745,3.0,1,1554182166047,17052503,268
2019-04-02 05:16:08.353,5.0,buy,4742.42,BTC-5APR19-4375-C,0.0,0.0745,5.0,1,1554182168353,17052518,269
2019-04-02 05:16:08.814,0.1,buy,4742.42,BTC-5APR19-4375-C,0.0,0.0745,0.1,1,1554182168814,17052539,270
2019-04-02 05:16:08.850,0.1,buy,4742.42,BTC-5APR19-4375-C,0.0,0.0745,0.1,1,1554182168850,17052541,271
2019-04-02 05:16:09.004,0.1,buy,4742.42,BTC-5APR19-4375-C,0.0,0.0745,0.1,1,1554182169004,17052544,272
2019-04-02 05:16:09.113,0.1,buy,4741.63,BTC-5APR19-4375-C,0.0,0.0745,0.1,1,1554182169113,17052548,273
2019-04-02 05:16:09.139,0.1,buy,4741.63,BTC-5APR19-4375-C,0.0,0.0745,0.1,1,1554182169139,17052550,274
2019-04-02 05:16:09.309,0.1,buy,4741.63,BTC-5APR19-4375-C,0.0,0.0745,0.1,1,1554182169309,17052556,275
2019-04-02 05:16:09.608,25.0,buy,4741.63,BTC-5APR19-4375-C,0.0,0.0745,25.0,1,1554182169608,17052560,276
2019-04-02 05:16:10.398,0.1,buy,4740.31,BTC-5APR19-4375-C,0.0,0.0745,0.1,1,1554182170398,17052565,277
2019-04-02 05:16:10.557,0.1,buy,4740.31,BTC-5APR19-4375-C,0.0,0.0745,0.1,1,1554182170557,17052567,278
2019-04-02 05:16:10.579,0.1,buy,4740.31,BTC-5APR19-4375-C,0.0,0.0745,0.1,1,1554182170579,17052569,279
2019-04-02 05:16:10.807,0.1,buy,4740.31,BTC-5APR19-4375-C,0.0,0.0745,0.1,1,1554182170807,17052571,280
2019-04-02 05:16:10.830,0.1,buy,4740.31,BTC-5APR19-4375-C,0.0,0.0745,0.1,1,1554182170830,17052573,281
2019-04-02 05:16:11.276,5.0,buy,4741.21,BTC-5APR19-4375-C,0.0,0.0745,5.0,1,1554182171276,17052601,282
2019-04-02 05:16:13.347,0.1,buy,4743.11,BTC-5APR19-4375-C,0.0,0.0745,0.1,1,1554182173347,17052616,283
2019-04-02 05:16:13.513,0.1,buy,4743.11,BTC-5APR19-4375-C,0.0,0.0745,0.1,1,1554182173513,17052636,284
2019-04-02 05:16:13.637,0.1,buy,4743.11,BTC-5APR19-4375-C,0.0,0.0745,0.1,1,1554182173637,17052638,285
2019-04-02 05:16:13.700,5.0,buy,4743.11,BTC-5APR19-4375-C,0.0,0.0745,5.0,1,1554182173700,17052640,286
2019-04-02 05:16:13.729,0.1,buy,4743.11,BTC-5APR19-4375-C,0.0,0.0745,0.1,1,1554182173729,17052641,287
2019-04-02 05:16:13.889,0.1,buy,4743.11,BTC-5APR19-4375-C,0.0,0.0745,0.1,1,1554182173889,17052645,288
2019-04-02 05:16:15.596,3.0,buy,4740.65,BTC-5APR19-4375-C,0.0,0.0745,3.0,1,1554182175596,17052657,289
2019-04-02 05:16:15.844,5.0,buy,4740.65,BTC-5APR19-4375-C,0.0,0.0745,5.0,1,1554182175844,17052663,290
2019-04-02 05:16:18.051,0.1,buy,4742.64,BTC-5APR19-4375-C,0.0,0.0745,0.1,1,1554182178051,17052679,291
2019-04-02 05:16:18.281,0.1,buy,4742.64,BTC-5APR19-4375-C,0.0,0.0745,0.1,1,1554182178281,17052692,292
2019-04-02 05:16:22.263,3.0,buy,4752.09,BTC-5APR19-4375-C,0.0,0.0745,3.0,1,1554182182263,17052725,293
2019-04-02 05:16:22.942,14.3,buy,4752.09,BTC-5APR19-4375-C,0.0,0.0745,14.3,1,1554182182942,17052768,294
2019-04-02 05:16:26.819,14.3,buy,4755.79,BTC-5APR19-4375-C,0.0,0.0755,14.3,0,1554182186819,17052861,295
2019-04-02 05:16:28.863,2.7,buy,4756.98,BTC-5APR19-4375-C,0.0,0.0755,2.7,1,1554182188863,17052952,296
2019-04-02 05:16:28.863,8.0,buy,4756.98,BTC-5APR19-4375-C,0.0,0.0755,8.0,1,1554182188863,17052953,297
2019-04-02 05:16:28.954,0.1,buy,4756.98,BTC-5APR19-4375-C,0.0,0.0755,0.1,1,1554182188954,17052954,298
2019-04-02 05:16:29.285,0.1,buy,4757.49,BTC-5APR19-4375-C,0.0,0.0755,0.1,1,1554182189285,17052956,299
2019-04-02 05:16:33.344,3.0,buy,4762.01,BTC-5APR19-4375-C,0.0,0.0755,3.0,1,1554182193344,17052990,300
2019-04-02 05:16:35.069,0.1,buy,4762.73,BTC-5APR19-4375-C,0.0,0.0755,0.1,1,1554182195069,17053013,301
2019-04-02 05:16:35.530,8.700000000000001,buy,4762.73,BTC-5APR19-4375-C,0.0,0.0755,8.700000000000001,1,1554182195530,17053022,302
2019-04-02 05:16:36.750,3.0,buy,4763.17,BTC-5APR19-4375-C,55.64,0.0825,3.0,0,1554182196750,17053029,303
2019-04-02 05:16:37.659,3.0,buy,4763.13,BTC-5APR19-4375-C,55.72,0.0825,3.0,1,1554182197659,17053043,304
2019-04-02 05:16:44.165,3.0,buy,4763.18,BTC-5APR19-4375-C,55.62,0.0825,3.0,1,1554182204165,17053091,305
2019-04-02 05:16:50.175,3.0,buy,4769.34,BTC-5APR19-4375-C,54.09,0.0835,3.0,0,1554182210175,17053135,306
2019-04-02 05:17:05.090,1.4,sell,4783.65,BTC-5APR19-4375-C,52.16,0.086,1.4,0,1554182225090,17053441,307
2019-04-02 05:17:14.268,3.0,buy,4790.31,BTC-5APR19-4375-C,61.81,0.08800000000000001,3.0,0,1554182234268,17053556,308
2019-04-02 05:17:19.722,3.0,buy,4794.99,BTC-5APR19-4375-C,63.42,0.08900000000000001,3.0,0,1554182239722,17053641,309
2019-04-02 05:18:17.794,1.0,buy,4889.33,BTC-5APR19-4375-C,66.46,0.106,1.0,0,1554182297794,17055108,310
2019-04-02 05:18:19.778,1.0,buy,4890.4,BTC-5APR19-4375-C,63.43,0.106,1.0,1,1554182299778,17055220,311
2019-04-02 05:18:47.312,0.8,buy,4902.63,BTC-5APR19-4375-C,0.0,0.107,0.8,0,1554182327312,17055982,312
2019-04-02 05:18:55.468,3.0,buy,4896.31,BTC-5APR19-4375-C,62.54,0.107,3.0,1,1554182335468,17056208,313
2019-04-02 05:19:17.674,1.2,buy,4904.09,BTC-5APR19-4375-C,0.0,0.107,1.2,1,1554182357674,17056597,314
2019-04-02 05:19:48.121,3.0,sell,4940.29,BTC-5APR19-4375-C,51.52,0.1145,3.0,0,1554182388121,17057213,315
2019-04-02 05:20:03.879,7.7,buy,4972.36,BTC-5APR19-4375-C,0.0,0.12,7.7,0,1554182403879,17057579,316
2019-04-02 05:20:06.891,6.5,buy,4976.05,BTC-5APR19-4375-C,0.0,0.12,6.5,1,1554182406891,17057650,317
2019-04-02 05:20:13.769,8.0,buy,4967.05,BTC-5APR19-4375-C,74.23,0.12,8.0,1,1554182413769,17057782,318
2019-04-02 05:22:44.206,1.0,buy,5054.01,BTC-5APR19-4375-C,126.47,0.14,1.0,0,1554182564206,17060608,319
2019-04-02 05:22:46.068,10.0,buy,5055.71,BTC-5APR19-4375-C,124.84,0.14,10.0,1,1554182566068,17060631,320
2019-04-02 05:23:24.706,0.1,buy,5069.88,BTC-5APR19-4375-C,108.83,0.14,0.1,1,1554182604706,17061328,321
2019-04-02 05:23:29.008,0.1,buy,5067.05,BTC-5APR19-4375-C,93.03,0.138,0.1,2,1554182609008,17061416,322
2019-04-02 05:23:29.989,0.1,buy,5067.16,BTC-5APR19-4375-C,92.8,0.138,0.1,3,1554182609989,17061427,323
2019-04-02 05:26:24.712,1.0,sell,4975.97,BTC-5APR19-4375-C,0.0,0.1165,1.0,2,1554182784712,17063806,324
2019-04-02 05:26:24.715,11.5,buy,4975.97,BTC-5APR19-4375-C,0.0,0.11,11.5,2,1554182784715,17063807,325
2019-04-02 05:26:29.383,1.0,buy,4976.32,BTC-5APR19-4375-C,0.0,0.11,1.0,3,1554182789383,17063842,326
2019-04-02 05:26:29.522,10.7,buy,4976.32,BTC-5APR19-4375-C,0.0,0.11,10.7,3,1554182789522,17063843,327
2019-04-02 05:27:17.981,4.0,buy,4972.15,BTC-5APR19-4375-C,0.0,0.11,4.0,3,1554182837981,17064360,328
2019-04-02 05:27:18.444,3.7,buy,4971.96,BTC-5APR19-4375-C,0.0,0.11,3.7,3,1554182838444,17064363,329
2019-04-02 05:27:19.263,3.7,buy,4970.56,BTC-5APR19-4375-C,0.0,0.11,3.7,3,1554182839263,17064376,330
2019-04-02 05:27:24.676,1.0,buy,4971.54,BTC-5APR19-4375-C,0.0,0.11,1.0,3,1554182844676,17064408,331
2019-04-02 05:27:27.258,1.0,buy,4971.99,BTC-5APR19-4375-C,0.0,0.11,1.0,3,1554182847258,17064415,332
2019-04-02 05:27:27.557,3.5,buy,4971.99,BTC-5APR19-4375-C,0.0,0.11,3.5,3,1554182847557,17064418,333
2019-04-02 05:27:28.156,1.0,buy,4972.34,BTC-5APR19-4375-C,0.0,0.11,1.0,3,1554182848156,17064440,334
2019-04-02 05:27:28.363,3.4,buy,4972.34,BTC-5APR19-4375-C,0.0,0.11,3.4,3,1554182848363,17064443,335
2019-04-02 05:27:29.845,4.6000000000000005,buy,4973.14,BTC-5APR19-4375-C,0.0,0.11,4.6000000000000005,3,1554182849845,17064490,336
2019-04-02 05:27:29.929,1.0,buy,4973.14,BTC-5APR19-4375-C,0.0,0.11,1.0,3,1554182849929,17064492,337
2019-04-02 05:27:30.030,1.0,buy,4973.14,BTC-5APR19-4375-C,0.0,0.11,1.0,3,1554182850030,17064503,338
2019-04-02 05:27:30.212,1.0,buy,4972.37,BTC-5APR19-4375-C,0.0,0.11,1.0,3,1554182850212,17064504,339
2019-04-02 05:27:30.526,1.0,buy,4972.37,BTC-5APR19-4375-C,0.0,0.11,1.0,3,1554182850526,17064505,340
2019-04-02 05:27:31.255,3.5,buy,4975.83,BTC-5APR19-4375-C,0.0,0.11,3.5,3,1554182851255,17064518,341
2019-04-02 05:27:31.589,1.0,buy,4975.83,BTC-5APR19-4375-C,0.0,0.11,1.0,3,1554182851589,17064531,342
2019-04-02 05:27:31.697,1.0,buy,4975.83,BTC-5APR19-4375-C,0.0,0.11,1.0,3,1554182851697,17064536,343
2019-04-02 05:27:31.797,1.0,buy,4975.83,BTC-5APR19-4375-C,0.0,0.11,1.0,3,1554182851797,17064539,344
2019-04-02 05:27:31.977,1.0,buy,4975.83,BTC-5APR19-4375-C,0.0,0.11,1.0,3,1554182851977,17064540,345
2019-04-02 05:27:32.278,1.0,buy,4976.1,BTC-5APR19-4375-C,0.0,0.11,1.0,3,1554182852278,17064541,346
2019-04-02 05:27:32.405,1.0,buy,4976.1,BTC-5APR19-4375-C,0.0,0.11,1.0,3,1554182852405,17064542,347
2019-04-02 05:27:32.591,1.0,buy,4976.1,BTC-5APR19-4375-C,0.0,0.11,1.0,3,1554182852591,17064544,348
2019-04-02 05:27:32.620,3.7,buy,4976.1,BTC-5APR19-4375-C,0.0,0.11,3.7,3,1554182852620,17064549,349
2019-04-02 05:27:32.892,5.2,buy,4976.1,BTC-5APR19-4375-C,0.0,0.11,5.2,3,1554182852892,17064552,350
2019-04-02 05:27:32.924,1.0,buy,4976.1,BTC-5APR19-4375-C,0.0,0.11,1.0,3,1554182852924,17064553,351
2019-04-02 05:27:33.014,1.0,buy,4976.1,BTC-5APR19-4375-C,0.0,0.11,1.0,3,1554182853014,17064554,352
2019-04-02 05:27:33.405,1.0,buy,4976.08,BTC-5APR19-4375-C,0.0,0.11,1.0,3,1554182853405,17064556,353
2019-04-02 05:27:33.549,5.2,buy,4976.08,BTC-5APR19-4375-C,0.0,0.11,5.2,3,1554182853549,17064557,354
2019-04-02 05:27:33.551,0.9,buy,4976.08,BTC-5APR19-4375-C,0.0,0.11,0.9,3,1554182853551,17064558,355
2019-04-02 05:27:35.280,1.0,buy,4975.89,BTC-5APR19-4375-C,0.0,0.11,1.0,3,1554182855280,17064562,356
2019-04-02 05:27:35.608,1.0,buy,4975.89,BTC-5APR19-4375-C,0.0,0.11,1.0,3,1554182855608,17064563,357
2019-04-02 05:27:35.696,4.2,buy,4975.89,BTC-5APR19-4375-C,0.0,0.11,4.2,3,1554182855696,17064564,358
2019-04-02 05:27:36.510,0.1,buy,4976.52,BTC-5APR19-4375-C,0.0,0.11,0.1,3,1554182856510,17064570,359
2019-04-02 05:28:16.940,3.2,buy,4987.8,BTC-5APR19-4375-C,0.0,0.115,3.2,0,1554182896940,17064986,360
2019-04-02 05:28:21.601,0.1,buy,4988.46,BTC-5APR19-4375-C,0.0,0.115,0.1,1,1554182901601,17064998,361
2019-04-02 05:28:21.956,0.1,buy,4988.46,BTC-5APR19-4375-C,0.0,0.115,0.1,1,1554182901956,17065000,362
2019-04-02 05:28:21.977,0.1,buy,4988.46,BTC-5APR19-4375-C,0.0,0.115,0.1,1,1554182901977,17065002,363
2019-04-02 05:28:26.019,0.1,buy,4989.24,BTC-5APR19-4375-C,0.0,0.115,0.1,1,1554182906019,17065022,364
2019-04-02 05:28:28.642,1.0,buy,4990.94,BTC-5APR19-4375-C,0.0,0.115,1.0,1,1554182908642,17065054,365
2019-04-02 05:28:29.339,5.5,buy,4990.29,BTC-5APR19-4375-C,0.0,0.115,5.5,1,1554182909339,17065056,366
2019-04-02 05:28:29.471,1.0,buy,4990.29,BTC-5APR19-4375-C,0.0,0.115,1.0,1,1554182909471,17065057,367
2019-04-02 05:28:30.322,5.7,buy,4992.81,BTC-5APR19-4375-C,0.0,0.115,5.7,1,1554182910322,17065071,368
2019-04-02 05:28:30.375,1.0,buy,4992.81,BTC-5APR19-4375-C,0.0,0.115,1.0,1,1554182910375,17065072,369
2019-04-02 05:28:30.814,1.0,buy,4992.81,BTC-5APR19-4375-C,0.0,0.115,1.0,1,1554182910814,17065074,370
2019-04-02 05:28:31.022,1.0,buy,4992.81,BTC-5APR19-4375-C,0.0,0.115,1.0,1,1554182911022,17065077,371
2019-04-02 05:28:31.229,1.0,buy,4994.14,BTC-5APR19-4375-C,0.0,0.115,1.0,1,1554182911229,17065078,372
2019-04-02 05:28:31.434,1.0,buy,4994.14,BTC-5APR19-4375-C,0.0,0.115,1.0,1,1554182911434,17065096,373
2019-04-02 05:28:31.754,1.0,buy,4994.14,BTC-5APR19-4375-C,0.0,0.115,1.0,1,1554182911754,17065098,374
2019-04-02 05:28:31.915,0.1,buy,4994.14,BTC-5APR19-4375-C,0.0,0.115,0.1,1,1554182911915,17065099,375
2019-04-02 05:28:31.972,4.7,buy,4994.14,BTC-5APR19-4375-C,0.0,0.115,4.7,1,1554182911972,17065105,376
2019-04-02 05:28:32.929,1.0,buy,4994.14,BTC-5APR19-4375-C,0.0,0.115,1.0,1,1554182912929,17065117,377
2019-04-02 05:28:33.431,6.4,buy,4993.47,BTC-5APR19-4375-C,0.0,0.115,6.4,1,1554182913431,17065124,378
2019-04-02 05:28:44.529,0.1,buy,4996.37,BTC-5APR19-4375-C,0.0,0.115,0.1,1,1554182924529,17065370,379
2019-04-02 05:28:44.772,0.1,buy,4996.37,BTC-5APR19-4375-C,0.0,0.115,0.1,1,1554182924772,17065374,380
2019-04-02 05:28:44.955,0.1,buy,4996.37,BTC-5APR19-4375-C,0.0,0.115,0.1,1,1554182924955,17065383,381
2019-04-02 05:28:44.994,0.1,buy,4996.37,BTC-5APR19-4375-C,0.0,0.115,0.1,1,1554182924994,17065386,382
2019-04-02 05:28:56.549,0.1,buy,4992.41,BTC-5APR19-4375-C,0.0,0.115,0.1,1,1554182936549,17065555,383
2019-04-02 05:28:56.837,0.1,buy,4992.41,BTC-5APR19-4375-C,0.0,0.115,0.1,1,1554182936837,17065559,384
2019-04-02 05:28:58.146,0.1,buy,4990.24,BTC-5APR19-4375-C,0.0,0.115,0.1,1,1554182938146,17065567,385
2019-04-02 05:28:58.455,0.1,buy,4990.24,BTC-5APR19-4375-C,0.0,0.115,0.1,1,1554182938455,17065576,386
2019-04-02 05:29:04.971,0.1,buy,4989.88,BTC-5APR19-4375-C,0.0,0.115,0.1,1,1554182944971,17065619,387
2019-04-02 05:29:08.008,0.1,buy,4990.15,BTC-5APR19-4375-C,0.0,0.115,0.1,1,1554182948008,17065626,388
2019-04-02 05:29:10.511,1.0,buy,4991.02,BTC-5APR19-4375-C,0.0,0.115,1.0,1,1554182950511,17065639,389
2019-04-02 05:29:10.585,1.0,buy,4991.02,BTC-5APR19-4375-C,0.0,0.115,1.0,1,1554182950585,17065640,390
2019-04-02 05:29:11.469,5.1000000000000005,buy,4992.85,BTC-5APR19-4375-C,0.0,0.115,5.1000000000000005,1,1554182951469,17065646,391
2019-04-02 05:29:13.791,1.0,buy,4992.85,BTC-5APR19-4375-C,0.0,0.115,1.0,1,1554182953791,17065661,392
2019-04-02 05:29:13.970,1.0,buy,4992.85,BTC-5APR19-4375-C,0.0,0.115,1.0,1,1554182953970,17065664,393
2019-04-02 05:29:14.103,4.9,buy,4992.98,BTC-5APR19-4375-C,0.0,0.115,4.9,1,1554182954103,17065665,394
2019-04-02 05:29:15.856,1.0,buy,4992.0,BTC-5APR19-4375-C,0.0,0.115,1.0,1,1554182955856,17065678,395
2019-04-02 05:29:25.567,4.8,buy,4987.1,BTC-5APR19-4375-C,0.0,0.115,4.8,1,1554182965567,17065767,396
2019-04-02 05:29:25.604,1.0,buy,4987.1,BTC-5APR19-4375-C,0.0,0.115,1.0,1,1554182965604,17065768,397
2019-04-02 05:29:32.061,1.0,buy,4993.22,BTC-5APR19-4375-C,0.0,0.115,1.0,1,1554182972061,17065785,398
2019-04-02 05:29:32.283,1.0,buy,4993.22,BTC-5APR19-4375-C,0.0,0.115,1.0,1,1554182972283,17065786,399
2019-04-02 05:29:32.421,1.0,buy,4993.22,BTC-5APR19-4375-C,0.0,0.115,1.0,1,1554182972421,17065787,400
2019-04-02 05:29:33.136,2.2,buy,4991.63,BTC-5APR19-4375-C,0.0,0.115,2.2,1,1554182973136,17065789,401
2019-04-02 05:33:28.276,0.2,sell,4866.82,BTC-5APR19-4375-C,0.0,0.096,0.2,2,1554183208276,17067794,402
2019-04-02 05:36:27.587,0.3,sell,4773.05,BTC-5APR19-4375-C,70.55,0.086,0.3,2,1554183387587,17069204,403
2019-04-02 05:37:13.624,5.0,sell,4762.29,BTC-5APR19-4375-C,62.12,0.083,5.0,2,1554183433624,17069606,404
2019-04-02 05:42:04.883,5.0,sell,4772.39,BTC-5APR19-4375-C,67.82,0.0855,5.0,0,1554183724883,17070974,405
2019-04-02 05:42:30.760,6.0,sell,4788.75,BTC-5APR19-4375-C,64.63,0.08800000000000001,6.0,0,1554183750760,17071093,406
2019-04-02 05:44:04.244,3.8,buy,4824.3,BTC-5APR19-4375-C,0.0,0.09300000000000001,3.8,0,1554183844244,17071569,407
2019-04-02 06:11:51.100,6.0,buy,4731.32,BTC-5APR19-4375-C,0.0,0.075,6.0,2,1554185511100,17080108,408
2019-04-02 06:21:36.967,5.0,sell,4712.29,BTC-5APR19-4375-C,54.23,0.073,5.0,2,1554186096967,17082975,409
2019-04-02 06:38:51.629,15.0,sell,4664.76,BTC-5APR19-4375-C,55.26,0.0645,15.0,2,1554187131629,17085804,410
2019-04-02 06:43:32.114,0.3,sell,4687.39,BTC-5APR19-4375-C,39.11,0.067,0.3,0,1554187412114,17086378,411
2019-04-02 07:30:30.545,0.3,sell,4685.03,BTC-5APR19-4375-C,64.06,0.0695,0.3,0,1554190230545,17092118,412
2019-04-02 08:04:06.315,0.1,buy,4713.17,BTC-5APR19-4375-C,61.41,0.07400000000000001,0.1,0,1554192246315,17093326,413
2019-04-02 08:05:02.321,1.0,buy,4713.81,BTC-5APR19-4375-C,82.98,0.078,1.0,0,1554192302321,17093430,414
2019-04-02 08:16:14.070,0.3,sell,4715.55,BTC-5APR19-4375-C,48.79,0.073,0.3,2,1554192974070,17094208,415
2019-04-02 08:23:29.303,0.3,sell,4714.04,BTC-5APR19-4375-C,67.09,0.075,0.3,0,1554193409303,17094431,416
2019-04-02 08:40:21.566,2.5,sell,4714.55,BTC-5APR19-4375-C,0.0,0.068,2.5,2,1554194421566,17094985,417
2019-04-02 08:40:31.980,2.5,sell,4714.94,BTC-5APR19-4375-C,0.0,0.068,2.5,3,1554194431980,17094988,418
2019-04-02 11:38:17.172,5.0,sell,4786.94,BTC-5APR19-4375-C,0.0,0.086,5.0,0,1554205097172,17107639,419
2019-04-02 13:27:14.402,1.1,sell,4797.32,BTC-5APR19-4375-C,72.71,0.09,1.1,0,1554211634402,17111800,420
2019-04-02 14:09:57.229,0.4,sell,4731.16,BTC-5APR19-4375-C,82.22,0.08,0.4,2,1554214197229,17113781,421
2019-04-02 20:15:25.816,0.4,buy,4812.74,BTC-5APR19-4375-C,74.64,0.0925,0.4,0,1554236125816,17130426,422
2019-04-02 20:15:28.789,0.4,buy,4815.37,BTC-5APR19-4375-C,69.18,0.0925,0.4,1,1554236128789,17130448,423
2019-04-02 20:15:29.359,0.4,buy,4815.72,BTC-5APR19-4375-C,68.35,0.0925,0.4,1,1554236129359,17130464,424
2019-04-02 20:43:45.906,6.0,buy,4800.04,BTC-5APR19-4375-C,72.29,0.09,6.0,2,1554237825906,17135236,425
2019-04-03 02:44:25.537,0.1,buy,5039.52,BTC-5APR19-4375-C,0.0,0.13,0.1,0,1554259465537,17171634,426
2019-04-03 05:01:09.128,1.0,sell,4932.11,BTC-5APR19-4375-C,0.0,0.001,1.0,2,1554267669128,17187256,427
2019-04-03 16:08:57.887,1.5,buy,5069.09,BTC-5APR19-4375-C,108.97,0.1375,1.5,0,1554307737887,17206705,428
2019-04-03 16:14:04.024,1.0,buy,5099.89,BTC-5APR19-4375-C,0.0,0.1415,1.0,0,1554308044024,17209827,429
2019-04-03 17:11:29.575,0.5,buy,5146.46,BTC-5APR19-4375-C,120.87,0.1505,0.5,0,1554311489575,17217080,430
2019-04-03 17:29:14.673,0.4,buy,5129.7,BTC-5APR19-4375-C,0.0,0.1465,0.4,2,1554312554673,17219900,431
2019-04-03 17:33:22.561,0.5,sell,5118.91,BTC-5APR19-4375-C,0.0,0.1425,0.5,2,1554312802561,17220067,432
2019-04-03 17:45:49.078,0.4,buy,5129.5,BTC-5APR19-4375-C,0.0,0.146,0.4,0,1554313549078,17220479,433
2019-04-03 20:09:40.954,0.2,buy,5167.75,BTC-5APR19-4375-C,0.0,0.15,0.2,0,1554322180954,17228174,434
2019-04-03 20:23:57.476,0.1,sell,5314.62,BTC-5APR19-4375-C,151.03,0.1775,0.1,0,1554323037476,17233480,435
2019-04-03 21:03:47.692,0.4,buy,5323.38,BTC-5APR19-4375-C,198.27,0.18100000000000002,0.4,0,1554325427692,17238861,436
2019-04-03 21:03:47.996,0.1,sell,5323.38,BTC-5APR19-4375-C,218.31,0.1825,0.1,0,1554325427996,17238875,437
2019-04-03 21:19:23.006,0.4,sell,5291.51,BTC-5APR19-4375-C,132.69,0.1735,0.4,2,1554326363006,17240665,438
2019-04-03 21:19:23.230,0.1,sell,5291.43,BTC-5APR19-4375-C,133.4,0.1735,0.1,3,1554326363230,17240667,439
2019-04-03 21:59:43.256,0.5,buy,5181.89,BTC-5APR19-4375-C,120.42,0.156,0.5,2,1554328783256,17245555,440
2019-04-03 22:48:10.005,1.0,buy,5122.36,BTC-5APR19-4375-C,216.13,0.153,1.0,2,1554331690005,17254954,441
2019-04-03 23:06:59.625,6.0,buy,4827.85,BTC-5APR19-4375-C,127.74,0.0975,6.0,2,1554332819625,17263629,442
2019-04-03 23:07:27.535,6.0,buy,4821.32,BTC-5APR19-4375-C,156.58,0.1,6.0,0,1554332847535,17264252,443
2019-04-04 04:17:13.737,1.0,buy,4994.48,BTC-5APR19-4375-C,0.0,0.12,1.0,0,1554351433737,17291398,444
2019-04-04 18:07:27.612,0.1,sell,4860.05,BTC-5APR19-4375-C,206.29,0.1035,0.1,2,1554401247612,17320250,445
2019-04-04 18:22:49.964,0.1,buy,4856.0,BTC-5APR19-4375-C,0.0,0.099,0.1,2,1554402169964,17323066,446
2019-04-04 18:25:32.674,1.1,sell,4882.56,BTC-5APR19-4375-C,0.0,0.102,1.1,0,1554402332674,17323479,447
2019-04-04 18:26:37.038,0.1,buy,4876.39,BTC-5APR19-4375-C,213.51,0.1065,0.1,0,1554402397038,17323580,448
2019-04-04 18:39:07.978,0.1,buy,4876.55,BTC-5APR19-4375-C,119.6,0.103,0.1,2,1554403147978,17324370,449
2019-04-04 19:18:58.849,0.5,sell,4878.4,BTC-5APR19-4375-C,0.0,0.103,0.5,3,1554405538849,17326322,450
2019-04-04 20:16:51.160,0.1,buy,4825.19,BTC-5APR19-4375-C,0.0,0.0925,0.1,2,1554409011160,17331708,451
2019-04-04 20:30:45.021,0.1,buy,4839.82,BTC-5APR19-4375-C,0.0,0.0955,0.1,0,1554409845021,17332677,452
2019-04-04 21:21:35.400,0.1,buy,4912.45,BTC-5APR19-4375-C,0.0,0.1085,0.1,0,1554412895400,17336270,453
2019-04-04 21:45:24.466,0.1,buy,4924.64,BTC-5APR19-4375-C,0.0,0.1105,0.1,0,1554414324466,17337792,454
