date_utc,amount,direction,indexPrice,instrument,iv,price,quantity,tickDirection,timeStamp,tradeId,tradeSeq
2019-04-02 14:57:00.302,2.0,buy,4746.16,BTC-26APR19-6000-C,69.28,0.0085,2.0,1,1554217020302,17119408,1
2019-04-02 16:57:44.386,0.4,sell,4737.38,BTC-26APR19-6000-C,64.04,0.006,0.4,2,1554224264386,17123167,2
2019-04-02 18:27:57.003,0.4,sell,4732.56,BTC-26APR19-6000-C,65.56,0.0065,0.4,0,1554229677003,17126521,3
2019-04-02 20:01:30.252,0.9,buy,4747.73,BTC-26APR19-6000-C,69.52,0.0085,0.9,0,1554235290252,17128638,4
2019-04-02 20:11:22.506,2.0,buy,4793.42,BTC-26APR19-6000-C,68.54,0.009000000000000001,2.0,0,1554235882506,17129427,5
2019-04-02 20:17:43.434,2.1,buy,4806.95,BTC-26APR19-6000-C,68.94,0.0095,2.1,0,1554236263434,17130744,6
2019-04-03 00:46:38.113,0.5,sell,4935.26,BTC-26APR19-6000-C,67.05,0.0115,0.5,0,1554252398113,17161372,7
2019-04-03 01:08:11.875,1.0,sell,4945.19,BTC-26APR19-6000-C,66.61,0.0115,1.0,1,1554253691875,17163604,8
2019-04-03 01:12:58.598,2.0,sell,4933.58,BTC-26APR19-6000-C,66.27,0.011,2.0,2,1554253978598,17163927,9
2019-04-03 01:17:34.562,2.0,sell,4941.15,BTC-26APR19-6000-C,66.81,0.0115,2.0,0,1554254254562,17164459,10
2019-04-03 01:19:59.483,2.0,buy,4953.04,BTC-26APR19-6000-C,67.97,0.0125,2.0,0,1554254399483,17164988,11
2019-04-03 02:05:42.138,1.0,sell,4981.39,BTC-26APR19-6000-C,69.93,0.0145,1.0,0,1554257142138,17166783,12
2019-04-03 05:23:12.064,0.1,sell,4959.0,BTC-26APR19-6000-C,72.02,0.015,0.1,0,1554268992064,17188075,13
2019-04-03 05:32:02.871,0.1,buy,4950.75,BTC-26APR19-6000-C,74.0,0.016,0.1,1,1554269522871,17188364,15
2019-04-03 05:32:02.871,0.1,buy,4950.75,BTC-26APR19-6000-C,74.0,0.016,0.1,0,1554269522871,17188363,14
2019-04-03 07:24:49.063,0.4,sell,4968.76,BTC-26APR19-6000-C,73.23,0.016,0.4,1,1554276289063,17190445,16
2019-04-03 07:48:18.773,0.4,sell,4968.8,BTC-26APR19-6000-C,73.26,0.016,0.4,1,1554277698773,17190866,17
2019-04-03 08:16:14.347,0.2,sell,4941.83,BTC-26APR19-6000-C,74.62,0.016,0.2,1,1554279374347,17191799,18
2019-04-03 12:15:44.429,0.4,sell,5007.15,BTC-26APR19-6000-C,72.41,0.0165,0.4,0,1554293744429,17197106,19
2019-04-03 13:12:08.258,0.1,buy,5021.29,BTC-26APR19-6000-C,73.99,0.018000000000000002,0.1,0,1554297128258,17200310,20
2019-04-03 13:46:43.794,0.4,buy,5040.02,BTC-26APR19-6000-C,77.35,0.021,0.4,0,1554299203794,17201616,21
2019-04-03 14:01:54.780,0.4,sell,5037.45,BTC-26APR19-6000-C,75.39,0.0195,0.4,2,1554300114780,17202081,22
2019-04-03 14:06:05.084,0.1,sell,5018.39,BTC-26APR19-6000-C,74.93,0.0185,0.1,2,1554300365084,17202598,23
2019-04-03 14:20:23.209,0.2,buy,5027.28,BTC-26APR19-6000-C,76.65,0.02,0.2,0,1554301223209,17202780,24
2019-04-03 16:08:04.281,1.0,buy,5068.98,BTC-26APR19-6000-C,74.61,0.02,1.0,1,1554307684281,17206409,25
2019-04-03 16:33:03.906,100.0,sell,5089.11,BTC-26APR19-6000-C,75.66,0.0215,100.0,0,1554309183906,17212700,26
2019-04-03 16:50:38.960,1.0,buy,5123.83,BTC-26APR19-6000-C,73.85,0.0215,1.0,1,1554310238960,17214369,27
2019-04-03 18:21:28.301,4.0,sell,5139.86,BTC-26APR19-6000-C,78.36,0.0255,4.0,0,1554315688301,17221978,28
2019-04-03 18:43:37.218,0.1,buy,5174.25,BTC-26APR19-6000-C,77.15,0.026,0.1,0,1554317017218,17223223,29
2019-04-03 19:22:49.797,3.0,buy,5162.41,BTC-26APR19-6000-C,77.21,0.0255,3.0,2,1554319369797,17225991,30
2019-04-03 20:14:40.429,0.1,buy,5193.26,BTC-26APR19-6000-C,77.47,0.027000000000000003,0.1,0,1554322480429,17228940,31
2019-04-03 21:02:25.248,5.2,buy,5323.21,BTC-26APR19-6000-C,77.39,0.033,5.2,0,1554325345248,17238527,32
2019-04-03 21:02:47.995,4.8,buy,5325.8,BTC-26APR19-6000-C,77.24,0.033,4.8,1,1554325367995,17238566,33
2019-04-03 22:08:46.695,0.2,sell,5225.72,BTC-26APR19-6000-C,76.43,0.0275,0.2,2,1554329326695,17246886,34
2019-04-03 22:44:03.794,3.0,buy,5064.91,BTC-26APR19-6000-C,74.57,0.0195,3.0,2,1554331443794,17251888,35
2019-04-03 22:44:47.314,0.2,sell,5030.19,BTC-26APR19-6000-C,75.65,0.019,0.2,2,1554331487314,17252683,36
2019-04-03 22:44:47.314,0.8,sell,5030.19,BTC-26APR19-6000-C,75.65,0.019,0.8,3,1554331487314,17252684,37
2019-04-03 23:00:35.477,1.0,sell,5091.31,BTC-26APR19-6000-C,84.57,0.028,1.0,0,1554332435477,17258404,38
2019-04-03 23:06:46.700,0.3,sell,4846.62,BTC-26APR19-6000-C,84.37,0.0185,0.3,2,1554332806700,17263355,39
2019-04-03 23:17:43.242,0.3,sell,4846.12,BTC-26APR19-6000-C,83.64,0.018000000000000002,0.3,2,1554333463242,17269392,40
2019-04-04 00:35:55.916,1.0,sell,5003.23,BTC-26APR19-6000-C,79.35,0.0205,1.0,0,1554338155916,17281482,41
2019-04-04 01:32:36.860,19.3,sell,5050.12,BTC-26APR19-6000-C,77.66,0.021,19.3,0,1554341556860,17283668,42
2019-04-04 01:32:36.860,0.7000000000000001,sell,5050.12,BTC-26APR19-6000-C,77.66,0.021,0.7000000000000001,1,1554341556860,17283669,43
2019-04-04 07:37:12.689,0.1,sell,5018.19,BTC-26APR19-6000-C,78.37,0.02,0.1,2,1554363432689,17295435,44
2019-04-04 14:09:02.945,0.4,sell,5017.69,BTC-26APR19-6000-C,75.17,0.0175,0.4,2,1554386942945,17309080,45
2019-04-04 15:33:52.769,1.2,sell,4976.52,BTC-26APR19-6000-C,73.46,0.015,1.2,2,1554392032769,17312362,46
2019-04-05 06:58:09.623,2.0,sell,4939.58,BTC-26APR19-6000-C,75.63,0.0145,2.0,2,1554447489623,17352480,47
2019-04-05 08:14:39.200,0.4,sell,4954.68,BTC-26APR19-6000-C,81.39,0.0185,0.4,0,1554452079200,17355367,48
2019-04-05 08:33:13.861,0.4,buy,4965.0,BTC-26APR19-6000-C,79.31,0.0175,0.4,2,1554453193861,17355852,49
2019-04-05 14:43:11.313,0.1,sell,4997.31,BTC-26APR19-6000-C,71.56,0.0135,0.1,2,1554475391313,17368524,50
2019-04-05 18:14:39.043,0.1,sell,5041.25,BTC-26APR19-6000-C,71.24,0.0145,0.1,0,1554488079043,17377349,51
2019-04-05 19:27:01.279,3.5,sell,5019.25,BTC-26APR19-6000-C,72.47,0.0145,3.5,1,1554492421279,17379880,52
2019-04-06 00:18:03.730,2.0,sell,5015.85,BTC-26APR19-6000-C,70.44,0.013000000000000001,2.0,2,1554509883730,17386711,53
2019-04-06 12:00:43.086,1.0,sell,5000.03,BTC-26APR19-6000-C,73.0,0.0135,1.0,0,1554552043086,17393036,54
2019-04-06 15:04:58.813,0.1,buy,5048.37,BTC-26APR19-6000-C,70.72,0.0135,0.1,1,1554563098813,17398075,55
2019-04-06 16:02:21.340,0.5,sell,5143.95,BTC-26APR19-6000-C,64.09,0.0125,0.5,2,1554566541340,17403758,56
2019-04-06 16:16:14.530,0.7000000000000001,buy,5132.3,BTC-26APR19-6000-C,65.56,0.013000000000000001,0.7000000000000001,0,1554567374530,17405085,57
2019-04-06 16:39:37.684,3.0,buy,5212.36,BTC-26APR19-6000-C,69.18,0.018000000000000002,3.0,0,1554568777684,17408220,58
2019-04-06 17:58:28.191,0.5,sell,5140.53,BTC-26APR19-6000-C,66.93,0.014,0.5,2,1554573508191,17415844,59
2019-04-06 22:19:40.308,5.0,buy,5039.95,BTC-26APR19-6000-C,74.27,0.015,5.0,0,1554589180308,17439679,60
2019-04-07 10:21:46.758,0.6,buy,5144.63,BTC-26APR19-6000-C,72.78,0.017,0.6,0,1554632506758,17463618,61
2019-04-08 01:11:07.736,0.1,buy,5305.36,BTC-26APR19-6000-C,69.26,0.02,0.1,0,1554685867736,17500856,62
2019-04-08 02:40:47.839,1.0,buy,5322.76,BTC-26APR19-6000-C,71.19,0.022,1.0,0,1554691247839,17507863,63
2019-04-08 03:49:05.886,2.0,sell,5235.19,BTC-26APR19-6000-C,75.09,0.021,2.0,2,1554695345886,17510935,64
2019-04-08 08:57:23.240,0.1,buy,5233.05,BTC-26APR19-6000-C,74.92,0.0205,0.1,2,1554713843240,17521723,65
