date_utc,amount,direction,indexPrice,instrument,iv,price,quantity,tickDirection,timeStamp,tradeId,tradeSeq
2019-03-27 17:31:41.071,1.0,buy,4010.39,BTC-27DEC19-10000-C,65.86,0.0195,1.0,1,1553707901071,16867156,1
2019-03-27 17:31:46.758,1.0,buy,4010.44,BTC-27DEC19-10000-C,65.86,0.0195,1.0,1,1553707906758,16867157,2
2019-03-27 20:53:24.765,1.0,buy,4007.5,BTC-27DEC19-10000-C,65.8,0.0195,1.0,1,1553720004765,16869251,3
2019-03-27 20:53:34.219,1.0,buy,4007.46,BTC-27DEC19-10000-C,65.8,0.0195,1.0,1,1553720014219,16869266,4
2019-03-28 01:59:35.605,0.1,buy,4015.19,BTC-27DEC19-10000-C,66.79,0.021,0.1,0,1553738375605,16908862,5
2019-03-28 10:40:15.236,0.4,sell,4005.22,BTC-27DEC19-10000-C,63.97,0.017,0.4,2,1553769615236,16923789,6
2019-03-28 15:45:11.293,0.5,sell,4015.63,BTC-27DEC19-10000-C,67.46,0.022000000000000002,0.5,0,1553787911293,16926299,7
2019-03-28 15:48:57.974,0.5,sell,4016.32,BTC-27DEC19-10000-C,67.46,0.022000000000000002,0.5,1,1553788137974,16926308,8
2019-03-28 23:21:36.007,1.0,sell,4009.3,BTC-27DEC19-10000-C,66.3,0.02,1.0,2,1553815296007,16928934,9
2019-03-29 00:38:15.187,0.5,sell,4023.77,BTC-27DEC19-10000-C,65.07,0.0185,0.5,2,1553819895187,16929937,10
2019-03-29 02:05:55.899,4.0,sell,4016.86,BTC-27DEC19-10000-C,65.2,0.0185,4.0,3,1553825155899,16931771,11
2019-03-29 19:47:24.899,1.9,buy,4087.93,BTC-27DEC19-10000-C,66.57,0.022000000000000002,1.9,1,1553888844899,16961214,13
2019-03-29 19:47:24.899,0.1,buy,4087.93,BTC-27DEC19-10000-C,66.57,0.022000000000000002,0.1,0,1553888844899,16961213,12
2019-03-29 20:28:25.194,5.0,sell,4074.91,BTC-27DEC19-10000-C,67.36,0.023,5.0,0,1553891305194,16961761,14
2019-03-30 00:29:44.527,4.0,buy,4111.75,BTC-27DEC19-10000-C,67.68,0.024,4.0,0,1553905784527,16964559,15
2019-03-30 01:16:09.205,2.5,buy,4118.98,BTC-27DEC19-10000-C,67.57,0.024,2.5,1,1553908569205,16966589,17
2019-03-30 01:16:09.205,0.5,buy,4118.98,BTC-27DEC19-10000-C,67.57,0.024,0.5,1,1553908569205,16966588,16
2019-03-30 15:42:59.576,0.1,buy,4071.81,BTC-27DEC19-10000-C,67.46,0.023,0.1,2,1553960579576,16980375,18
2019-03-30 16:24:40.543,4.0,buy,4072.39,BTC-27DEC19-10000-C,67.11,0.0225,4.0,2,1553963080543,16981241,19
2019-03-30 20:06:51.569,3.0,sell,4078.21,BTC-27DEC19-10000-C,67.1,0.0225,3.0,3,1553976411569,16982902,20
2019-03-31 07:47:36.805,0.5,buy,4079.04,BTC-27DEC19-10000-C,67.56,0.023,0.5,0,1554018456805,16987305,21
2019-03-31 13:46:40.752,2.0,sell,4094.64,BTC-27DEC19-10000-C,67.96,0.024,2.0,0,1554040000752,16989390,22
2019-03-31 16:50:28.387,0.1,buy,4089.43,BTC-27DEC19-10000-C,67.1,0.0225,0.1,2,1554051028387,16990185,23
2019-03-31 17:53:00.911,1.0,sell,4087.73,BTC-27DEC19-10000-C,65.81,0.0205,1.0,2,1554054780911,16990523,24
2019-03-31 19:38:31.057,6.9,buy,4094.9,BTC-27DEC19-10000-C,65.81,0.0205,6.9,3,1554061111057,16991489,25
2019-03-31 19:38:31.057,0.5,buy,4094.9,BTC-27DEC19-10000-C,65.81,0.0205,0.5,3,1554061111057,16991490,26
2019-03-31 22:16:33.836,0.1,sell,4088.64,BTC-27DEC19-10000-C,65.56,0.02,0.1,2,1554070593836,16992055,27
2019-04-01 00:40:30.876,0.1,buy,4099.64,BTC-27DEC19-10000-C,67.08,0.0225,0.1,0,1554079230876,16995793,28
2019-04-01 08:20:03.556,1.0,sell,4115.68,BTC-27DEC19-10000-C,66.29,0.0215,1.0,2,1554106803556,17002718,29
2019-04-01 11:18:48.659,3.5,sell,4115.2,BTC-27DEC19-10000-C,64.29,0.0185,3.5,2,1554117528659,17003971,32
2019-04-01 11:18:48.659,2.0,sell,4115.2,BTC-27DEC19-10000-C,65.35,0.02,2.0,2,1554117528659,17003969,30
2019-04-01 11:18:48.659,1.0,sell,4115.2,BTC-27DEC19-10000-C,64.64,0.019,1.0,2,1554117528659,17003970,31
2019-04-02 05:00:26.462,0.1,buy,4681.2,BTC-27DEC19-10000-C,65.24,0.032,0.1,0,1554181226462,17045278,33
2019-04-02 05:18:13.935,0.1,buy,4871.75,BTC-27DEC19-10000-C,64.64,0.0355,0.1,0,1554182293935,17054990,34
2019-04-02 05:18:25.594,0.1,buy,4895.05,BTC-27DEC19-10000-C,66.94,0.040999999999999995,0.1,0,1554182305594,17055335,35
2019-04-02 05:54:44.760,0.1,buy,4786.86,BTC-27DEC19-10000-C,66.81,0.038,0.1,2,1554184484760,17074502,36
2019-04-02 05:59:19.884,4.0,sell,4730.7,BTC-27DEC19-10000-C,59.52,0.023,4.0,2,1554184759884,17075754,37
2019-04-02 06:30:01.355,0.1,sell,4712.33,BTC-27DEC19-10000-C,66.77,0.036000000000000004,0.1,0,1554186601355,17084493,38
2019-04-02 18:37:51.211,0.1,buy,4733.51,BTC-27DEC19-10000-C,66.03,0.035,0.1,2,1554230271211,17126614,39
2019-04-02 18:38:00.294,0.1,buy,4733.51,BTC-27DEC19-10000-C,66.03,0.035,0.1,3,1554230280294,17126615,40
2019-04-02 19:16:50.228,1.0,buy,4735.73,BTC-27DEC19-10000-C,66.0,0.035,1.0,3,1554232610228,17127178,41
2019-04-02 23:22:06.420,0.2,buy,4898.21,BTC-27DEC19-10000-C,66.89,0.0405,0.2,0,1554247326420,17146705,42
2019-04-02 23:22:31.099,0.1,sell,4902.29,BTC-27DEC19-10000-C,66.82,0.0405,0.1,1,1554247351099,17146858,43
2019-04-03 18:50:42.804,2.0,buy,5173.1,BTC-27DEC19-10000-C,68.81,0.0525,2.0,0,1554317442804,17224080,44
2019-04-03 20:57:27.209,3.0,buy,5284.81,BTC-27DEC19-10000-C,70.28,0.0595,3.0,0,1554325047209,17237851,45
2019-04-03 22:14:11.518,0.1,buy,5251.63,BTC-27DEC19-10000-C,68.98,0.0555,0.1,2,1554329651518,17247327,46
2019-04-04 10:06:14.265,0.3,buy,5009.73,BTC-27DEC19-10000-C,71.74,0.0545,0.3,2,1554372374265,17300227,47
2019-04-04 19:11:55.309,0.1,buy,4853.96,BTC-27DEC19-10000-C,70.15,0.047,0.1,2,1554405115309,17326009,48
2019-04-04 21:21:30.005,0.1,buy,4908.43,BTC-27DEC19-10000-C,69.81,0.0475,0.1,0,1554412890005,17336134,49
2019-04-05 15:01:25.789,10.0,buy,4989.87,BTC-27DEC19-10000-C,70.53,0.051,10.0,0,1554476485789,17369334,50
2019-04-05 17:09:02.560,0.1,buy,5019.74,BTC-27DEC19-10000-C,70.62,0.052000000000000005,0.1,0,1554484142560,17374619,51
2019-04-05 17:11:18.456,0.1,buy,5018.83,BTC-27DEC19-10000-C,70.63,0.052000000000000005,0.1,1,1554484278456,17374705,52
2019-04-05 17:11:34.181,0.1,buy,5015.76,BTC-27DEC19-10000-C,70.67,0.052000000000000005,0.1,1,1554484294181,17374714,53
2019-04-05 19:40:19.745,1.0,sell,5012.85,BTC-27DEC19-10000-C,70.39,0.051,1.0,2,1554493219745,17379972,54
2019-04-07 07:40:12.403,0.5,sell,5142.34,BTC-27DEC19-10000-C,72.11,0.06,0.5,0,1554622812403,17459750,55
2019-04-08 14:12:32.403,0.1,buy,5201.34,BTC-27DEC19-10000-C,68.91,0.0535,0.1,2,1554732752403,17532305,56
2019-04-08 14:57:35.076,0.1,buy,5241.65,BTC-27DEC19-10000-C,68.65,0.054000000000000006,0.1,0,1554735455076,17533542,57
2019-04-09 10:03:39.099,2.0,sell,5194.18,BTC-27DEC19-10000-C,67.54,0.05,2.0,2,1554804219099,17568291,58
2019-04-09 12:36:37.034,0.4,buy,5206.72,BTC-27DEC19-10000-C,67.74,0.0505,0.4,0,1554813397034,17572956,59
2019-04-09 15:29:35.448,0.1,buy,5226.62,BTC-27DEC19-10000-C,68.24,0.052000000000000005,0.1,0,1554823775448,17577500,60
2019-04-09 21:26:45.746,0.1,buy,5223.73,BTC-27DEC19-10000-C,68.22,0.0515,0.1,2,1554845205746,17582208,61
2019-04-10 09:53:27.346,0.5,buy,5249.39,BTC-27DEC19-10000-C,68.44,0.053,0.5,0,1554890007346,17596112,62
2019-04-10 12:12:15.009,0.5,buy,5254.92,BTC-27DEC19-10000-C,68.2,0.0525,0.5,2,1554898335009,17597793,63
2019-04-10 12:19:54.761,0.5,buy,5248.95,BTC-27DEC19-10000-C,68.25,0.0525,0.5,3,1554898794761,17597922,64
2019-04-10 12:45:35.776,0.5,buy,5284.62,BTC-27DEC19-10000-C,68.29,0.0535,0.5,0,1554900335776,17599229,65
2019-04-10 17:03:27.194,1.0,sell,5269.61,BTC-27DEC19-10000-C,65.66,0.0465,1.0,2,1554915807194,17605516,66
2019-04-10 17:40:29.770,0.1,buy,5287.84,BTC-27DEC19-10000-C,68.17,0.053,0.1,0,1554918029770,17606020,67
2019-04-10 18:45:49.297,0.1,sell,5412.17,BTC-27DEC19-10000-C,65.27,0.0495,0.1,2,1554921949297,17620494,68
2019-04-10 22:43:40.881,8.1,buy,5278.08,BTC-27DEC19-10000-C,70.98,0.0595,8.1,0,1554936220881,17649421,69
2019-04-11 17:55:03.664,9.9,sell,5050.65,BTC-27DEC19-10000-C,70.39,0.05,9.9,2,1555005303664,17709673,70
2019-04-12 00:41:19.215,0.1,buy,5043.08,BTC-27DEC19-10000-C,73.3,0.0565,0.1,0,1555029679215,17723301,71
2019-04-12 02:10:04.175,1.0,sell,4969.16,BTC-27DEC19-10000-C,68.79,0.044,1.0,2,1555035004175,17733554,72
2019-04-12 04:09:41.273,0.1,buy,5019.75,BTC-27DEC19-10000-C,71.83,0.0525,0.1,0,1555042181273,17736783,73
2019-04-12 05:44:43.856,10.0,sell,5005.75,BTC-27DEC19-10000-C,67.34,0.042,10.0,2,1555047883856,17738281,74
2019-04-12 05:44:43.856,11.0,sell,5005.75,BTC-27DEC19-10000-C,67.34,0.042,11.0,3,1555047883856,17738282,75
