date_utc,amount,direction,indexPrice,instrument,iv,price,quantity,tickDirection,timeStamp,tradeId,tradeSeq
2019-03-27 17:31:41.071,1.0,buy,4010.39,BTC-27DEC19-10000-C,65.86,0.0195,1.0,1,1553707901071,16867156,1
2019-03-27 17:31:46.758,1.0,buy,4010.44,BTC-27DEC19-10000-C,65.86,0.0195,1.0,1,1553707906758,16867157,2
2019-03-27 20:53:24.765,1.0,buy,4007.5,BTC-27DEC19-10000-C,65.8,0.0195,1.0,1,1553720004765,16869251,3
2019-03-27 20:53:34.219,1.0,buy,4007.46,BTC-27DEC19-10000-C,65.8,0.0195,1.0,1,1553720014219,16869266,4
2019-03-28 01:59:35.605,0.1,buy,4015.19,BTC-27DEC19-10000-C,66.79,0.021,0.1,0,1553738375605,16908862,5
2019-03-28 10:40:15.236,0.4,sell,4005.22,BTC-27DEC19-10000-C,63.97,0.017,0.4,2,1553769615236,16923789,6
2019-03-28 15:45:11.293,0.5,sell,4015.63,BTC-27DEC19-10000-C,67.46,0.022000000000000002,0.5,0,1553787911293,16926299,7
2019-03-28 15:48:57.974,0.5,sell,4016.32,BTC-27DEC19-10000-C,67.46,0.022000000000000002,0.5,1,1553788137974,16926308,8
2019-03-28 23:21:36.007,1.0,sell,4009.3,BTC-27DEC19-10000-C,66.3,0.02,1.0,2,1553815296007,16928934,9
2019-03-29 00:38:15.187,0.5,sell,4023.77,BTC-27DEC19-10000-C,65.07,0.0185,0.5,2,1553819895187,16929937,10
2019-03-29 02:05:55.899,4.0,sell,4016.86,BTC-27DEC19-10000-C,65.2,0.0185,4.0,3,1553825155899,16931771,11
2019-03-29 19:47:24.899,0.1,buy,4087.93,BTC-27DEC19-10000-C,66.57,0.022000000000000002,0.1,0,1553888844899,16961213,12
2019-03-29 19:47:24.899,1.9,buy,4087.93,BTC-27DEC19-10000-C,66.57,0.022000000000000002,1.9,1,1553888844899,16961214,13
2019-03-29 20:28:25.194,5.0,sell,4074.91,BTC-27DEC19-10000-C,67.36,0.023,5.0,0,1553891305194,16961761,14
2019-03-30 00:29:44.527,4.0,buy,4111.75,BTC-27DEC19-10000-C,67.68,0.024,4.0,0,1553905784527,16964559,15
2019-03-30 01:16:09.205,2.5,buy,4118.98,BTC-27DEC19-10000-C,67.57,0.024,2.5,1,1553908569205,16966589,17
2019-03-30 01:16:09.205,0.5,buy,4118.98,BTC-27DEC19-10000-C,67.57,0.024,0.5,1,1553908569205,16966588,16
2019-03-30 15:42:59.576,0.1,buy,4071.81,BTC-27DEC19-10000-C,67.46,0.023,0.1,2,1553960579576,16980375,18
2019-03-30 16:24:40.543,4.0,buy,4072.39,BTC-27DEC19-10000-C,67.11,0.0225,4.0,2,1553963080543,16981241,19
2019-03-30 20:06:51.569,3.0,sell,4078.21,BTC-27DEC19-10000-C,67.1,0.0225,3.0,3,1553976411569,16982902,20
2019-03-31 07:47:36.805,0.5,buy,4079.04,BTC-27DEC19-10000-C,67.56,0.023,0.5,0,1554018456805,16987305,21
2019-03-31 13:46:40.752,2.0,sell,4094.64,BTC-27DEC19-10000-C,67.96,0.024,2.0,0,1554040000752,16989390,22
2019-03-31 16:50:28.387,0.1,buy,4089.43,BTC-27DEC19-10000-C,67.1,0.0225,0.1,2,1554051028387,16990185,23
2019-03-31 17:53:00.911,1.0,sell,4087.73,BTC-27DEC19-10000-C,65.81,0.0205,1.0,2,1554054780911,16990523,24
2019-03-31 19:38:31.057,6.9,buy,4094.9,BTC-27DEC19-10000-C,65.81,0.0205,6.9,3,1554061111057,16991489,25
2019-03-31 19:38:31.057,0.5,buy,4094.9,BTC-27DEC19-10000-C,65.81,0.0205,0.5,3,1554061111057,16991490,26
2019-03-31 22:16:33.836,0.1,sell,4088.64,BTC-27DEC19-10000-C,65.56,0.02,0.1,2,1554070593836,16992055,27
2019-04-01 00:40:30.876,0.1,buy,4099.64,BTC-27DEC19-10000-C,67.08,0.0225,0.1,0,1554079230876,16995793,28
2019-04-01 08:20:03.556,1.0,sell,4115.68,BTC-27DEC19-10000-C,66.29,0.0215,1.0,2,1554106803556,17002718,29
2019-04-01 11:18:48.659,1.0,sell,4115.2,BTC-27DEC19-10000-C,64.64,0.019,1.0,2,1554117528659,17003970,31
2019-04-01 11:18:48.659,2.0,sell,4115.2,BTC-27DEC19-10000-C,65.35,0.02,2.0,2,1554117528659,17003969,30
2019-04-01 11:18:48.659,3.5,sell,4115.2,BTC-27DEC19-10000-C,64.29,0.0185,3.5,2,1554117528659,17003971,32
2019-04-02 05:00:26.462,0.1,buy,4681.2,BTC-27DEC19-10000-C,65.24,0.032,0.1,0,1554181226462,17045278,33
2019-04-02 05:18:13.935,0.1,buy,4871.75,BTC-27DEC19-10000-C,64.64,0.0355,0.1,0,1554182293935,17054990,34
2019-04-02 05:18:25.594,0.1,buy,4895.05,BTC-27DEC19-10000-C,66.94,0.040999999999999995,0.1,0,1554182305594,17055335,35
2019-04-02 05:54:44.760,0.1,buy,4786.86,BTC-27DEC19-10000-C,66.81,0.038,0.1,2,1554184484760,17074502,36
2019-04-02 05:59:19.884,4.0,sell,4730.7,BTC-27DEC19-10000-C,59.52,0.023,4.0,2,1554184759884,17075754,37
2019-04-02 06:30:01.355,0.1,sell,4712.33,BTC-27DEC19-10000-C,66.77,0.036000000000000004,0.1,0,1554186601355,17084493,38
2019-04-02 18:37:51.211,0.1,buy,4733.51,BTC-27DEC19-10000-C,66.03,0.035,0.1,2,1554230271211,17126614,39
2019-04-02 18:38:00.294,0.1,buy,4733.51,BTC-27DEC19-10000-C,66.03,0.035,0.1,3,1554230280294,17126615,40
2019-04-02 19:16:50.228,1.0,buy,4735.73,BTC-27DEC19-10000-C,66.0,0.035,1.0,3,1554232610228,17127178,41
2019-04-02 23:22:06.420,0.2,buy,4898.21,BTC-27DEC19-10000-C,66.89,0.0405,0.2,0,1554247326420,17146705,42
2019-04-02 23:22:31.099,0.1,sell,4902.29,BTC-27DEC19-10000-C,66.82,0.0405,0.1,1,1554247351099,17146858,43
2019-04-03 18:50:42.804,2.0,buy,5173.1,BTC-27DEC19-10000-C,68.81,0.0525,2.0,0,1554317442804,17224080,44
2019-04-03 20:57:27.209,3.0,buy,5284.81,BTC-27DEC19-10000-C,70.28,0.0595,3.0,0,1554325047209,17237851,45
2019-04-03 22:14:11.518,0.1,buy,5251.63,BTC-27DEC19-10000-C,68.98,0.0555,0.1,2,1554329651518,17247327,46
2019-04-04 10:06:14.265,0.3,buy,5009.73,BTC-27DEC19-10000-C,71.74,0.0545,0.3,2,1554372374265,17300227,47
2019-04-04 19:11:55.309,0.1,buy,4853.96,BTC-27DEC19-10000-C,70.15,0.047,0.1,2,1554405115309,17326009,48
2019-04-04 21:21:30.005,0.1,buy,4908.43,BTC-27DEC19-10000-C,69.81,0.0475,0.1,0,1554412890005,17336134,49
2019-04-05 15:01:25.789,10.0,buy,4989.87,BTC-27DEC19-10000-C,70.53,0.051,10.0,0,1554476485789,17369334,50
2019-04-05 17:09:02.560,0.1,buy,5019.74,BTC-27DEC19-10000-C,70.62,0.052000000000000005,0.1,0,1554484142560,17374619,51
2019-04-05 17:11:18.456,0.1,buy,5018.83,BTC-27DEC19-10000-C,70.63,0.052000000000000005,0.1,1,1554484278456,17374705,52
2019-04-05 17:11:34.181,0.1,buy,5015.76,BTC-27DEC19-10000-C,70.67,0.052000000000000005,0.1,1,1554484294181,17374714,53
2019-04-05 19:40:19.745,1.0,sell,5012.85,BTC-27DEC19-10000-C,70.39,0.051,1.0,2,1554493219745,17379972,54
2019-04-07 07:40:12.403,0.5,sell,5142.34,BTC-27DEC19-10000-C,72.11,0.06,0.5,0,1554622812403,17459750,55
2019-04-08 14:12:32.403,0.1,buy,5201.34,BTC-27DEC19-10000-C,68.91,0.0535,0.1,2,1554732752403,17532305,56
2019-04-08 14:57:35.076,0.1,buy,5241.65,BTC-27DEC19-10000-C,68.65,0.054000000000000006,0.1,0,1554735455076,17533542,57
2019-04-09 10:03:39.099,2.0,sell,5194.18,BTC-27DEC19-10000-C,67.54,0.05,2.0,2,1554804219099,17568291,58
2019-04-09 12:36:37.034,0.4,buy,5206.72,BTC-27DEC19-10000-C,67.74,0.0505,0.4,0,1554813397034,17572956,59
2019-04-09 15:29:35.448,0.1,buy,5226.62,BTC-27DEC19-10000-C,68.24,0.052000000000000005,0.1,0,1554823775448,17577500,60
2019-04-09 21:26:45.746,0.1,buy,5223.73,BTC-27DEC19-10000-C,68.22,0.0515,0.1,2,1554845205746,17582208,61
2019-04-10 09:53:27.346,0.5,buy,5249.39,BTC-27DEC19-10000-C,68.44,0.053,0.5,0,1554890007346,17596112,62
2019-04-10 12:12:15.009,0.5,buy,5254.92,BTC-27DEC19-10000-C,68.2,0.0525,0.5,2,1554898335009,17597793,63
2019-04-10 12:19:54.761,0.5,buy,5248.95,BTC-27DEC19-10000-C,68.25,0.0525,0.5,3,1554898794761,17597922,64
2019-04-10 12:45:35.776,0.5,buy,5284.62,BTC-27DEC19-10000-C,68.29,0.0535,0.5,0,1554900335776,17599229,65
2019-04-10 17:03:27.194,1.0,sell,5269.61,BTC-27DEC19-10000-C,65.66,0.0465,1.0,2,1554915807194,17605516,66
2019-04-10 17:40:29.770,0.1,buy,5287.84,BTC-27DEC19-10000-C,68.17,0.053,0.1,0,1554918029770,17606020,67
2019-04-10 18:45:49.297,0.1,sell,5412.17,BTC-27DEC19-10000-C,65.27,0.0495,0.1,2,1554921949297,17620494,68
2019-04-10 22:43:40.881,8.1,buy,5278.08,BTC-27DEC19-10000-C,70.98,0.0595,8.1,0,1554936220881,17649421,69
2019-04-11 17:55:03.664,9.9,sell,5050.65,BTC-27DEC19-10000-C,70.39,0.05,9.9,2,1555005303664,17709673,70
2019-04-12 00:41:19.215,0.1,buy,5043.08,BTC-27DEC19-10000-C,73.3,0.0565,0.1,0,1555029679215,17723301,71
2019-04-12 02:10:04.175,1.0,sell,4969.16,BTC-27DEC19-10000-C,68.79,0.044,1.0,2,1555035004175,17733554,72
2019-04-12 04:09:41.273,0.1,buy,5019.75,BTC-27DEC19-10000-C,71.83,0.0525,0.1,0,1555042181273,17736783,73
2019-04-12 05:44:43.856,11.0,sell,5005.75,BTC-27DEC19-10000-C,67.34,0.042,11.0,3,1555047883856,17738282,75
2019-04-12 05:44:43.856,10.0,sell,5005.75,BTC-27DEC19-10000-C,67.34,0.042,10.0,2,1555047883856,17738281,74
2019-04-12 14:10:47.181,0.1,buy,5062.63,BTC-27DEC19-10000-C,67.85,0.0445,0.1,0,1555078247181,17749951,76
2019-04-12 14:21:20.038,0.1,buy,5070.62,BTC-27DEC19-10000-C,67.78,0.0445,0.1,1,1555078880038,17750103,77
2019-04-12 15:52:17.705,1.5,buy,5072.77,BTC-27DEC19-10000-C,67.3,0.0435,1.5,2,1555084337705,17751667,78
2019-04-12 16:12:56.479,2.0,buy,5078.47,BTC-27DEC19-10000-C,67.22,0.0435,2.0,3,1555085576479,17751937,79
2019-04-12 18:00:55.851,0.1,buy,5068.51,BTC-27DEC19-10000-C,72.18,0.0545,0.1,0,1555092055851,17756694,80
2019-04-15 04:38:08.794,0.1,sell,5169.4,BTC-27DEC19-10000-C,66.11,0.042,0.1,2,1555303088794,17813114,81
2019-04-15 08:29:01.354,0.1,buy,5153.98,BTC-27DEC19-10000-C,66.31,0.042,0.1,3,1555316941354,17815937,82
2019-04-15 17:39:54.313,5.0,buy,5042.75,BTC-27DEC19-10000-C,66.76,0.04,5.0,2,1555349994313,17829771,83
2019-04-15 20:09:35.453,0.1,buy,4986.85,BTC-27DEC19-10000-C,67.35,0.0405,0.1,0,1555358975453,17840831,84
2019-04-15 22:25:27.748,0.1,buy,5033.74,BTC-27DEC19-10000-C,69.49,0.0465,0.1,0,1555367127748,17847115,85
2019-04-16 10:37:34.392,0.1,buy,5069.83,BTC-27DEC19-10000-C,68.49,0.045,0.1,2,1555411054392,17855802,86
2019-04-17 19:53:02.893,1.0,sell,5223.24,BTC-27DEC19-10000-C,67.29,0.0465,1.0,0,1555530782893,17907031,87
2019-04-17 20:26:15.494,4.8,buy,5229.81,BTC-27DEC19-10000-C,67.62,0.0475,4.8,0,1555532775494,17907824,88
2019-04-17 22:19:52.552,0.1,buy,5230.01,BTC-27DEC19-10000-C,68.06,0.0485,0.1,0,1555539592552,17909380,89
2019-04-18 04:57:45.169,1.1,buy,5276.81,BTC-27DEC19-10000-C,67.22,0.0475,1.1,2,1555563465169,17917673,90
2019-04-18 14:28:48.142,9.6,buy,5240.4,BTC-27DEC19-10000-C,67.68,0.0475,9.6,3,1555597728142,17923780,91
2019-04-18 14:29:29.515,9.6,buy,5238.52,BTC-27DEC19-10000-C,67.91,0.048,9.6,0,1555597769515,17923796,92
2019-04-18 15:07:30.695,10.0,buy,5255.48,BTC-27DEC19-10000-C,67.48,0.0475,10.0,2,1555600050695,17924140,93
2019-04-18 16:12:02.729,10.0,buy,5246.31,BTC-27DEC19-10000-C,68.09,0.0485,10.0,1,1555603922729,17926849,96
2019-04-18 16:12:02.729,10.0,buy,5246.31,BTC-27DEC19-10000-C,68.09,0.0485,10.0,0,1555603922729,17926847,94
2019-04-18 16:12:02.729,9.6,buy,5246.31,BTC-27DEC19-10000-C,68.09,0.0485,9.6,1,1555603922729,17926848,95
2019-04-18 17:23:11.264,10.0,buy,5265.0,BTC-27DEC19-10000-C,68.24,0.0495,10.0,1,1555608191264,17928671,98
2019-04-18 17:23:11.264,9.6,buy,5265.0,BTC-27DEC19-10000-C,68.24,0.0495,9.6,0,1555608191264,17928670,97
2019-04-18 18:23:55.195,0.1,buy,5278.86,BTC-27DEC19-10000-C,68.35,0.05,0.1,0,1555611835195,17930797,99
2019-04-18 18:23:55.195,9.6,buy,5278.86,BTC-27DEC19-10000-C,68.35,0.05,9.6,1,1555611835195,17930798,100
2019-04-18 20:55:06.901,1.0,sell,5300.11,BTC-27DEC19-10000-C,68.15,0.05,1.0,1,1555620906901,17935320,101
2019-04-18 21:32:03.833,1.0,sell,5313.34,BTC-27DEC19-10000-C,68.04,0.05,1.0,1,1555623123833,17936142,102
2019-04-18 21:32:29.921,1.0,sell,5312.96,BTC-27DEC19-10000-C,68.04,0.05,1.0,1,1555623149921,17936145,103
2019-04-18 22:05:00.758,0.1,buy,5294.94,BTC-27DEC19-10000-C,68.68,0.051,0.1,0,1555625100758,17936628,104
2019-04-18 22:05:00.758,8.3,buy,5294.94,BTC-27DEC19-10000-C,68.68,0.051,8.3,1,1555625100758,17936629,105
2019-04-19 02:42:54.586,10.0,buy,5217.9,BTC-27DEC19-10000-C,68.32,0.048,10.0,2,1555641774586,17944222,106
2019-04-19 10:00:17.844,1.0,buy,5255.57,BTC-27DEC19-10000-C,68.26,0.049,1.0,0,1555668017844,17949275,107
2019-04-19 12:52:16.384,1.0,sell,5240.15,BTC-27DEC19-10000-C,66.73,0.045,1.0,2,1555678336384,17950709,108
2019-04-19 13:28:20.191,9.6,buy,5253.66,BTC-27DEC19-10000-C,68.36,0.049,9.6,0,1555680500191,17951024,109
2019-04-19 14:14:11.667,0.1,buy,5247.94,BTC-27DEC19-10000-C,68.64,0.0495,0.1,0,1555683251667,17951375,110
2019-04-20 07:27:48.023,0.2,buy,5328.02,BTC-27DEC19-10000-C,68.89,0.052000000000000005,0.2,0,1555745268023,17977812,111
2019-04-21 21:40:22.953,0.1,buy,5282.45,BTC-27DEC19-10000-C,69.01,0.0505,0.1,2,1555882822953,18024144,112
2019-04-22 02:42:32.969,0.1,buy,5274.96,BTC-27DEC19-10000-C,68.98,0.05,0.1,2,1555900952969,18029824,113
2019-04-22 16:40:52.272,9.6,buy,5309.26,BTC-27DEC19-10000-C,68.95,0.051,9.6,0,1555951252272,18051785,114
2019-04-22 16:42:15.393,9.6,sell,5305.73,BTC-27DEC19-10000-C,68.99,0.051,9.6,1,1555951335393,18051805,115
2019-04-22 17:28:16.308,0.5,sell,5316.72,BTC-27DEC19-10000-C,68.86,0.051,0.5,1,1555954096308,18052369,116
2019-04-22 17:28:57.772,0.2,sell,5318.15,BTC-27DEC19-10000-C,67.98,0.049,0.2,2,1555954137772,18052376,118
2019-04-22 17:28:57.772,0.3,sell,5318.15,BTC-27DEC19-10000-C,68.84,0.051,0.3,1,1555954137772,18052375,117
2019-04-22 18:52:42.039,0.1,buy,5407.4,BTC-27DEC19-10000-C,69.0,0.054000000000000006,0.1,0,1555959162039,18060624,119
2019-04-23 09:35:36.757,0.3,sell,5533.49,BTC-27DEC19-10000-C,67.98,0.055,0.3,0,1556012136757,18104460,120
2019-04-23 09:35:36.757,0.1,sell,5533.49,BTC-27DEC19-10000-C,67.98,0.055,0.1,1,1556012136757,18104461,121
2019-04-23 13:30:55.164,0.1,buy,5582.61,BTC-27DEC19-10000-C,68.7,0.058,0.1,0,1556026255164,18110224,122
2019-04-23 19:28:08.007,7.0,sell,5584.05,BTC-27DEC19-10000-C,68.75,0.058,7.0,1,1556047688007,18121590,123
2019-04-24 01:45:48.416,0.1,buy,5550.48,BTC-27DEC19-10000-C,69.07,0.0575,0.1,2,1556070348416,18139542,124
2019-04-24 07:48:14.682,1.5,sell,5490.9,BTC-27DEC19-10000-C,68.87,0.055,1.5,2,1556092094682,18152238,125
2019-04-24 07:48:32.468,1.0,buy,5473.86,BTC-27DEC19-10000-C,69.14,0.055,1.0,3,1556092112468,18152782,126
2019-04-24 16:49:51.752,0.1,buy,5442.26,BTC-27DEC19-10000-C,69.21,0.054000000000000006,0.1,2,1556124591752,18184028,127
2019-04-24 19:13:10.960,0.1,buy,5423.29,BTC-27DEC19-10000-C,69.03,0.053,0.1,2,1556133190960,18195290,128
2019-04-24 21:19:30.612,2.8000000000000003,sell,5429.63,BTC-27DEC19-10000-C,69.0,0.053,2.8000000000000003,3,1556140770612,18198243,129
2019-04-24 22:05:58.742,0.1,sell,5436.98,BTC-27DEC19-10000-C,68.85,0.053,0.1,3,1556143558742,18198910,131
2019-04-24 22:05:58.742,10.7,sell,5436.98,BTC-27DEC19-10000-C,68.85,0.053,10.7,3,1556143558742,18198909,130
2019-04-25 09:48:53.373,2.0,buy,5420.3,BTC-27DEC19-10000-C,69.43,0.0535,2.0,0,1556185733373,18215073,132
2019-04-25 14:07:55.707,0.1,sell,5450.07,BTC-27DEC19-10000-C,68.92,0.053,0.1,2,1556201275707,18221944,133
2019-04-25 22:01:27.137,5.0,sell,5346.13,BTC-27DEC19-10000-C,69.43,0.051,5.0,2,1556229687137,18239464,134
2019-04-25 22:12:34.184,2.0,sell,4989.3,BTC-27DEC19-10000-C,71.21,0.045,2.0,2,1556230354184,18258179,135
2019-04-26 01:12:54.035,0.1,buy,5142.16,BTC-27DEC19-10000-C,71.22,0.049,0.1,0,1556241174035,18293166,136
2019-04-26 02:34:30.754,0.1,buy,5200.25,BTC-27DEC19-10000-C,71.13,0.0505,0.1,0,1556246070754,18298816,137
2019-04-26 02:36:40.611,0.9,buy,5197.96,BTC-27DEC19-10000-C,70.94,0.05,0.9,2,1556246200611,18299113,138
2019-04-26 02:36:40.614,5.6000000000000005,sell,5197.96,BTC-27DEC19-10000-C,70.94,0.05,5.6000000000000005,3,1556246200614,18299114,139
2019-04-26 02:39:52.088,3.0,sell,5275.96,BTC-27DEC19-10000-C,69.88,0.05,3.0,3,1556246392088,18301094,140
2019-04-26 02:39:59.338,3.1,sell,5264.2,BTC-27DEC19-10000-C,70.04,0.05,3.1,3,1556246399338,18301193,141
2019-04-26 02:39:59.928,3.1,sell,5261.5,BTC-27DEC19-10000-C,70.07,0.05,3.1,3,1556246399928,18301217,142
2019-04-26 02:40:01.189,3.3000000000000003,sell,5261.51,BTC-27DEC19-10000-C,70.07,0.05,3.3000000000000003,3,1556246401189,18301318,143
2019-04-26 02:40:01.685,3.4,sell,5259.98,BTC-27DEC19-10000-C,70.1,0.05,3.4,3,1556246401685,18301355,144
2019-04-26 02:40:01.719,3.4,sell,5259.98,BTC-27DEC19-10000-C,70.1,0.05,3.4,3,1556246401719,18301358,145
2019-04-26 02:40:02.138,3.4,sell,5259.98,BTC-27DEC19-10000-C,70.1,0.05,3.4,3,1556246402138,18301376,146
2019-04-26 02:40:03.966,3.5,sell,5252.12,BTC-27DEC19-10000-C,70.2,0.05,3.5,3,1556246403966,18301424,147
2019-04-26 02:40:04.418,3.5,sell,5252.12,BTC-27DEC19-10000-C,70.2,0.05,3.5,3,1556246404418,18301435,148
2019-04-26 02:40:05.196,0.1,sell,5251.33,BTC-27DEC19-10000-C,70.21,0.05,0.1,3,1556246405196,18301445,150
2019-04-26 02:40:05.196,2.4,sell,5251.33,BTC-27DEC19-10000-C,70.21,0.05,2.4,3,1556246405196,18301444,149
2019-04-26 07:08:14.175,0.1,sell,5165.3,BTC-27DEC19-10000-C,68.73,0.0445,0.1,3,1556262494175,18317236,152
2019-04-26 07:08:14.175,5.5,sell,5165.3,BTC-27DEC19-10000-C,68.73,0.0445,5.5,3,1556262494175,18317237,153
2019-04-26 07:08:14.175,14.4,sell,5165.3,BTC-27DEC19-10000-C,68.73,0.0445,14.4,2,1556262494175,18317235,151
2019-04-26 11:07:45.965,0.1,buy,5133.59,BTC-27DEC19-10000-C,71.51,0.0495,0.1,0,1556276865965,18324637,154
2019-04-26 13:34:46.543,10.0,sell,5166.24,BTC-27DEC19-10000-C,70.05,0.047,10.0,2,1556285686543,18329748,155
2019-04-26 13:37:49.389,10.0,sell,5169.77,BTC-27DEC19-10000-C,69.97,0.047,10.0,3,1556285869389,18329834,156
2019-04-26 13:38:25.112,0.5,sell,5170.1,BTC-27DEC19-10000-C,69.98,0.047,0.5,3,1556285905112,18329838,157
2019-04-26 13:38:25.112,0.1,sell,5170.1,BTC-27DEC19-10000-C,69.98,0.047,0.1,3,1556285905112,18329839,158
2019-04-26 16:15:55.004,0.1,buy,5108.34,BTC-27DEC19-10000-C,70.47,0.0465,0.1,2,1556295355004,18336773,159
2019-04-26 16:27:30.903,10.0,sell,5074.97,BTC-27DEC19-10000-C,68.85,0.042,10.0,2,1556296050903,18338621,160
2019-04-27 17:11:32.007,12.0,sell,5162.8,BTC-27DEC19-10000-C,69.6,0.0455,12.0,0,1556385092007,18367402,161
2019-04-27 21:35:22.909,3.5,sell,5208.67,BTC-27DEC19-10000-C,69.19,0.0455,3.5,1,1556400922909,18373386,162
2019-04-27 21:35:22.909,0.1,sell,5208.67,BTC-27DEC19-10000-C,69.19,0.0455,0.1,1,1556400922909,18373387,163
2019-04-28 06:52:56.680,0.1,buy,5170.91,BTC-27DEC19-10000-C,69.99,0.046,0.1,0,1556434376680,18380833,164
2019-04-28 22:24:41.202,5.0,sell,5129.33,BTC-27DEC19-10000-C,70.18,0.045,5.0,2,1556490281202,18403308,165
2019-04-28 22:25:12.827,10.0,sell,5129.74,BTC-27DEC19-10000-C,69.71,0.044,10.0,2,1556490312827,18403318,166
2019-04-28 22:55:54.087,1.0,sell,5155.95,BTC-27DEC19-10000-C,69.14,0.0435,1.0,2,1556492154087,18403979,167
2019-04-29 07:32:36.730,1.0,sell,5177.0,BTC-27DEC19-10000-C,68.25,0.042,1.0,2,1556523156730,18409945,168
2019-04-29 13:00:11.257,10.0,buy,5128.24,BTC-27DEC19-10000-C,70.07,0.0445,10.0,0,1556542811257,18420709,169
2019-04-29 13:23:04.083,0.1,buy,5135.64,BTC-27DEC19-10000-C,69.78,0.044,0.1,2,1556544184083,18424951,170
2019-04-29 15:15:52.048,0.2,buy,5149.91,BTC-27DEC19-10000-C,69.65,0.044,0.2,3,1556550952048,18428807,171
2019-04-29 21:15:39.612,0.1,buy,5132.58,BTC-27DEC19-10000-C,70.32,0.045,0.1,0,1556572539612,18437494,172
2019-04-29 22:35:48.171,12.0,buy,5122.95,BTC-27DEC19-10000-C,70.68,0.0455,12.0,0,1556577348171,18440894,173
2019-04-30 02:00:00.196,0.1,buy,5158.88,BTC-27DEC19-10000-C,71.16,0.0475,0.1,0,1556589600196,18446395,174
2019-04-30 09:08:54.755,0.1,sell,5154.2,BTC-27DEC19-10000-C,69.08,0.0425,0.1,2,1556615334755,18452510,175
2019-04-30 09:13:58.270,0.1,sell,5149.15,BTC-27DEC19-10000-C,69.13,0.0425,0.1,3,1556615638270,18452614,176
2019-04-30 21:16:21.730,0.8,sell,5241.13,BTC-27DEC19-10000-C,68.72,0.044,0.8,0,1556658981730,18483806,177
2019-04-30 21:16:21.730,0.1,sell,5241.13,BTC-27DEC19-10000-C,68.72,0.044,0.1,1,1556658981730,18483807,178
2019-05-01 02:23:01.964,0.1,buy,5327.3,BTC-27DEC19-10000-C,68.31,0.045,0.1,0,1556677381964,18495157,179
2019-05-03 02:02:21.840,10.0,buy,5427.12,BTC-27DEC19-10000-C,69.6,0.0495,10.0,0,1556848941840,18584035,180
2019-05-03 04:55:33.549,11.0,buy,5489.37,BTC-27DEC19-10000-C,69.68,0.052000000000000005,11.0,0,1556859333549,18597289,181
2019-05-03 06:32:46.438,2.0,sell,5539.91,BTC-27DEC19-10000-C,67.71,0.049,2.0,2,1556865166438,18604284,182
2019-05-03 17:22:26.964,1.4,sell,5637.98,BTC-27DEC19-10000-C,68.78,0.0555,1.4,0,1556904146964,18698455,183
2019-05-04 00:35:36.741,1.0,buy,5748.34,BTC-27DEC19-10000-C,68.03,0.057,1.0,0,1556930136741,18727020,184
2019-05-04 04:16:54.198,8.0,buy,5696.42,BTC-27DEC19-10000-C,68.72,0.057,8.0,1,1556943414198,18747605,185
2019-05-04 13:10:31.682,0.1,buy,5715.79,BTC-27DEC19-10000-C,68.59,0.057,0.1,1,1556975431682,18763812,186
2019-05-04 14:06:30.036,2.0,buy,5572.74,BTC-27DEC19-10000-C,69.45,0.055,2.0,2,1556978790036,18777678,187
2019-05-04 14:07:23.958,1.0,buy,5568.96,BTC-27DEC19-10000-C,69.48,0.055,1.0,3,1556978843958,18777830,188
2019-05-05 06:17:09.629,1.0,sell,5736.03,BTC-27DEC19-10000-C,66.99,0.0535,1.0,2,1557037029629,18855872,189
2019-05-05 06:17:09.629,3.9,sell,5736.03,BTC-27DEC19-10000-C,66.99,0.0535,3.9,3,1557037029629,18855874,191
2019-05-05 06:17:09.629,0.1,sell,5736.03,BTC-27DEC19-10000-C,66.99,0.0535,0.1,3,1557037029629,18855873,190
2019-05-05 06:17:48.499,5.0,sell,5735.63,BTC-27DEC19-10000-C,66.33,0.052000000000000005,5.0,2,1557037068499,18855883,192
2019-05-05 06:30:42.217,9.6,buy,5733.99,BTC-27DEC19-10000-C,68.84,0.058,9.6,0,1557037842217,18856319,193
2019-05-05 06:30:42.217,0.4,buy,5733.99,BTC-27DEC19-10000-C,68.84,0.058,0.4,1,1557037842217,18856320,194
2019-05-05 13:52:45.465,1.0,buy,5721.2,BTC-27DEC19-10000-C,68.99,0.058,1.0,1,1557064365465,18875002,195
2019-05-05 22:41:20.163,3.0,sell,5729.3,BTC-27DEC19-10000-C,67.3,0.054000000000000006,3.0,2,1557096080163,18905716,198
2019-05-05 22:41:20.163,5.0,sell,5729.3,BTC-27DEC19-10000-C,67.51,0.0545,5.0,2,1557096080163,18905714,196
2019-05-05 22:41:20.163,0.1,sell,5729.3,BTC-27DEC19-10000-C,67.51,0.0545,0.1,3,1557096080163,18905715,197
2019-05-06 04:42:13.338,1.0,buy,5636.88,BTC-27DEC19-10000-C,69.79,0.057,1.0,0,1557117733338,18931645,199
2019-05-06 13:32:11.053,10.0,buy,5634.94,BTC-27DEC19-10000-C,69.88,0.057,10.0,1,1557149531053,18951979,200
2019-05-06 13:32:11.053,14.4,buy,5634.94,BTC-27DEC19-10000-C,70.09,0.0575,14.4,0,1557149531053,18951980,201
2019-05-06 14:20:15.555,0.1,buy,5658.62,BTC-27DEC19-10000-C,70.15,0.0585,0.1,0,1557152415555,18953320,202
2019-05-06 14:49:40.322,0.1,buy,5657.11,BTC-27DEC19-10000-C,70.14,0.0585,0.1,1,1557154180322,18954976,203
2019-05-07 16:35:46.293,1.0,sell,5888.15,BTC-27DEC19-10000-C,69.61,0.064,1.0,0,1557246946293,19066830,204
2019-05-07 16:42:09.585,1.0,buy,5884.83,BTC-27DEC19-10000-C,69.6,0.064,1.0,1,1557247329585,19067166,205
2019-05-07 16:58:55.210,3.0,buy,5889.12,BTC-27DEC19-10000-C,69.57,0.064,3.0,1,1557248335210,19067553,206
2019-05-08 00:01:36.830,3.0,sell,5676.49,BTC-27DEC19-10000-C,71.92,0.062,3.0,2,1557273696830,19104066,207
2019-05-08 01:53:19.503,1.1,sell,5801.04,BTC-27DEC19-10000-C,69.66,0.06,1.1,2,1557280399503,19124721,208
2019-05-08 04:30:36.845,2.0,buy,5813.76,BTC-27DEC19-10000-C,71.86,0.066,2.0,0,1557289836845,19129788,209
2019-05-09 02:37:57.540,10.0,sell,6054.79,BTC-27DEC19-10000-C,68.84,0.065,10.0,2,1557369477540,19216487,210
2019-05-09 06:47:17.858,10.0,buy,6062.05,BTC-27DEC19-10000-C,70.74,0.07,10.0,0,1557384437858,19225433,211
2019-05-09 06:55:26.470,5.0,buy,6072.42,BTC-27DEC19-10000-C,71.02,0.071,5.0,1,1557384926470,19225683,213
2019-05-09 06:55:26.470,4.9,buy,6072.42,BTC-27DEC19-10000-C,71.02,0.071,4.9,0,1557384926470,19225682,212
2019-05-09 14:02:34.357,10.0,buy,5998.03,BTC-27DEC19-10000-C,71.67,0.07,10.0,2,1557410554357,19249016,214
2019-05-09 16:02:30.034,2.0,buy,6002.23,BTC-27DEC19-10000-C,71.84,0.0705,2.0,0,1557417750034,19252370,215
2019-05-09 17:41:50.171,1.0,sell,6053.46,BTC-27DEC19-10000-C,69.23,0.0655,1.0,2,1557423710171,19256120,216
2019-05-09 21:58:18.604,5.1000000000000005,sell,6107.59,BTC-27DEC19-10000-C,69.67,0.068,5.1000000000000005,0,1557439098604,19271189,217
2019-05-09 22:43:04.331,1.2,buy,6146.05,BTC-27DEC19-10000-C,69.93,0.07,1.2,0,1557441784331,19274252,218
2019-05-10 02:07:41.170,2.8000000000000003,buy,6178.03,BTC-27DEC19-10000-C,69.71,0.07,2.8000000000000003,1,1557454061170,19289511,219
2019-05-10 02:33:48.498,4.9,buy,6206.62,BTC-27DEC19-10000-C,70.8,0.07400000000000001,4.9,0,1557455628498,19295688,220
2019-05-10 02:34:49.745,2.3000000000000003,buy,6215.64,BTC-27DEC19-10000-C,71.08,0.075,2.3000000000000003,0,1557455689745,19295771,221
2019-05-10 12:54:26.263,6.4,buy,6287.13,BTC-27DEC19-10000-C,71.26,0.077,6.4,0,1557492866263,19356704,222
2019-05-10 13:02:03.411,6.4,buy,6274.84,BTC-27DEC19-10000-C,71.38,0.077,6.4,1,1557493323411,19357020,223
2019-05-10 13:40:31.414,1.0,sell,6289.06,BTC-27DEC19-10000-C,70.99,0.0765,1.0,2,1557495631414,19358137,224
2019-05-10 13:53:47.627,0.1,sell,6274.91,BTC-27DEC19-10000-C,71.48,0.0775,0.1,0,1557496427627,19358555,225
2019-05-10 14:01:26.140,4.8,sell,6262.89,BTC-27DEC19-10000-C,69.92,0.073,4.8,3,1557496886140,19359386,227
2019-05-10 14:01:26.140,0.2,sell,6262.89,BTC-27DEC19-10000-C,69.92,0.073,0.2,2,1557496886140,19359385,226
2019-05-10 16:12:33.114,6.4,buy,6345.48,BTC-27DEC19-10000-C,70.91,0.0785,6.4,0,1557504753114,19370363,228
2019-05-10 21:46:35.014,1.0,buy,6332.82,BTC-27DEC19-10000-C,71.63,0.0795,1.0,0,1557524795014,19410971,229
2019-05-11 03:29:14.251,1.0,buy,6539.04,BTC-27DEC19-10000-C,72.74,0.0905,1.0,0,1557545354251,19438155,230
2019-05-11 05:38:42.138,10.0,sell,6697.33,BTC-27DEC19-10000-C,68.88,0.085,10.0,3,1557553122138,19470340,232
2019-05-11 05:38:42.138,1.0,sell,6697.33,BTC-27DEC19-10000-C,68.88,0.085,1.0,2,1557553122138,19470339,231
2019-05-11 05:46:42.342,4.0,sell,6737.32,BTC-27DEC19-10000-C,67.88,0.0835,4.0,2,1557553602342,19472533,233
2019-05-11 05:54:44.927,0.4,buy,6727.07,BTC-27DEC19-10000-C,67.29,0.0815,0.4,2,1557554084927,19475007,234
2019-05-11 05:56:47.317,0.1,sell,6721.36,BTC-27DEC19-10000-C,69.66,0.08800000000000001,0.1,0,1557554207317,19475348,235
2019-05-11 05:58:51.343,1.3,sell,6710.02,BTC-27DEC19-10000-C,66.12,0.0775,1.3,2,1557554331343,19475806,236
2019-05-11 06:00:41.610,4.0,sell,6725.55,BTC-27DEC19-10000-C,65.65,0.0765,4.0,2,1557554441610,19476072,237
2019-05-11 06:02:02.447,0.8,buy,6733.44,BTC-27DEC19-10000-C,66.76,0.08,0.8,0,1557554522447,19476289,238
2019-05-11 06:08:13.166,4.0,buy,6790.06,BTC-27DEC19-10000-C,68.58,0.087,4.0,0,1557554893166,19478402,239
2019-05-11 06:09:03.584,0.4,buy,6817.89,BTC-27DEC19-10000-C,69.38,0.091,0.4,0,1557554943584,19481023,240
2019-05-11 06:09:03.679,3.6,buy,6817.89,BTC-27DEC19-10000-C,69.38,0.091,3.6,1,1557554943679,19481027,241
2019-05-11 06:09:07.478,4.0,buy,6814.48,BTC-27DEC19-10000-C,70.14,0.093,4.0,0,1557554947478,19481120,242
2019-05-11 06:28:58.856,0.1,buy,6954.72,BTC-27DEC19-10000-C,71.28,0.1,0.1,0,1557556138856,19497972,243
2019-05-11 11:01:41.449,0.9,buy,6833.22,BTC-27DEC19-10000-C,72.3,0.1,0.9,1,1557572501449,19554322,244
2019-05-11 15:43:56.839,0.2,buy,6862.08,BTC-27DEC19-10000-C,72.57,0.103,0.2,0,1557589436839,19583705,245
2019-05-11 22:15:11.628,0.5,sell,7117.92,BTC-27DEC19-10000-C,71.04,0.1095,0.5,0,1557612911628,19660783,246
2019-05-11 22:43:04.915,1.0,buy,7252.19,BTC-27DEC19-10000-C,74.9,0.1275,1.0,0,1557614584915,19682171,247
2019-05-11 23:04:05.290,1.0,buy,7289.67,BTC-27DEC19-10000-C,78.26,0.138,1.0,0,1557615845290,19691800,248
2019-05-12 03:34:13.044,0.1,sell,7185.8,BTC-27DEC19-10000-C,77.39,0.13,0.1,2,1557632053044,19798268,249
2019-05-12 06:39:48.334,0.1,buy,7395.42,BTC-27DEC19-10000-C,83.93,0.1575,0.1,0,1557643188334,19825007,250
2019-05-12 11:39:26.967,0.2,sell,6983.43,BTC-27DEC19-10000-C,83.22,0.14,0.2,2,1557661166967,19943961,251
2019-05-12 13:40:14.936,0.1,buy,7183.23,BTC-27DEC19-10000-C,82.35,0.1445,0.1,0,1557668414936,19975249,252
2019-05-12 14:43:42.858,0.5,sell,7053.87,BTC-27DEC19-10000-C,79.12,0.13,0.5,2,1557672222858,19988659,253
2019-05-13 16:25:44.510,0.2,sell,7850.07,BTC-27DEC19-10000-C,81.69,0.17,0.2,0,1557764744510,20260002,254
2019-05-13 16:26:49.238,0.1,sell,7865.51,BTC-27DEC19-10000-C,81.51,0.17,0.1,1,1557764809238,20260118,255
2019-05-13 16:30:52.287,0.1,sell,7873.8,BTC-27DEC19-10000-C,81.43,0.17,0.1,1,1557765052287,20261419,256
2019-05-13 16:38:06.661,0.1,sell,7883.5,BTC-27DEC19-10000-C,81.28,0.17,0.1,1,1557765486661,20263315,257
2019-05-13 16:51:39.933,0.1,sell,7871.87,BTC-27DEC19-10000-C,81.4,0.17,0.1,1,1557766299933,20267728,258
2019-05-13 17:01:28.153,0.2,buy,7896.1,BTC-27DEC19-10000-C,86.33,0.1865,0.2,0,1557766888153,20271522,259
2019-05-13 17:08:46.664,0.2,buy,7909.7,BTC-27DEC19-10000-C,86.93,0.189,0.2,0,1557767326664,20273691,260
2019-05-13 19:51:56.495,0.1,sell,7939.59,BTC-27DEC19-10000-C,78.85,0.165,0.1,2,1557777116495,20300452,261
2019-05-13 19:51:56.497,4.9,buy,7939.59,BTC-27DEC19-10000-C,78.85,0.165,4.9,3,1557777116497,20300453,262
2019-05-13 19:53:27.236,5.0,buy,7909.71,BTC-27DEC19-10000-C,80.82,0.17,5.0,0,1557777207236,20301019,263
2019-05-13 20:09:52.693,10.0,buy,7860.93,BTC-27DEC19-10000-C,81.47,0.17,10.0,1,1557778192693,20304741,264
2019-05-13 20:10:16.334,1.6,buy,7861.49,BTC-27DEC19-10000-C,84.81,0.1805,1.6,0,1557778216334,20304754,265
2019-05-13 20:11:30.046,10.0,buy,7852.31,BTC-27DEC19-10000-C,81.9,0.171,10.0,2,1557778290046,20304876,266
2019-05-14 00:02:05.861,2.0,sell,7812.77,BTC-27DEC19-10000-C,84.49,0.17800000000000002,2.0,0,1557792125861,20371189,267
2019-05-14 03:23:42.674,1.0,buy,7921.64,BTC-27DEC19-10000-C,94.87,0.21600000000000005,1.0,0,1557804222674,20408168,268
2019-05-14 03:34:05.941,0.1,buy,7966.04,BTC-27DEC19-10000-C,95.59,0.22,0.1,0,1557804845941,20409106,269
2019-05-14 03:47:21.486,0.2,sell,7970.83,BTC-27DEC19-10000-C,86.46,0.1915,0.2,2,1557805641486,20410208,270
2019-05-14 04:20:12.186,0.2,sell,7987.92,BTC-27DEC19-10000-C,86.51,0.1925,0.2,0,1557807612186,20414444,271
2019-05-14 14:47:30.805,4.0,sell,7994.13,BTC-27DEC19-10000-C,87.53,0.195,4.0,0,1557845250805,20534281,272
2019-05-14 15:17:02.086,0.2,buy,8073.63,BTC-27DEC19-10000-C,87.42,0.1975,0.2,0,1557847022086,20538682,273
2019-05-14 15:26:58.206,0.2,sell,8076.66,BTC-27DEC19-10000-C,87.09,0.1965,0.2,2,1557847618206,20539740,274
2019-05-14 15:32:33.882,0.1,sell,8054.98,BTC-27DEC19-10000-C,87.49,0.1965,0.1,3,1557847953882,20540109,275
2019-05-14 15:35:42.917,0.1,buy,8045.56,BTC-27DEC19-10000-C,87.92,0.1975,0.1,0,1557848142917,20540506,276
2019-05-14 16:11:57.639,2.0,sell,7864.82,BTC-27DEC19-10000-C,86.98,0.1875,2.0,2,1557850317639,20553607,277
2019-05-14 16:13:18.048,0.1,buy,7867.43,BTC-27DEC19-10000-C,90.21,0.1975,0.1,0,1557850398048,20554223,278
2019-05-14 17:52:24.245,0.3,sell,7974.98,BTC-27DEC19-10000-C,80.91,0.173,0.3,2,1557856344245,20569629,279
2019-05-15 00:13:33.774,0.5,buy,8111.62,BTC-27DEC19-10000-C,84.48,0.1895,0.5,0,1557879213774,20644747,280
2019-05-15 09:52:04.819,1.6,buy,8065.8,BTC-27DEC19-10000-C,87.56,0.1975,1.6,0,1557913924819,20690544,281
2019-05-15 15:32:06.008,1.0,sell,7995.7,BTC-27DEC19-10000-C,88.29,0.197,1.0,2,1557934326008,20730239,282
2019-05-15 18:53:31.570,10.0,buy,8184.94,BTC-27DEC19-10000-C,89.94,0.2095,10.0,0,1557946411570,20755115,283
2019-05-16 04:21:28.734,0.2,sell,8000.15,BTC-27DEC19-10000-C,89.06,0.2005,0.2,2,1557980488734,20845701,284
2019-05-17 03:00:41.170,0.1,sell,7310.06,BTC-27DEC19-10000-C,92.24,0.1855,0.1,2,1558062041170,21027124,285
2019-05-17 03:00:42.605,3.0,sell,7300.99,BTC-27DEC19-10000-C,92.1,0.185,3.0,2,1558062042605,21027227,286
2019-05-17 03:01:31.999,0.2,sell,7201.31,BTC-27DEC19-10000-C,91.94,0.1795,0.2,2,1558062091999,21029888,287
2019-05-17 03:09:09.020,1.0,sell,6868.61,BTC-27DEC19-10000-C,86.03,0.1525,1.0,2,1558062549020,21046282,288
2019-05-17 03:10:56.950,1.0,sell,6660.94,BTC-27DEC19-10000-C,86.69,0.146,1.0,2,1558062656950,21052084,289
2019-05-17 04:45:05.539,1.0,buy,7302.75,BTC-27DEC19-10000-C,97.87,0.1995,1.0,0,1558068305539,21102379,290
2019-05-17 15:17:44.677,10.0,buy,7154.58,BTC-27DEC19-10000-C,90.25,0.1715,10.0,2,1558106264677,21186228,291
2019-05-17 17:43:03.510,2.0,sell,7062.12,BTC-27DEC19-10000-C,94.49,0.1805,2.0,0,1558114983510,21208602,292
2019-05-19 07:44:25.074,4.8,sell,7970.81,BTC-27DEC19-10000-C,87.06,0.189,4.8,0,1558251865074,21382805,293
2019-05-19 22:39:16.215,0.1,buy,8182.49,BTC-27DEC19-10000-C,86.94,0.2,0.1,0,1558305556215,21462998,294
2019-05-20 13:19:37.514,2.0,sell,7672.84,BTC-27DEC19-10000-C,88.63,0.185,2.0,2,1558358377514,21585498,295
2019-05-20 16:37:39.566,5.0,buy,7853.96,BTC-27DEC19-10000-C,87.92,0.19,5.0,0,1558370259566,21602145,296
2019-05-21 03:19:52.382,0.1,buy,7917.43,BTC-27DEC19-10000-C,91.89,0.204,0.1,0,1558408792382,21665463,297
2019-05-21 03:20:18.436,0.1,buy,7915.94,BTC-27DEC19-10000-C,91.9,0.204,0.1,1,1558408818436,21665467,298
2019-05-21 10:13:28.487,1.0,buy,7954.01,BTC-27DEC19-10000-C,90.03,0.2,1.0,2,1558433608487,21682286,299
2019-05-25 05:42:07.799,2.0,buy,8000.59,BTC-27DEC19-10000-C,88.51,0.195,2.0,2,1558762927799,22037971,300
2019-05-25 13:20:38.344,0.3,sell,8077.63,BTC-27DEC19-10000-C,83.46,0.183,0.3,2,1558790438344,22056197,301
2019-05-25 14:56:15.098,0.2,sell,8068.04,BTC-27DEC19-10000-C,85.14,0.188,0.2,0,1558796175098,22059747,302
2019-05-25 15:16:17.429,0.2,sell,8077.12,BTC-27DEC19-10000-C,84.89,0.188,0.2,1,1558797377429,22061310,303
2019-05-26 08:42:18.516,1.0,sell,7998.85,BTC-27DEC19-10000-C,84.32,0.1825,1.0,2,1558860138516,22092517,304
2019-05-26 22:14:29.244,0.1,sell,8715.18,BTC-27DEC19-10000-C,88.58,0.23,0.1,0,1558908869244,22214576,305
2019-05-27 01:18:54.225,3.0,buy,8896.75,BTC-27DEC19-10000-C,88.06,0.2345,3.0,0,1558919934225,22257711,306
2019-05-27 01:23:38.640,1.0,sell,8856.89,BTC-27DEC19-10000-C,88.11,0.233,1.0,2,1558920218640,22258567,307
2019-05-27 04:33:46.365,1.0,sell,8704.73,BTC-27DEC19-10000-C,86.89,0.2245,1.0,2,1558931626365,22274165,308
2019-05-27 04:37:15.280,1.0,sell,8701.88,BTC-27DEC19-10000-C,86.97,0.2245,1.0,3,1558931835280,22274520,309
2019-05-28 07:23:59.545,2.0,sell,8714.11,BTC-27DEC19-10000-C,86.99,0.2265,2.0,0,1559028239545,22388474,310
2019-05-28 07:31:18.322,5.0,sell,8737.11,BTC-27DEC19-10000-C,86.09,0.2245,5.0,2,1559028678322,22389058,311
2019-05-28 07:31:21.656,5.0,sell,8736.17,BTC-27DEC19-10000-C,85.92,0.22399999999999998,5.0,2,1559028681656,22389063,312
2019-05-28 07:32:45.689,5.0,sell,8740.92,BTC-27DEC19-10000-C,85.71,0.2235,5.0,3,1559028765689,22389374,314
2019-05-28 07:32:45.689,2.0,sell,8740.92,BTC-27DEC19-10000-C,85.71,0.2235,2.0,2,1559028765689,22389373,313
2019-05-28 16:23:27.505,1.7,sell,8674.75,BTC-27DEC19-10000-C,84.95,0.218,1.7,2,1559060607505,22425205,315
2019-05-28 17:13:45.257,5.0,buy,8662.24,BTC-27DEC19-10000-C,87.0,0.2235,5.0,0,1559063625257,22428256,316
2019-05-28 17:13:50.059,5.0,buy,8661.19,BTC-27DEC19-10000-C,87.17,0.224,5.0,0,1559063630059,22428257,317
2019-05-28 17:13:53.759,5.0,buy,8661.55,BTC-27DEC19-10000-C,87.33,0.2245,5.0,0,1559063633759,22428258,318
2019-05-28 17:14:28.615,5.0,buy,8667.08,BTC-27DEC19-10000-C,87.44,0.225,5.0,0,1559063668615,22428295,319
2019-05-29 03:06:17.940,2.0,sell,8632.27,BTC-27DEC19-10000-C,87.02,0.2185,2.0,2,1559099177940,22461462,320
2019-05-29 14:25:34.835,0.1,buy,8717.0,BTC-27DEC19-10000-C,87.53,0.22,0.1,0,1559139934835,22518842,321
2019-05-29 15:00:31.519,0.3,sell,8707.04,BTC-27DEC19-10000-C,86.45,0.2165,0.3,2,1559142031519,22521240,322
2019-05-29 15:02:48.421,0.3,sell,8705.2,BTC-27DEC19-10000-C,85.99,0.215,0.3,2,1559142168421,22521347,323
2019-05-29 16:12:05.324,3.3000000000000003,sell,8654.51,BTC-27DEC19-10000-C,84.87,0.209,3.3000000000000003,2,1559146325324,22526361,324
2019-05-30 05:08:53.371,0.1,buy,8763.75,BTC-27DEC19-10000-C,82.9,0.21,0.1,0,1559192933371,22580046,325
2019-05-30 06:09:52.159,1.0,buy,8716.99,BTC-27DEC19-10000-C,85.73,0.2165,1.0,0,1559196592159,22584878,326
2019-05-30 07:29:57.780,13.0,sell,8720.98,BTC-27DEC19-10000-C,82.95,0.20800000000000002,13.0,2,1559201397780,22587648,327
2019-05-30 22:41:26.775,1.0,buy,8294.29,BTC-27DEC19-10000-C,86.14,0.196,1.0,2,1559256086775,22746152,328
2019-05-31 04:06:38.880,1.0,sell,8272.61,BTC-27DEC19-10000-C,86.15,0.1945,1.0,2,1559275598880,22767018,329
2019-05-31 05:43:03.891,13.0,buy,8213.24,BTC-27DEC19-10000-C,86.61,0.1935,13.0,2,1559281383891,22774904,330
2019-05-31 06:39:00.267,8.0,sell,8252.71,BTC-27DEC19-10000-C,84.33,0.188,8.0,2,1559284740267,22777128,331
2019-05-31 10:53:55.886,1.0,buy,8278.11,BTC-27DEC19-10000-C,85.8,0.19399999999999998,1.0,0,1559300035886,22790264,332
2019-05-31 20:45:31.717,0.5,buy,8468.9,BTC-27DEC19-10000-C,84.33,0.1995,0.5,0,1559335531717,22839252,333
2019-06-02 00:54:29.871,2.0,sell,8574.8,BTC-27DEC19-10000-C,81.79,0.1955,2.0,2,1559436869871,22907495,334
2019-06-02 00:54:29.871,2.0,sell,8574.8,BTC-27DEC19-10000-C,81.29,0.19399999999999998,2.0,2,1559436869871,22907496,335
2019-06-03 14:41:10.246,0.1,sell,8457.89,BTC-27DEC19-10000-C,82.43,0.19,0.1,2,1559572870246,23033999,336
2019-06-03 15:03:58.006,3.0,sell,8357.27,BTC-27DEC19-10000-C,81.07,0.1825,3.0,2,1559574238006,23043617,337
2019-06-04 01:03:55.077,10.0,buy,7960.57,BTC-27DEC19-10000-C,84.91,0.177,10.0,2,1559610235077,23147063,338
2019-06-04 02:17:39.529,0.1,buy,7983.72,BTC-27DEC19-10000-C,85.13,0.17800000000000002,0.1,0,1559614659529,23152779,339
2019-06-04 07:11:00.161,8.0,buy,7844.24,BTC-27DEC19-10000-C,85.23,0.172,8.0,2,1559632260161,23179585,340
2019-06-04 12:21:24.066,0.1,buy,7912.97,BTC-27DEC19-10000-C,85.5,0.1745,0.1,0,1559650884066,23204420,341
2019-06-04 19:11:00.724,0.5,sell,7536.11,BTC-27DEC19-10000-C,82.96,0.15,0.5,2,1559675460724,23274722,342
2019-06-04 19:11:11.781,10.0,sell,7513.5,BTC-27DEC19-10000-C,82.07,0.146,10.0,2,1559675471781,23275322,343
2019-06-04 20:07:36.313,1.0,buy,7598.73,BTC-27DEC19-10000-C,82.48,0.1515,1.0,0,1559678856313,23290500,344
2019-06-04 20:18:10.715,0.1,sell,7644.56,BTC-27DEC19-10000-C,83.0,0.155,0.1,0,1559679490715,23291630,345
2019-06-06 02:08:14.631,3.2,sell,7834.24,BTC-27DEC19-10000-C,79.93,0.154,3.2,2,1559786894631,23436372,346
2019-06-06 02:08:14.631,0.2,sell,7834.24,BTC-27DEC19-10000-C,79.93,0.154,0.2,3,1559786894631,23436373,347
2019-06-06 03:29:44.827,3.6,buy,7846.25,BTC-27DEC19-10000-C,79.07,0.1515,3.6,2,1559791784827,23438928,348
2019-06-06 03:29:44.827,6.0,buy,7846.25,BTC-27DEC19-10000-C,79.91,0.154,6.0,0,1559791784827,23438929,349
2019-06-06 23:46:05.356,1.0,sell,7780.68,BTC-27DEC19-10000-C,76.41,0.1385,1.0,2,1559864765356,23540353,350
2019-06-06 23:46:05.356,11.4,sell,7780.68,BTC-27DEC19-10000-C,75.73,0.1365,11.4,2,1559864765356,23540354,351
2019-06-07 01:05:18.812,25.0,sell,7789.67,BTC-27DEC19-10000-C,74.41,0.133,25.0,2,1559869518812,23546046,352
2019-06-09 22:26:47.779,4.0,sell,7556.13,BTC-27DEC19-10000-C,74.42,0.12,4.0,2,1560119207779,23763809,353
2019-06-10 01:08:35.673,2.0,buy,7630.53,BTC-27DEC19-10000-C,74.36,0.124,2.0,0,1560128915673,23789203,354
2019-06-10 05:22:31.172,0.1,sell,7626.92,BTC-27DEC19-10000-C,72.01,0.11699999999999999,0.1,2,1560144151172,23800642,355
2019-06-11 04:41:49.384,1.0,sell,7956.35,BTC-27DEC19-10000-C,72.03,0.1315,1.0,0,1560228109384,23893347,356
2019-06-11 13:34:24.728,3.0,sell,7799.47,BTC-27DEC19-10000-C,72.87,0.124,3.0,2,1560260064728,23927441,357
2019-06-12 00:01:52.180,1.0,sell,7922.48,BTC-27DEC19-10000-C,72.02,0.1265,1.0,0,1560297712180,23965763,358
2019-06-12 02:50:35.257,0.1,buy,8041.15,BTC-27DEC19-10000-C,74.27,0.1375,0.1,0,1560307835257,23974270,359
2019-06-12 04:05:23.859,1.0,buy,8005.95,BTC-27DEC19-10000-C,74.62,0.13699999999999998,1.0,2,1560312323859,23982133,360
2019-06-12 20:50:52.010,0.1,sell,8119.47,BTC-27DEC19-10000-C,74.77,0.14300000000000002,0.1,0,1560372652010,24041045,361
2019-06-13 19:00:53.588,0.1,sell,8285.39,BTC-27DEC19-10000-C,72.45,0.14300000000000002,0.1,1,1560452453588,24090358,362
2019-06-14 12:49:16.484,0.1,sell,8355.27,BTC-27DEC19-10000-C,73.84,0.1495,0.1,0,1560516556484,24133979,363
2019-06-14 22:14:12.848,1.0,sell,8653.78,BTC-27DEC19-10000-C,74.12,0.1615,1.0,0,1560550452848,24178449,364
2019-06-15 01:41:46.658,4.9,sell,8646.81,BTC-27DEC19-10000-C,73.5,0.16,4.9,2,1560562906658,24190636,365
2019-06-15 01:55:38.434,15.5,sell,8629.17,BTC-27DEC19-10000-C,73.6,0.1595,15.5,2,1560563738434,24190877,366
2019-06-15 03:03:04.367,1.0,sell,8664.57,BTC-27DEC19-10000-C,73.27,0.16,1.0,0,1560567784367,24192978,367
2019-06-15 23:17:24.296,1.0,buy,8865.39,BTC-27DEC19-10000-C,76.09,0.179,1.0,0,1560640644296,24253639,368
2019-06-16 02:39:38.474,1.0,buy,8987.82,BTC-27DEC19-10000-C,76.0,0.184,1.0,0,1560652778474,24273331,369
2019-06-16 08:46:38.503,0.7000000000000001,sell,9001.18,BTC-27DEC19-10000-C,76.82,0.1895,0.7000000000000001,0,1560674798503,24327028,370
2019-06-16 11:51:00.539,11.5,buy,9107.91,BTC-27DEC19-10000-C,79.25,0.201,11.5,0,1560685860539,24356365,371
2019-06-16 11:59:04.850,8.9,buy,9123.43,BTC-27DEC19-10000-C,79.55,0.203,8.9,0,1560686344850,24356935,372
2019-06-16 21:09:14.336,1.0,buy,8981.32,BTC-27DEC19-10000-C,80.98,0.203,1.0,1,1560719354336,24427866,373
2019-06-16 21:42:57.694,3.0,sell,9004.23,BTC-27DEC19-10000-C,79.32,0.199,3.0,2,1560721377694,24430232,374
2019-06-17 20:12:49.465,2.0,sell,9321.22,BTC-27DEC19-10000-C,80.67,0.2105,2.0,0,1560802369465,24554722,375
2019-06-17 23:38:38.777,1.0,sell,9345.27,BTC-27DEC19-10000-C,81.01,0.214,1.0,0,1560814718777,24597174,376
2019-06-18 08:10:18.794,1.0,sell,9116.27,BTC-27DEC19-10000-C,80.39,0.2025,1.0,2,1560845418794,24634747,377
2019-06-18 16:55:41.608,0.1,sell,8991.1,BTC-27DEC19-10000-C,77.7,0.19,0.1,2,1560876941608,24670005,378
2019-06-19 02:23:53.529,8.8,sell,9121.93,BTC-27DEC19-10000-C,79.15,0.199,8.8,0,1560911033529,24714759,379
2019-06-20 04:19:46.323,2.0,sell,9309.45,BTC-27DEC19-10000-C,79.67,0.2105,2.0,0,1561004386323,24787545,380
2019-06-20 06:02:57.447,1.0,sell,9295.85,BTC-27DEC19-10000-C,79.29,0.2085,1.0,2,1561010577447,24790602,381
2019-06-20 14:41:27.984,0.5,buy,9354.96,BTC-27DEC19-10000-C,80.89,0.2145,0.5,0,1561041687984,24815080,382
2019-06-20 14:41:57.889,0.3,sell,9354.53,BTC-27DEC19-10000-C,80.89,0.2145,0.3,1,1561041717889,24815097,383
