date_utc,amount,direction,indexPrice,instrument,iv,price,quantity,tickDirection,timeStamp,tradeId,tradeSeq
2019-06-07 08:31:58.301,2.0,buy,7992.33,BTC-14JUN19-8750-C,69.96,0.0095,2.0,1,1559896318301,23579500,1
2019-06-07 08:49:04.559,10.0,buy,7978.5,BTC-14JUN19-8750-C,69.49,0.009000000000000001,10.0,2,1559897344559,23580187,2
2019-06-07 09:42:22.048,10.0,buy,7961.34,BTC-14JUN19-8750-C,74.75,0.0105,10.0,0,1559900542048,23582400,3
2019-06-07 14:17:18.144,0.3,buy,7968.94,BTC-14JUN19-8750-C,73.99,0.01,0.3,2,1559917038144,23590091,4
2019-06-07 14:17:18.144,1.7,buy,7968.94,BTC-14JUN19-8750-C,73.99,0.01,1.7,3,1559917038144,23590092,5
2019-06-07 14:19:21.385,2.0,buy,7975.86,BTC-14JUN19-8750-C,73.57,0.01,2.0,3,1559917161385,23590147,6
2019-06-07 14:48:46.440,24.0,sell,7955.65,BTC-14JUN19-8750-C,67.76,0.0075,24.0,2,1559918926440,23590718,7
2019-06-07 14:48:46.440,1.0,sell,7955.65,BTC-14JUN19-8750-C,67.76,0.0075,1.0,3,1559918926440,23590719,8
2019-06-07 14:48:46.442,2.2,buy,7955.65,BTC-14JUN19-8750-C,66.24,0.006999999999999999,2.2,2,1559918926442,23590720,9
2019-06-07 14:48:46.698,0.8,buy,7955.65,BTC-14JUN19-8750-C,66.24,0.006999999999999999,0.8,3,1559918926698,23590726,10
2019-06-07 16:44:42.424,0.7000000000000001,buy,8092.46,BTC-14JUN19-8750-C,70.69,0.0115,0.7000000000000001,0,1559925882424,23600347,11
2019-06-07 16:44:46.995,0.7000000000000001,sell,8092.13,BTC-14JUN19-8750-C,70.71,0.0115,0.7000000000000001,1,1559925886995,23600377,12
2019-06-07 16:45:52.419,24.0,buy,8111.46,BTC-14JUN19-8750-C,71.93,0.0125,24.0,0,1559925952419,23600801,13
2019-06-07 16:45:52.419,1.0,buy,8111.46,BTC-14JUN19-8750-C,71.93,0.0125,1.0,1,1559925952419,23600802,14
2019-06-07 16:50:46.529,0.5,sell,8098.57,BTC-14JUN19-8750-C,71.56,0.012,0.5,2,1559926246529,23601305,15
2019-06-07 16:50:56.866,0.7000000000000001,sell,8091.96,BTC-14JUN19-8750-C,71.99,0.012,0.7000000000000001,3,1559926256866,23601385,16
2019-06-07 16:50:56.978,0.7000000000000001,sell,8091.96,BTC-14JUN19-8750-C,71.99,0.012,0.7000000000000001,3,1559926256978,23601387,17
2019-06-07 16:51:03.899,0.5,sell,8090.26,BTC-14JUN19-8750-C,72.1,0.012,0.5,3,1559926263899,23601393,18
2019-06-07 16:51:23.949,1.0,sell,8084.98,BTC-14JUN19-8750-C,72.45,0.012,1.0,3,1559926283949,23601407,19
2019-06-07 16:52:12.725,5.0,sell,8082.56,BTC-14JUN19-8750-C,72.61,0.012,5.0,3,1559926332725,23601513,20
2019-06-07 16:52:37.438,4.0,sell,8074.24,BTC-14JUN19-8750-C,73.15,0.012,4.0,3,1559926357438,23601550,21
2019-06-07 16:52:43.212,5.0,sell,8074.07,BTC-14JUN19-8750-C,73.16,0.012,5.0,3,1559926363212,23601575,22
2019-06-07 18:30:51.135,0.3,buy,8107.21,BTC-14JUN19-8750-C,70.13,0.0115,0.3,2,1559932251135,23606129,23
2019-06-07 18:49:36.216,2.0,sell,8097.11,BTC-14JUN19-8750-C,70.86,0.0115,2.0,3,1559933376216,23607443,24
2019-06-07 18:50:13.344,2.0,sell,8086.72,BTC-14JUN19-8750-C,71.53,0.0115,2.0,3,1559933413344,23607562,25
2019-06-07 19:11:36.683,0.7000000000000001,sell,8087.85,BTC-14JUN19-8750-C,71.54,0.0115,0.7000000000000001,3,1559934696683,23608159,26
2019-06-07 22:20:49.934,1.0,sell,7992.19,BTC-14JUN19-8750-C,65.68,0.006999999999999999,1.0,2,1559946049934,23627022,27
2019-06-07 22:20:49.934,4.0,sell,7992.19,BTC-14JUN19-8750-C,64.1,0.0065,4.0,2,1559946049934,23627023,28
2019-06-07 22:46:47.529,1.0,sell,7997.65,BTC-14JUN19-8750-C,62.25,0.006,1.0,2,1559947607529,23627595,29
2019-06-08 00:33:11.718,1.0,buy,8037.82,BTC-14JUN19-8750-C,67.87,0.0085,1.0,0,1559953991718,23632314,30
2019-06-08 04:07:44.046,30.0,buy,7959.65,BTC-14JUN19-8750-C,68.92,0.006999999999999999,30.0,2,1559966864046,23638171,31
2019-06-08 10:02:40.573,1.0,buy,8010.57,BTC-14JUN19-8750-C,74.81,0.0095,1.0,0,1559988160573,23652301,32
2019-06-08 10:05:25.703,1.0,buy,8008.51,BTC-14JUN19-8750-C,74.95,0.0095,1.0,1,1559988325703,23652347,33
2019-06-08 10:18:28.984,0.2,buy,8021.65,BTC-14JUN19-8750-C,75.58,0.01,0.2,0,1559989108984,23652960,34
2019-06-08 10:18:29.097,0.2,buy,8021.65,BTC-14JUN19-8750-C,75.58,0.01,0.2,1,1559989109097,23652963,35
2019-06-08 12:41:55.054,0.2,buy,7935.52,BTC-14JUN19-8750-C,75.77,0.008,0.2,2,1559997715054,23657197,36
2019-06-08 23:22:26.909,1.0,buy,7959.72,BTC-14JUN19-8750-C,75.59,0.0075,1.0,2,1560036146909,23685278,37
2019-06-09 20:43:15.758,0.5,buy,7719.54,BTC-14JUN19-8750-C,83.67,0.004,0.5,2,1560112995758,23747503,38
2019-06-09 22:17:35.589,2.3000000000000003,sell,7569.89,BTC-14JUN19-8750-C,80.37,0.002,2.3000000000000003,2,1560118655589,23762227,39
2019-06-10 00:02:09.654,0.5,sell,7617.37,BTC-14JUN19-8750-C,73.95,0.0015,0.5,2,1560124929654,23776410,40
2019-06-10 00:34:14.483,0.3,buy,7575.16,BTC-14JUN19-8750-C,84.81,0.0025,0.3,0,1560126854483,23783585,41
2019-06-10 00:36:38.705,0.5,buy,7566.32,BTC-14JUN19-8750-C,85.36,0.0025,0.5,1,1560126998705,23783826,42
2019-06-10 04:41:53.882,0.4,buy,7643.91,BTC-14JUN19-8750-C,82.36,0.0025,0.4,1,1560141713882,23800001,43
2019-06-10 05:34:14.389,5.0,sell,7635.47,BTC-14JUN19-8750-C,79.39,0.002,5.0,2,1560144854389,23801000,44
2019-06-10 06:09:30.381,0.1,buy,7683.03,BTC-14JUN19-8750-C,80.56,0.0025,0.1,0,1560146970381,23802422,45
2019-06-10 06:25:32.751,0.5,buy,7715.84,BTC-14JUN19-8750-C,78.65,0.0025,0.5,1,1560147932751,23803645,46
2019-06-10 06:25:32.751,0.5,buy,7715.84,BTC-14JUN19-8750-C,78.65,0.0025,0.5,1,1560147932751,23803646,47
2019-06-10 06:35:48.510,0.1,sell,7726.92,BTC-14JUN19-8750-C,74.33,0.002,0.1,2,1560148548510,23804638,48
2019-06-10 11:34:16.075,0.9,buy,7939.85,BTC-14JUN19-8750-C,69.55,0.003,0.9,0,1560166456075,23827383,49
2019-06-10 11:48:13.014,10.0,buy,7966.58,BTC-14JUN19-8750-C,75.74,0.0045,10.0,0,1560167293014,23833909,50
2019-06-10 13:16:55.611,0.1,sell,7996.13,BTC-14JUN19-8750-C,69.19,0.0035,0.1,2,1560172615611,23851608,51
2019-06-10 20:59:19.078,0.1,sell,7945.83,BTC-14JUN19-8750-C,69.75,0.0025,0.1,2,1560200359078,23878714,52
2019-06-11 03:23:09.441,30.0,sell,7943.79,BTC-14JUN19-8750-C,69.05,0.002,30.0,2,1560223389441,23892336,53
2019-06-12 01:37:36.369,2.0,buy,7868.07,BTC-14JUN19-8750-C,88.12,0.002,2.0,3,1560303456369,23969293,54
2019-06-12 02:31:15.853,10.0,buy,7865.24,BTC-14JUN19-8750-C,83.78,0.0015,10.0,2,1560306675853,23970172,55
2019-06-12 02:31:15.853,1.0,buy,7865.24,BTC-14JUN19-8750-C,83.78,0.0015,1.0,3,1560306675853,23970173,56
2019-06-12 02:31:15.853,7.2,buy,7865.24,BTC-14JUN19-8750-C,83.78,0.0015,7.2,3,1560306675853,23970174,57
2019-06-12 02:31:37.703,8.0,buy,7865.24,BTC-14JUN19-8750-C,89.09,0.002,8.0,0,1560306697703,23970179,58
2019-06-12 02:31:37.703,30.0,buy,7865.24,BTC-14JUN19-8750-C,89.09,0.002,30.0,1,1560306697703,23970180,59
2019-06-12 02:31:37.703,5.0,buy,7865.24,BTC-14JUN19-8750-C,89.09,0.002,5.0,1,1560306697703,23970181,60
2019-06-12 02:31:37.703,12.0,buy,7865.24,BTC-14JUN19-8750-C,89.09,0.002,12.0,1,1560306697703,23970182,61
2019-06-12 02:44:37.815,1.0,buy,7933.56,BTC-14JUN19-8750-C,78.59,0.0015,1.0,2,1560307477815,23971510,62
2019-06-12 03:15:31.284,27.0,buy,8032.82,BTC-14JUN19-8750-C,71.06,0.0015,27.0,3,1560309331284,23979176,63
2019-06-12 03:18:44.870,25.0,sell,8022.91,BTC-14JUN19-8750-C,66.14,0.001,25.0,2,1560309524870,23979292,64
2019-06-12 03:18:44.870,9.0,sell,8022.91,BTC-14JUN19-8750-C,66.14,0.001,9.0,3,1560309524870,23979293,65
2019-06-12 03:18:44.872,11.2,buy,8022.91,BTC-14JUN19-8750-C,66.14,0.001,11.2,3,1560309524872,23979294,66
2019-06-12 09:44:08.442,0.8,buy,7950.17,BTC-14JUN19-8750-C,76.43,0.001,0.8,3,1560332648442,23992704,67
2019-06-12 11:07:48.958,1.0,sell,7990.34,BTC-14JUN19-8750-C,74.33,0.001,1.0,3,1560337668958,23998089,68
2019-06-12 15:11:30.758,0.1,buy,8170.6,BTC-14JUN19-8750-C,73.02,0.002,0.1,0,1560352290758,24016155,69
2019-06-12 16:06:14.147,1.0,buy,8182.66,BTC-14JUN19-8750-C,84.66,0.0035,1.0,0,1560355574147,24029126,70
2019-06-12 20:23:04.976,2.0,sell,8143.99,BTC-14JUN19-8750-C,80.92,0.002,2.0,2,1560370984976,24039143,71
2019-06-12 21:48:48.920,1.0,sell,8140.99,BTC-14JUN19-8750-C,82.92,0.002,1.0,3,1560376128920,24042649,72
2019-06-13 00:09:59.989,0.1,sell,8162.17,BTC-14JUN19-8750-C,71.43,0.001,0.1,2,1560384599989,24045919,73
2019-06-13 10:32:28.086,1.0,buy,8084.05,BTC-14JUN19-8750-C,104.95,0.0015,1.0,0,1560421948086,24062087,74
2019-06-13 12:47:08.640,25.0,sell,8078.29,BTC-14JUN19-8750-C,90.26,0.0005,25.0,2,1560430028640,24066641,75
2019-06-13 13:25:11.538,6.0,buy,8183.7,BTC-14JUN19-8750-C,90.7,0.001,6.0,0,1560432311538,24072912,76
2019-06-13 15:38:12.953,1.0,buy,8198.48,BTC-14JUN19-8750-C,94.6,0.001,1.0,1,1560440292953,24081185,77
2019-06-13 16:06:01.704,3.0,buy,8178.83,BTC-14JUN19-8750-C,98.74,0.001,3.0,1,1560441961704,24082245,78
2019-06-13 16:06:01.704,2.0,buy,8178.83,BTC-14JUN19-8750-C,98.74,0.001,2.0,1,1560441961704,24082246,79
2019-06-13 16:11:56.524,1.0,buy,8179.36,BTC-14JUN19-8750-C,98.98,0.001,1.0,1,1560442316524,24082526,80
2019-06-13 16:33:47.377,25.0,sell,8190.86,BTC-14JUN19-8750-C,86.17,0.0005,25.0,2,1560443627377,24083115,81
2019-06-13 16:33:47.377,1.0,sell,8190.86,BTC-14JUN19-8750-C,86.17,0.0005,1.0,3,1560443627377,24083116,82
2019-06-13 19:12:02.910,1.0,sell,8261.6,BTC-14JUN19-8750-C,84.46,0.0005,1.0,3,1560453122910,24091225,83
2019-06-13 19:41:46.452,1.0,sell,8253.1,BTC-14JUN19-8750-C,87.41,0.0005,1.0,3,1560454906452,24092699,84
2019-06-13 20:49:53.909,1.0,buy,8267.55,BTC-14JUN19-8750-C,102.86,0.001,1.0,0,1560458993909,24094448,85
2019-06-13 20:49:53.909,5.0,buy,8267.55,BTC-14JUN19-8750-C,102.86,0.001,5.0,1,1560458993909,24094449,86
2019-06-13 20:49:53.909,1.0,buy,8267.55,BTC-14JUN19-8750-C,102.86,0.001,1.0,1,1560458993909,24094450,87
2019-06-13 21:50:16.720,0.3,buy,8319.59,BTC-14JUN19-8750-C,98.47,0.001,0.3,1,1560462616720,24098324,88
2019-06-13 23:21:20.336,10.0,sell,8249.67,BTC-14JUN19-8750-C,104.84,0.0005,10.0,2,1560468080336,24104401,89
2019-06-13 23:21:20.336,2.1,sell,8249.67,BTC-14JUN19-8750-C,104.84,0.0005,2.1,3,1560468080336,24104402,90
