date_utc,amount,direction,indexPrice,instrument,iv,price,quantity,tickDirection,timeStamp,tradeId,tradeSeq
2019-02-14 12:44:59.496,1.0,sell,3560.94,BTC-29MAR19-3500-C,56.34,0.0825,1.0,2,1550148299496,15367720,353
2019-02-14 16:04:05.113,0.1,buy,3578.06,BTC-29MAR19-3500-C,56.37,0.085,0.1,0,1550160245113,15370656,354
2019-02-15 10:41:46.142,0.5,buy,3576.88,BTC-29MAR19-3500-C,57.01,0.085,0.5,1,1550227306142,15384178,355
2019-02-15 10:42:08.698,0.5,buy,3576.98,BTC-29MAR19-3500-C,57.0,0.085,0.5,1,1550227328698,15384183,356
2019-02-15 11:30:22.438,0.2,buy,3574.38,BTC-29MAR19-3500-C,55.14,0.0825,0.2,2,1550230222438,15386500,357
2019-02-15 11:47:54.805,0.3,sell,3574.13,BTC-29MAR19-3500-C,54.61,0.08199999999999999,0.3,2,1550231274805,15386613,358
2019-02-15 17:10:55.311,0.5,sell,3563.17,BTC-29MAR19-3500-C,54.84,0.08,0.5,2,1550250655311,15400403,359
2019-02-16 00:11:49.737,0.4,buy,3564.91,BTC-29MAR19-3500-C,57.51,0.0845,0.4,0,1550275909737,15403146,360
2019-02-16 14:43:47.075,1.0,buy,3605.33,BTC-29MAR19-3500-C,53.45,0.085,1.0,0,1550328227075,15418134,361
2019-02-16 21:30:56.575,1.0,sell,3593.87,BTC-29MAR19-3500-C,54.01,0.0835,1.0,2,1550352656575,15423076,362
2019-02-16 23:33:14.613,8.0,buy,3584.14,BTC-29MAR19-3500-C,57.16,0.0855,8.0,0,1550359994613,15424558,363
2019-02-16 23:33:14.613,1.0,buy,3584.14,BTC-29MAR19-3500-C,57.16,0.0855,1.0,1,1550359994613,15424559,364
2019-02-16 23:33:14.613,3.1,buy,3584.14,BTC-29MAR19-3500-C,57.16,0.0855,3.1,1,1550359994613,15424560,365
2019-02-16 23:33:20.847,3.1,sell,3584.13,BTC-29MAR19-3500-C,57.17,0.0855,3.1,1,1550360000847,15424561,366
2019-02-16 23:33:47.615,3.1,sell,3584.19,BTC-29MAR19-3500-C,57.04,0.0855,3.1,1,1550360027615,15424592,367
2019-02-16 23:34:28.804,1.7,buy,3583.82,BTC-29MAR19-3500-C,57.33,0.086,1.7,0,1550360068804,15424605,368
2019-02-17 04:54:10.187,1.0,buy,3593.51,BTC-29MAR19-3500-C,54.45,0.084,1.0,2,1550379250187,15427672,369
2019-02-17 08:32:16.320,0.1,buy,3596.03,BTC-29MAR19-3500-C,57.74,0.0885,0.1,0,1550392336320,15429272,370
2019-02-17 09:28:07.313,0.2,buy,3597.78,BTC-29MAR19-3500-C,57.58,0.08800000000000001,0.2,2,1550395687313,15429514,371
2019-02-17 09:48:42.537,0.2,buy,3599.73,BTC-29MAR19-3500-C,57.32,0.08800000000000001,0.2,3,1550396922537,15429597,372
2019-02-17 10:58:21.768,0.1,sell,3590.88,BTC-29MAR19-3500-C,55.29,0.084,0.1,2,1550401101768,15442005,373
2019-02-17 10:59:01.442,0.9,sell,3591.39,BTC-29MAR19-3500-C,54.18,0.0825,0.9,2,1550401141442,15442024,374
2019-02-17 10:59:36.014,0.4,sell,3587.41,BTC-29MAR19-3500-C,54.89,0.083,0.4,0,1550401176014,15442077,375
2019-02-17 11:00:26.096,3.1,buy,3586.06,BTC-29MAR19-3500-C,55.05,0.083,3.1,1,1550401226096,15442178,376
2019-02-17 11:00:52.032,3.0,buy,3587.75,BTC-29MAR19-3500-C,54.85,0.083,3.0,1,1550401252032,15442368,377
2019-02-17 11:01:06.842,0.9,buy,3588.51,BTC-29MAR19-3500-C,54.6,0.083,0.9,1,1550401266842,15442381,378
2019-02-17 11:23:19.160,0.1,sell,3593.26,BTC-29MAR19-3500-C,54.28,0.0835,0.1,0,1550402599160,15442923,379
2019-02-17 11:29:13.551,0.5,sell,3589.31,BTC-29MAR19-3500-C,53.67,0.08199999999999999,0.5,2,1550402953551,15442989,380
2019-02-17 12:43:09.097,0.1,sell,3572.31,BTC-29MAR19-3500-C,55.6,0.08199999999999999,0.1,3,1550407389097,15445767,381
2019-02-18 00:24:22.911,1.0,buy,3628.46,BTC-29MAR19-3500-C,56.95,0.091,1.0,0,1550449462911,15463108,382
2019-02-18 01:05:01.794,0.2,buy,3664.99,BTC-29MAR19-3500-C,55.13,0.0955,0.2,0,1550451901794,15468168,383
2019-02-18 07:56:26.318,0.4,buy,3690.65,BTC-29MAR19-3500-C,57.82,0.1015,0.4,1,1550476586318,15504337,385
2019-02-18 07:56:26.318,0.1,buy,3690.65,BTC-29MAR19-3500-C,57.82,0.1015,0.1,0,1550476586318,15504336,384
2019-02-18 08:13:24.875,2.3000000000000003,sell,3689.07,BTC-29MAR19-3500-C,54.43,0.09699999999999999,2.3000000000000003,2,1550477604875,15504950,387
2019-02-18 08:13:24.875,3.5,sell,3689.07,BTC-29MAR19-3500-C,53.61,0.096,3.5,3,1550477604875,15504952,389
2019-02-18 08:13:24.875,4.0,sell,3689.07,BTC-29MAR19-3500-C,53.61,0.096,4.0,2,1550477604875,15504951,388
2019-02-18 08:13:24.875,0.1,sell,3689.07,BTC-29MAR19-3500-C,55.67,0.0985,0.1,2,1550477604875,15504949,386
2019-02-18 08:13:24.875,2.1,sell,3689.07,BTC-29MAR19-3500-C,53.2,0.0955,2.1,2,1550477604875,15504953,390
2019-02-18 09:22:29.175,0.1,buy,3698.77,BTC-29MAR19-3500-C,54.61,0.0985,0.1,0,1550481749175,15507088,391
2019-02-18 10:04:06.811,3.0,buy,3700.63,BTC-29MAR19-3500-C,58.63,0.1035,3.0,0,1550484246811,15508230,392
2019-02-18 13:46:02.220,3.0,buy,3796.69,BTC-29MAR19-3500-C,54.11,0.11199999999999999,3.0,0,1550497562220,15531030,393
2019-02-18 14:02:48.605,0.1,sell,3794.55,BTC-29MAR19-3500-C,53.49,0.111,0.1,2,1550498568605,15536099,394
2019-02-18 14:52:52.347,0.1,buy,3801.31,BTC-29MAR19-3500-C,57.86,0.11800000000000001,0.1,0,1550501572347,15543422,395
2019-02-18 16:46:38.680,0.1,buy,3869.47,BTC-29MAR19-3500-C,54.0,0.125,0.1,0,1550508398680,15562347,396
2019-02-18 19:17:25.565,0.5,sell,3874.21,BTC-29MAR19-3500-C,57.96,0.1295,0.5,0,1550517445565,15575123,397
2019-02-18 19:17:51.520,0.5,sell,3874.54,BTC-29MAR19-3500-C,55.53,0.127,0.5,2,1550517471520,15575184,398
2019-02-18 19:25:01.766,0.5,buy,3874.13,BTC-29MAR19-3500-C,57.78,0.1295,0.5,0,1550517901766,15575854,399
2019-02-18 19:26:12.912,0.5,buy,3875.95,BTC-29MAR19-3500-C,60.88,0.133,0.5,0,1550517972912,15575871,400
2019-02-19 12:07:14.781,0.1,buy,3880.2,BTC-29MAR19-3500-C,61.41,0.13699999999999998,0.1,0,1550578034781,15621787,401
2019-02-20 10:25:08.736,4.2,buy,3933.01,BTC-29MAR19-3500-C,62.71,0.1445,4.2,0,1550658308736,15686203,402
2019-02-20 17:21:15.475,4.0,buy,3926.25,BTC-29MAR19-3500-C,61.28,0.1405,4.0,2,1550683275475,15706461,403
2019-02-20 17:21:15.475,1.0,buy,3926.25,BTC-29MAR19-3500-C,62.29,0.1415,1.0,0,1550683275475,15706462,404
2019-02-20 20:58:57.925,0.1,sell,3932.52,BTC-29MAR19-3500-C,53.76,0.135,0.1,2,1550696337925,15711382,405
2019-02-20 23:27:23.573,4.2,buy,3929.27,BTC-29MAR19-3500-C,62.47,0.14300000000000002,4.2,0,1550705243573,15713771,406
2019-02-20 23:27:23.579,9.6,sell,3929.27,BTC-29MAR19-3500-C,62.47,0.14300000000000002,9.6,1,1550705243579,15713772,407
2019-02-20 23:27:29.275,4.2,sell,3929.27,BTC-29MAR19-3500-C,62.54,0.14300000000000002,4.2,1,1550705249275,15713773,408
2019-02-20 23:27:29.465,4.2,sell,3929.27,BTC-29MAR19-3500-C,62.54,0.14300000000000002,4.2,1,1550705249465,15713775,409
2019-02-20 23:27:30.780,3.8,sell,3929.27,BTC-29MAR19-3500-C,62.56,0.14300000000000002,3.8,1,1550705250780,15713779,410
2019-02-21 06:03:14.137,3.0,buy,3951.79,BTC-29MAR19-3500-C,62.4,0.1455,3.0,0,1550728994137,15727149,411
2019-02-21 12:11:52.135,4.0,buy,3893.23,BTC-29MAR19-3500-C,60.92,0.136,4.0,2,1550751112135,15742186,412
2019-02-21 12:11:52.135,1.0,buy,3893.23,BTC-29MAR19-3500-C,67.83,0.14300000000000002,1.0,0,1550751112135,15742187,413
2019-02-21 12:11:52.135,2.0,buy,3893.23,BTC-29MAR19-3500-C,69.29,0.1445,2.0,0,1550751112135,15742189,415
2019-02-21 12:11:52.135,3.0,buy,3893.23,BTC-29MAR19-3500-C,68.32,0.1435,3.0,0,1550751112135,15742188,414
2019-02-21 15:25:38.255,1.4,sell,3893.39,BTC-29MAR19-3500-C,57.27,0.133,1.4,2,1550762738255,15745842,416
2019-02-22 02:05:27.930,1.0,buy,3914.77,BTC-29MAR19-3500-C,57.11,0.136,1.0,0,1550801127930,15753779,417
2019-02-22 11:47:30.207,0.3,buy,3924.5,BTC-29MAR19-3500-C,55.92,0.136,0.3,1,1550836050207,15768384,418
2019-02-23 05:07:17.768,0.5,sell,3927.22,BTC-29MAR19-3500-C,59.75,0.138,0.5,0,1550898437768,15794813,419
2019-02-24 04:41:29.616,5.0,buy,4151.41,BTC-29MAR19-3500-C,65.57,0.1765,5.0,0,1550983289616,15867344,420
2019-02-24 14:14:26.361,4.0,sell,3849.65,BTC-29MAR19-3500-C,61.97,0.124,4.0,2,1551017666361,15897238,421
2019-02-24 14:15:03.008,1.2,buy,3826.17,BTC-29MAR19-3500-C,62.8,0.1205,1.2,2,1551017703008,15898232,422
2019-02-24 14:15:04.147,4.0,sell,3825.93,BTC-29MAR19-3500-C,63.12,0.1205,4.0,3,1551017704147,15898257,423
2019-02-24 14:15:22.898,2.9,buy,3803.77,BTC-29MAR19-3500-C,62.92,0.11599999999999999,2.9,2,1551017722898,15898926,424
2019-02-24 14:15:33.372,4.0,buy,3790.34,BTC-29MAR19-3500-C,62.48,0.1125,4.0,2,1551017733372,15899312,425
2019-02-24 14:15:35.069,1.6,buy,3792.4,BTC-29MAR19-3500-C,62.42,0.11199999999999999,1.6,2,1551017735069,15899380,426
2019-02-24 14:59:22.620,1.0,sell,3790.34,BTC-29MAR19-3500-C,64.0,0.114,1.0,0,1551020362620,15929293,427
2019-02-24 14:59:50.411,5.1000000000000005,sell,3790.34,BTC-29MAR19-3500-C,62.59,0.113,5.1000000000000005,2,1551020390411,15929465,428
2019-02-24 23:49:06.584,2.6,sell,3739.42,BTC-29MAR19-3500-C,63.03,0.106,2.6,2,1551052146584,15965726,429
2019-02-25 02:57:12.748,4.7,sell,3772.79,BTC-29MAR19-3500-C,62.54,0.1105,4.7,0,1551063432748,15971936,430
2019-02-26 16:26:56.300,0.1,buy,3792.21,BTC-29MAR19-3500-C,61.52,0.1105,0.1,1,1551198416300,16036264,431
2019-02-26 16:26:57.531,0.1,buy,3791.83,BTC-29MAR19-3500-C,61.46,0.1105,0.1,1,1551198417531,16036266,432
2019-02-26 16:26:59.007,0.1,buy,3791.84,BTC-29MAR19-3500-C,61.52,0.1105,0.1,1,1551198419007,16036271,433
2019-02-26 16:27:00.497,0.1,buy,3791.84,BTC-29MAR19-3500-C,61.03,0.11,0.1,2,1551198420497,16036273,434
2019-02-26 16:27:01.036,0.1,buy,3792.23,BTC-29MAR19-3500-C,61.03,0.11,0.1,3,1551198421036,16036274,435
2019-02-26 16:27:02.437,0.1,buy,3792.37,BTC-29MAR19-3500-C,60.96,0.11,0.1,3,1551198422437,16036277,436
2019-02-26 16:27:02.972,0.1,buy,3792.27,BTC-29MAR19-3500-C,60.97,0.11,0.1,3,1551198422972,16036278,437
2019-02-26 16:27:04.457,0.1,buy,3792.26,BTC-29MAR19-3500-C,61.0,0.11,0.1,3,1551198424457,16036279,438
2019-02-26 16:27:05.041,0.1,buy,3792.03,BTC-29MAR19-3500-C,61.01,0.11,0.1,3,1551198425041,16036280,439
2019-02-26 16:27:05.524,0.1,buy,3792.03,BTC-29MAR19-3500-C,61.01,0.11,0.1,3,1551198425524,16036281,440
2019-02-26 16:27:06.032,0.1,buy,3792.16,BTC-29MAR19-3500-C,61.05,0.11,0.1,3,1551198426032,16036282,441
2019-02-26 16:27:06.455,0.1,buy,3792.16,BTC-29MAR19-3500-C,61.05,0.11,0.1,3,1551198426455,16036283,442
2019-02-26 16:27:06.909,0.1,buy,3792.16,BTC-29MAR19-3500-C,61.04,0.11,0.1,3,1551198426909,16036284,443
2019-02-26 16:27:07.356,0.1,buy,3792.16,BTC-29MAR19-3500-C,61.04,0.11,0.1,3,1551198427356,16036285,444
2019-02-26 23:27:24.558,0.1,sell,3794.61,BTC-29MAR19-3500-C,57.92,0.107,0.1,2,1551223644558,16043927,445
2019-02-26 23:27:24.558,4.7,sell,3794.61,BTC-29MAR19-3500-C,57.42,0.1065,4.7,2,1551223644558,16043928,446
2019-02-26 23:27:24.565,5.2,buy,3794.61,BTC-29MAR19-3500-C,57.42,0.1065,5.2,3,1551223644565,16043929,447
2019-02-27 13:16:49.936,1.5,buy,3817.81,BTC-29MAR19-3500-C,60.39,0.113,1.5,0,1551273409936,16055588,448
2019-02-27 13:17:28.839,5.2,buy,3818.03,BTC-29MAR19-3500-C,60.83,0.1135,5.2,0,1551273448839,16055592,449
2019-02-27 13:17:36.082,1.5,sell,3817.98,BTC-29MAR19-3500-C,60.85,0.1135,1.5,1,1551273456082,16055595,450
2019-02-27 13:18:21.517,4.0,buy,3818.65,BTC-29MAR19-3500-C,61.4,0.114,4.0,1,1551273501517,16055639,452
2019-02-27 13:18:21.517,5.1000000000000005,buy,3818.65,BTC-29MAR19-3500-C,61.4,0.114,5.1000000000000005,0,1551273501517,16055638,451
2019-02-27 13:18:38.588,10.0,sell,3819.02,BTC-29MAR19-3500-C,61.53,0.114,10.0,1,1551273518588,16055647,453
2019-02-27 13:18:43.018,2.7,sell,3819.37,BTC-29MAR19-3500-C,61.51,0.114,2.7,1,1551273523018,16055655,454
2019-02-27 18:48:42.858,5.2,sell,3797.41,BTC-29MAR19-3500-C,57.71,0.107,5.2,2,1551293322858,16064274,455
2019-02-27 19:08:54.612,3.9,sell,3799.38,BTC-29MAR19-3500-C,56.62,0.106,3.9,3,1551294534612,16064389,458
2019-02-27 19:08:54.612,0.1,sell,3799.38,BTC-29MAR19-3500-C,56.62,0.106,0.1,3,1551294534612,16064388,457
2019-02-27 19:08:54.612,6.0,sell,3799.38,BTC-29MAR19-3500-C,56.62,0.106,6.0,2,1551294534612,16064387,456
2019-02-27 21:05:09.509,2.0,sell,3723.33,BTC-29MAR19-3500-C,57.83,0.096,2.0,3,1551301509509,16077796,460
2019-02-27 21:05:09.509,2.0,sell,3723.33,BTC-29MAR19-3500-C,57.83,0.096,2.0,2,1551301509509,16077795,459
2019-03-01 13:59:21.883,1.0,buy,3816.67,BTC-29MAR19-3500-C,58.27,0.11,1.0,0,1551448761883,16150304,461
2019-03-01 14:00:25.903,75.0,buy,3817.81,BTC-29MAR19-3500-C,58.14,0.11,75.0,1,1551448825903,16150308,462
2019-03-01 15:42:46.045,0.1,buy,3817.27,BTC-29MAR19-3500-C,58.54,0.11,0.1,1,1551454966045,16151532,463
2019-03-01 15:42:52.910,4.0,buy,3817.24,BTC-29MAR19-3500-C,59.1,0.1105,4.0,0,1551454972910,16151544,464
2019-03-01 15:42:52.910,22.1,buy,3817.24,BTC-29MAR19-3500-C,59.1,0.1105,22.1,1,1551454972910,16151545,465
2019-03-01 22:02:28.063,1.0,buy,3829.36,BTC-29MAR19-3500-C,56.46,0.111,1.0,0,1551477748063,16156694,466
2019-03-02 04:00:21.334,0.1,sell,3816.2,BTC-29MAR19-3500-C,56.18,0.107,0.1,2,1551499221334,16163117,467
2019-03-02 04:04:34.377,0.8,sell,3811.39,BTC-29MAR19-3500-C,55.25,0.1055,0.8,2,1551499474377,16163172,469
2019-03-02 04:04:34.377,0.1,sell,3811.39,BTC-29MAR19-3500-C,55.81,0.106,0.1,2,1551499474377,16163171,468
2019-03-02 07:12:11.306,0.1,sell,3800.24,BTC-29MAR19-3500-C,54.79,0.10300000000000001,0.1,2,1551510731306,16166558,470
2019-03-02 07:13:11.936,2.0,sell,3800.45,BTC-29MAR19-3500-C,54.24,0.1025,2.0,2,1551510791936,16166563,471
2019-03-02 12:42:24.606,0.1,buy,3812.58,BTC-29MAR19-3500-C,56.27,0.1065,0.1,0,1551530544606,16175688,472
2019-03-02 12:42:25.965,0.1,buy,3812.58,BTC-29MAR19-3500-C,56.27,0.1065,0.1,1,1551530545965,16175689,473
2019-03-02 13:14:22.766,0.8,buy,3817.29,BTC-29MAR19-3500-C,55.47,0.1065,0.8,1,1551532462766,16176154,474
2019-03-04 21:54:13.680,1.0,sell,3701.58,BTC-29MAR19-3500-C,55.79,0.086,1.0,2,1551736453680,16244274,475
2019-03-05 16:18:32.687,1.0,sell,3858.0,BTC-29MAR19-3500-C,55.54,0.11199999999999999,1.0,0,1551802712687,16286894,476
2019-03-05 17:34:30.164,2.1,buy,3836.88,BTC-29MAR19-3500-C,58.89,0.111,2.1,2,1551807270164,16291603,477
2019-03-05 23:53:49.079,1.0,buy,3844.02,BTC-29MAR19-3500-C,54.91,0.1095,1.0,2,1551830029079,16297469,478
2019-03-06 09:10:33.159,0.1,sell,3833.41,BTC-29MAR19-3500-C,53.83,0.1065,0.1,2,1551863433159,16309537,479
2019-03-06 10:45:49.280,0.1,sell,3876.17,BTC-29MAR19-3500-C,56.9,0.1155,0.1,0,1551869149280,16314118,480
2019-03-06 10:45:49.551,0.1,sell,3876.17,BTC-29MAR19-3500-C,56.9,0.1155,0.1,1,1551869149551,16314121,481
2019-03-06 10:45:50.282,0.1,sell,3874.75,BTC-29MAR19-3500-C,57.41,0.1155,0.1,1,1551869150282,16314159,482
2019-03-06 10:45:50.916,0.1,sell,3874.6,BTC-29MAR19-3500-C,57.77,0.1155,0.1,1,1551869150916,16314163,483
2019-03-06 10:45:51.594,0.1,sell,3874.36,BTC-29MAR19-3500-C,57.84,0.1155,0.1,1,1551869151594,16314169,484
2019-03-06 11:05:49.580,0.5,buy,3849.78,BTC-29MAR19-3500-C,55.13,0.11,0.5,2,1551870349580,16316511,485
2019-03-06 16:43:41.441,4.0,buy,3848.44,BTC-29MAR19-3500-C,57.18,0.1115,4.0,0,1551890621441,16325218,486
2019-03-06 17:20:43.933,1.6,buy,3845.04,BTC-29MAR19-3500-C,57.68,0.111,1.6,2,1551892843933,16326191,487
2019-03-06 17:31:21.004,4.0,buy,3845.16,BTC-29MAR19-3500-C,57.55,0.111,4.0,3,1551893481004,16326222,488
2019-03-06 19:51:44.654,0.1,buy,3843.39,BTC-29MAR19-3500-C,55.79,0.1095,0.1,2,1551901904654,16327166,489
2019-03-06 19:51:47.837,0.1,sell,3843.79,BTC-29MAR19-3500-C,55.68,0.1095,0.1,3,1551901907837,16327167,490
2019-03-06 19:54:23.750,0.1,buy,3843.31,BTC-29MAR19-3500-C,56.48,0.11,0.1,1,1551902063750,16327181,493
2019-03-06 19:54:23.750,5.7,buy,3843.31,BTC-29MAR19-3500-C,56.48,0.11,5.7,0,1551902063750,16327179,491
2019-03-06 19:54:23.750,4.0,buy,3843.31,BTC-29MAR19-3500-C,56.48,0.11,4.0,1,1551902063750,16327180,492
2019-03-07 15:09:22.032,5.6000000000000005,buy,3865.64,BTC-29MAR19-3500-C,53.97,0.111,5.6000000000000005,0,1551971362032,16355556,494
2019-03-11 15:49:59.243,1.0,buy,3836.46,BTC-29MAR19-3500-C,53.42,0.1005,1.0,2,1552319399243,16493735,495
2019-03-11 23:52:34.793,4.0,buy,3847.46,BTC-29MAR19-3500-C,52.84,0.102,4.0,0,1552348354793,16498743,496
2019-03-11 23:53:17.613,6.0,buy,3848.04,BTC-29MAR19-3500-C,53.7,0.1025,6.0,0,1552348397613,16498752,497
2019-03-11 23:53:17.613,4.0,buy,3848.04,BTC-29MAR19-3500-C,53.7,0.1025,4.0,1,1552348397613,16498753,498
2019-03-12 12:35:55.537,1.0,buy,3869.25,BTC-29MAR19-3500-C,49.96,0.104,1.0,0,1552394155537,16519136,499
2019-03-12 12:46:55.223,1.0,buy,3869.99,BTC-29MAR19-3500-C,50.17,0.10400000000000001,1.0,1,1552394815223,16519291,500
2019-03-14 06:42:42.269,0.1,sell,3837.31,BTC-29MAR19-3500-C,51.98,0.0965,0.1,2,1552545762269,16550247,501
2019-03-14 10:49:24.840,0.5,sell,3848.93,BTC-29MAR19-3500-C,51.7,0.0985,0.5,0,1552560564840,16552327,502
2019-03-14 11:02:14.677,0.1,sell,3847.17,BTC-29MAR19-3500-C,51.87,0.0985,0.1,1,1552561334677,16552403,503
2019-03-14 11:17:15.716,0.1,sell,3847.16,BTC-29MAR19-3500-C,51.87,0.0985,0.1,1,1552562235716,16552468,504
2019-03-14 11:29:51.722,0.1,sell,3845.15,BTC-29MAR19-3500-C,53.55,0.0985,0.1,1,1552562991722,16552534,505
2019-03-14 11:29:51.757,0.1,sell,3845.15,BTC-29MAR19-3500-C,53.55,0.0985,0.1,1,1552562991757,16552537,506
2019-03-14 11:30:24.961,0.1,sell,3845.24,BTC-29MAR19-3500-C,53.49,0.0985,0.1,1,1552563024961,16552545,507
2019-03-14 12:29:29.079,0.1,buy,3848.2,BTC-29MAR19-3500-C,49.0,0.0965,0.1,2,1552566569079,16553687,508
2019-03-14 12:30:13.806,0.4,buy,3850.31,BTC-29MAR19-3500-C,47.59,0.0965,0.4,3,1552566613806,16553752,509
2019-03-14 14:09:58.569,0.2,buy,3863.8,BTC-29MAR19-3500-C,49.55,0.0995,0.2,0,1552572598569,16556114,510
2019-03-14 14:09:58.653,0.3,buy,3863.8,BTC-29MAR19-3500-C,49.55,0.0995,0.3,1,1552572598653,16556115,511
2019-03-14 21:46:38.028,4.0,buy,3852.39,BTC-29MAR19-3500-C,53.49,0.1,4.0,0,1552599998028,16573678,512
2019-03-15 23:55:18.248,0.2,buy,3900.73,BTC-29MAR19-3500-C,47.9,0.1065,0.2,0,1552694118248,16602690,513
2019-03-15 23:55:59.507,0.2,buy,3900.71,BTC-29MAR19-3500-C,47.97,0.1065,0.2,1,1552694159507,16602699,514
2019-03-16 00:48:25.814,0.2,buy,3903.45,BTC-29MAR19-3500-C,48.32,0.1065,0.2,1,1552697305814,16602892,515
2019-03-16 00:51:46.366,0.4,buy,3904.38,BTC-29MAR19-3500-C,46.18,0.1065,0.4,1,1552697506366,16602943,516
2019-03-16 04:40:02.714,4.0,buy,3999.08,BTC-29MAR19-3500-C,61.63,0.1305,4.0,0,1552711202714,16624783,517
2019-03-16 04:48:49.850,3.0,buy,4017.74,BTC-29MAR19-3500-C,60.17,0.1335,3.0,0,1552711729850,16625963,518
2019-03-16 18:32:25.952,0.1,sell,3983.16,BTC-29MAR19-3500-C,49.07,0.1235,0.1,2,1552761145952,16647938,519
2019-03-16 19:18:19.577,0.1,sell,3982.15,BTC-29MAR19-3500-C,48.96,0.12300000000000001,0.1,2,1552763899577,16648079,520
2019-03-16 20:13:42.619,0.1,sell,3973.9,BTC-29MAR19-3500-C,48.09,0.121,0.1,2,1552767222619,16648736,521
2019-03-17 02:27:38.481,0.1,buy,3953.28,BTC-29MAR19-3500-C,56.17,0.11900000000000001,0.1,2,1552789658481,16654407,522
2019-03-18 03:18:39.263,4.0,sell,3999.59,BTC-29MAR19-3500-C,48.09,0.1255,4.0,0,1552879119263,16675806,523
2019-03-18 05:59:34.070,0.1,sell,3953.99,BTC-29MAR19-3500-C,52.51,0.11699999999999999,0.1,2,1552888774070,16680331,524
2019-03-18 05:59:35.153,0.1,sell,3953.17,BTC-29MAR19-3500-C,53.14,0.11699999999999999,0.1,3,1552888775153,16680352,525
2019-03-18 05:59:35.253,0.8,sell,3953.17,BTC-29MAR19-3500-C,53.14,0.11699999999999999,0.8,3,1552888775253,16680354,526
2019-03-18 05:59:35.253,0.5,sell,3953.17,BTC-29MAR19-3500-C,53.14,0.11699999999999999,0.5,3,1552888775253,16680355,527
2019-03-18 11:21:04.928,0.4,sell,3945.91,BTC-29MAR19-3500-C,49.41,0.1145,0.4,2,1552908064928,16687229,528
2019-03-18 11:21:16.246,0.6,sell,3941.39,BTC-29MAR19-3500-C,52.55,0.1145,0.6,3,1552908076246,16687368,529
2019-03-18 11:21:16.246,0.5,sell,3941.39,BTC-29MAR19-3500-C,52.55,0.1145,0.5,3,1552908076246,16687369,530
2019-03-18 11:21:18.737,0.4,sell,3938.61,BTC-29MAR19-3500-C,49.45,0.113,0.4,2,1552908078737,16687422,531
2019-03-18 11:21:19.112,0.4,sell,3938.61,BTC-29MAR19-3500-C,49.45,0.113,0.4,3,1552908079112,16687427,532
2019-03-18 11:21:20.379,0.2,sell,3937.37,BTC-29MAR19-3500-C,50.11,0.113,0.2,3,1552908080379,16687436,533
2019-03-19 04:16:31.095,1.0,sell,3969.14,BTC-29MAR19-3500-C,51.74,0.12,1.0,0,1552968991095,16697303,534
2019-03-20 00:39:20.371,0.1,sell,3990.18,BTC-29MAR19-3500-C,56.28,0.1245,0.1,0,1553042360371,16720119,535
2019-03-21 14:57:28.194,1.0,sell,3964.98,BTC-29MAR19-3500-C,54.25,0.1165,1.0,2,1553180248194,16761321,536
2019-03-22 04:39:21.984,0.1,sell,3972.92,BTC-29MAR19-3500-C,0.0,0.11699999999999999,0.1,0,1553229561984,16774092,537
2019-03-22 08:02:41.444,2.0,buy,3966.57,BTC-29MAR19-3500-C,51.69,0.11699999999999999,2.0,1,1553241761444,16775521,538
2019-03-22 13:04:41.009,0.1,buy,3990.25,BTC-29MAR19-3500-C,0.0,0.1215,0.1,0,1553259881009,16777836,539
2019-03-23 02:50:28.672,0.1,buy,3994.19,BTC-29MAR19-3500-C,0.0,0.1225,0.1,0,1553309428672,16786775,540
