date_utc,amount,direction,indexPrice,instrument,iv,price,quantity,tickDirection,timeStamp,tradeId,tradeSeq
2019-02-14 00:44:43.332,0.1,sell,3581.06,BTC-28JUN19-2500-P,62.63,0.031,0.1,2,1550105083332,15351039,325
2019-02-14 00:48:55.615,0.1,sell,3583.12,BTC-28JUN19-2500-P,62.66,0.031,0.1,3,1550105335615,15351060,326
2019-02-14 00:52:59.066,0.1,sell,3583.95,BTC-28JUN19-2500-P,62.73,0.031,0.1,3,1550105579066,15351106,327
2019-02-14 13:30:28.218,3.0,sell,3561.52,BTC-28JUN19-2500-P,62.87,0.032,3.0,0,1550151028218,15368203,328
2019-02-14 13:30:28.218,10.0,sell,3561.52,BTC-28JUN19-2500-P,62.87,0.032,10.0,1,1550151028218,15368204,329
2019-02-14 13:30:28.218,20.0,sell,3561.52,BTC-28JUN19-2500-P,62.87,0.032,20.0,1,1550151028218,15368205,330
2019-02-14 13:49:05.764,1.0,buy,3561.31,BTC-28JUN19-2500-P,64.37,0.034,1.0,0,1550152145764,15368420,331
2019-02-14 14:18:15.345,10.0,sell,3560.68,BTC-28JUN19-2500-P,62.43,0.0315,10.0,3,1550153895345,15368660,333
2019-02-14 14:18:15.345,20.4,sell,3560.68,BTC-28JUN19-2500-P,62.43,0.0315,20.4,3,1550153895345,15368661,334
2019-02-14 14:18:15.345,3.6,sell,3560.68,BTC-28JUN19-2500-P,62.43,0.0315,3.6,2,1550153895345,15368659,332
2019-02-14 16:53:31.993,10.0,sell,3566.87,BTC-28JUN19-2500-P,63.04,0.032,10.0,0,1550163211993,15371324,335
2019-02-14 17:49:40.088,5.0,sell,3574.91,BTC-28JUN19-2500-P,62.33,0.0305,5.0,2,1550166580088,15372018,336
2019-02-14 17:50:17.483,5.0,sell,3574.63,BTC-28JUN19-2500-P,62.33,0.0305,5.0,3,1550166617483,15372044,337
2019-02-15 12:21:09.069,0.2,buy,3579.17,BTC-28JUN19-2500-P,62.33,0.03,0.2,2,1550233269069,15386927,338
2019-02-15 17:33:18.484,5.0,buy,3566.23,BTC-28JUN19-2500-P,63.07,0.0315,5.0,0,1550251998484,15400706,339
2019-02-16 12:11:33.984,5.0,buy,3590.66,BTC-28JUN19-2500-P,63.14,0.0295,5.0,2,1550319093984,15412466,340
2019-02-16 12:16:06.549,3.1,buy,3592.41,BTC-28JUN19-2500-P,62.77,0.028999999999999998,3.1,2,1550319366549,15412577,341
2019-02-16 12:16:12.852,12.0,sell,3592.43,BTC-28JUN19-2500-P,60.78,0.0265,12.0,2,1550319372852,15412600,342
2019-02-16 23:08:19.227,5.0,buy,3592.39,BTC-28JUN19-2500-P,63.21,0.0295,5.0,0,1550358499227,15423790,343
2019-02-18 05:20:40.890,1.0,sell,3668.47,BTC-28JUN19-2500-P,62.55,0.025,1.0,2,1550467240890,15492918,344
2019-02-18 14:57:32.613,5.0,buy,3799.77,BTC-28JUN19-2500-P,63.31,0.021,5.0,2,1550501852613,15543625,345
2019-02-18 16:05:21.643,21.9,sell,3817.13,BTC-28JUN19-2500-P,62.48,0.0195,21.9,2,1550505921643,15547757,346
2019-02-18 16:06:48.211,20.4,sell,3825.37,BTC-28JUN19-2500-P,62.17,0.019,20.4,2,1550506008211,15548377,347
2019-02-18 16:06:48.282,0.8,buy,3825.37,BTC-28JUN19-2500-P,62.17,0.019,0.8,3,1550506008282,15548378,348
2019-02-18 16:15:09.093,3.0,sell,3829.27,BTC-28JUN19-2500-P,60.76,0.0175,3.0,2,1550506509093,15549660,349
2019-02-18 16:15:09.093,5.0,sell,3829.27,BTC-28JUN19-2500-P,60.76,0.0175,5.0,3,1550506509093,15549661,350
2019-02-18 16:15:09.093,3.6,sell,3829.27,BTC-28JUN19-2500-P,60.24,0.017,3.6,2,1550506509093,15549662,351
2019-02-18 16:15:09.093,15.0,sell,3829.27,BTC-28JUN19-2500-P,60.24,0.017,15.0,3,1550506509093,15549663,352
2019-02-18 16:17:41.601,5.0,sell,3826.04,BTC-28JUN19-2500-P,59.72,0.0165,5.0,2,1550506661601,15549978,353
2019-02-18 16:19:10.339,10.0,sell,3832.83,BTC-28JUN19-2500-P,59.34,0.016,10.0,2,1550506750339,15550160,354
2019-02-18 16:24:11.779,10.0,sell,3862.6,BTC-28JUN19-2500-P,59.64,0.0155,10.0,2,1550507051779,15551721,355
2019-02-18 16:25:15.025,5.0,sell,3852.93,BTC-28JUN19-2500-P,58.92,0.015,5.0,2,1550507115025,15552317,356
2019-02-18 16:25:15.025,3.7,sell,3852.93,BTC-28JUN19-2500-P,57.79,0.013999999999999999,3.7,3,1550507115025,15552319,358
2019-02-18 16:25:15.025,15.0,sell,3852.93,BTC-28JUN19-2500-P,57.79,0.013999999999999999,15.0,2,1550507115025,15552318,357
2019-02-18 16:25:41.335,11.6,sell,3852.87,BTC-28JUN19-2500-P,57.75,0.013999999999999999,11.6,3,1550507141335,15552389,359
2019-02-18 16:35:09.134,12.0,buy,3912.46,BTC-28JUN19-2500-P,61.87,0.016,12.0,0,1550507709134,15557091,360
2019-02-18 16:35:33.418,15.0,buy,3908.52,BTC-28JUN19-2500-P,62.18,0.0165,15.0,0,1550507733418,15557442,361
2019-02-18 16:35:33.418,2.8000000000000003,buy,3908.52,BTC-28JUN19-2500-P,62.18,0.0165,2.8000000000000003,1,1550507733418,15557443,362
2019-02-18 16:35:36.689,2.2,buy,3906.75,BTC-28JUN19-2500-P,62.12,0.0165,2.2,1,1550507736689,15557473,363
2019-02-18 16:42:06.296,1.0,buy,3894.46,BTC-28JUN19-2500-P,62.33,0.017,1.0,0,1550508126296,15559138,364
2019-02-19 00:11:38.918,1.0,buy,3884.75,BTC-28JUN19-2500-P,66.1,0.0205,1.0,0,1550535098918,15588671,365
2019-02-19 14:27:12.073,0.1,sell,3935.01,BTC-28JUN19-2500-P,67.3,0.02,0.1,2,1550586432073,15642085,366
2019-02-19 14:39:42.259,5.0,buy,3924.98,BTC-28JUN19-2500-P,65.27,0.0185,5.0,2,1550587182259,15643701,367
2019-02-20 19:58:21.930,13.3,buy,3924.21,BTC-28JUN19-2500-P,61.11,0.0145,13.3,2,1550692701930,15709518,368
2019-02-21 21:50:08.266,0.1,buy,3899.68,BTC-28JUN19-2500-P,65.9,0.019,0.1,0,1550785808266,15750512,369
2019-02-22 07:30:44.129,5.0,buy,3893.13,BTC-28JUN19-2500-P,65.25,0.0185,5.0,3,1550820644129,15759101,371
2019-02-22 07:30:44.129,10.0,buy,3893.13,BTC-28JUN19-2500-P,65.25,0.0185,10.0,2,1550820644129,15759100,370
2019-02-23 01:39:17.402,0.2,sell,3943.77,BTC-28JUN19-2500-P,65.02,0.017,0.2,2,1550885957402,15791848,372
2019-02-23 01:40:01.103,0.4,sell,3942.55,BTC-28JUN19-2500-P,65.03,0.017,0.4,3,1550886001103,15791855,373
2019-02-23 02:41:23.453,0.3,sell,3943.27,BTC-28JUN19-2500-P,65.05,0.017,0.3,3,1550889683453,15792599,374
2019-02-23 17:39:38.619,0.3,sell,4033.26,BTC-28JUN19-2500-P,65.69,0.0155,0.3,2,1550943578619,15823211,375
2019-02-24 14:11:32.190,5.0,buy,3992.95,BTC-28JUN19-2500-P,65.67,0.016,5.0,0,1551017492190,15891443,376
2019-02-24 14:11:59.831,5.0,buy,3936.14,BTC-28JUN19-2500-P,63.24,0.016,5.0,1,1551017519831,15892986,377
2019-02-24 14:34:57.108,0.2,sell,3783.08,BTC-28JUN19-2500-P,63.01,0.021,0.2,0,1551018897108,15918493,378
2019-02-24 14:35:14.691,0.2,buy,3787.72,BTC-28JUN19-2500-P,63.72,0.0215,0.2,0,1551018914691,15918681,379
2019-02-25 05:01:43.807,1.1,buy,3777.88,BTC-28JUN19-2500-P,65.87,0.023,1.1,0,1551070903807,15975085,380
2019-02-25 12:49:58.393,21.0,sell,3785.56,BTC-28JUN19-2500-P,63.8,0.0205,21.0,2,1551098998393,15987880,382
2019-02-25 12:49:58.393,4.0,sell,3785.56,BTC-28JUN19-2500-P,64.29,0.021,4.0,2,1551098998393,15987879,381
2019-02-25 13:48:43.686,0.2,buy,3789.29,BTC-28JUN19-2500-P,64.43,0.021,0.2,0,1551102523686,15988494,383
2019-02-25 13:48:50.678,0.2,sell,3789.33,BTC-28JUN19-2500-P,63.93,0.0205,0.2,2,1551102530678,15988495,384
2019-02-25 20:26:48.563,5.0,buy,3811.75,BTC-28JUN19-2500-P,65.95,0.022,5.0,0,1551126408563,16007691,385
2019-02-26 05:57:50.077,0.1,buy,3789.63,BTC-28JUN19-2500-P,66.52,0.023,0.1,1,1551160670077,16020051,387
2019-02-26 05:57:50.077,1.9,buy,3789.63,BTC-28JUN19-2500-P,66.52,0.023,1.9,1,1551160670077,16020052,388
2019-02-26 05:57:50.077,1.0,buy,3789.63,BTC-28JUN19-2500-P,66.52,0.023,1.0,0,1551160670077,16020050,386
2019-03-02 00:14:26.163,0.4,sell,3810.55,BTC-28JUN19-2500-P,63.98,0.0185,0.4,2,1551485666163,16161919,389
2019-03-02 15:06:55.064,1.1,sell,3805.13,BTC-28JUN19-2500-P,63.91,0.0185,1.1,3,1551539215064,16177232,390
2019-03-03 02:15:38.487,0.2,sell,3814.12,BTC-28JUN19-2500-P,63.85,0.018000000000000002,0.2,2,1551579338487,16184165,391
2019-03-04 06:34:39.241,1.6,buy,3724.11,BTC-28JUN19-2500-P,66.78,0.0235,1.6,0,1551681279241,16220601,392
2019-03-04 17:44:19.537,0.1,sell,3715.82,BTC-28JUN19-2500-P,64.69,0.0215,0.1,2,1551721459537,16240458,393
2019-03-07 23:09:35.580,1.0,sell,3861.56,BTC-28JUN19-2500-P,62.48,0.014,1.0,2,1552000175580,16363641,394
2019-03-08 05:28:31.949,1.0,buy,3867.55,BTC-28JUN19-2500-P,65.04,0.016,1.0,0,1552022911949,16367916,395
2019-03-08 05:28:31.949,1.0,buy,3867.55,BTC-28JUN19-2500-P,65.62,0.0165,1.0,0,1552022911949,16367917,396
2019-03-08 16:16:49.462,1.0,sell,3886.91,BTC-28JUN19-2500-P,63.15,0.013999999999999999,1.0,2,1552061809462,16389058,397
2019-03-08 16:42:42.551,1.0,sell,3881.6,BTC-28JUN19-2500-P,63.04,0.013999999999999999,1.0,3,1552063362551,16389837,398
2019-03-08 17:29:43.650,1.0,sell,3889.01,BTC-28JUN19-2500-P,63.25,0.014,1.0,3,1552066183650,16390169,399
2019-03-08 19:59:03.929,0.1,sell,3897.5,BTC-28JUN19-2500-P,64.25,0.0145,0.1,0,1552075143929,16392066,400
2019-03-08 23:35:09.297,1.0,sell,3841.64,BTC-28JUN19-2500-P,62.1,0.013999999999999999,1.0,2,1552088109297,16407155,401
2019-03-09 07:17:31.075,3.0,sell,3895.53,BTC-28JUN19-2500-P,62.47,0.013,3.0,2,1552115851075,16418841,402
2019-03-10 03:02:41.404,1.0,sell,3907.31,BTC-28JUN19-2500-P,61.35,0.012,1.0,2,1552186961404,16451083,403
2019-03-10 03:22:45.503,1.0,sell,3901.01,BTC-28JUN19-2500-P,61.22,0.012,1.0,3,1552188165503,16451499,404
2019-03-10 03:23:28.189,1.0,sell,3901.1,BTC-28JUN19-2500-P,61.22,0.012,1.0,3,1552188208189,16451502,405
2019-03-10 05:29:41.137,2.0,sell,3897.52,BTC-28JUN19-2500-P,61.2,0.012,2.0,3,1552195781137,16453386,406
2019-03-10 16:43:47.058,1.0,sell,3880.2,BTC-28JUN19-2500-P,61.51,0.0125,1.0,0,1552236227058,16464605,407
2019-03-10 16:56:40.898,2.0,sell,3878.64,BTC-28JUN19-2500-P,61.51,0.0125,2.0,1,1552237000898,16464785,408
2019-03-10 21:38:58.568,10.0,sell,3896.76,BTC-28JUN19-2500-P,61.93,0.0125,10.0,1,1552253938568,16467060,409
2019-03-10 22:28:31.438,5.0,sell,3897.37,BTC-28JUN19-2500-P,61.49,0.012,5.0,2,1552256911438,16467409,410
2019-03-12 08:22:08.317,3.1,sell,3857.34,BTC-28JUN19-2500-P,64.05,0.0145,3.1,0,1552378928317,16513155,411
2019-03-12 10:07:49.056,0.2,sell,3866.39,BTC-28JUN19-2500-P,64.38,0.0145,0.2,1,1552385269056,16516760,412
2019-03-12 17:04:16.711,1.0,sell,3859.41,BTC-28JUN19-2500-P,63.5,0.013999999999999999,1.0,2,1552410256711,16523988,413
2019-03-12 17:07:27.465,4.0,sell,3859.56,BTC-28JUN19-2500-P,62.85,0.0135,4.0,2,1552410447465,16523996,414
2019-03-12 17:38:51.362,5.0,buy,3858.52,BTC-28JUN19-2500-P,62.8,0.0135,5.0,3,1552412331362,16524248,415
2019-03-12 17:46:53.601,5.0,buy,3856.77,BTC-28JUN19-2500-P,62.74,0.0135,5.0,3,1552412813601,16524298,416
2019-03-13 01:23:56.212,5.0,buy,3855.33,BTC-28JUN19-2500-P,61.99,0.013,5.0,2,1552440236212,16527485,417
2019-03-13 01:29:54.523,5.0,buy,3857.87,BTC-28JUN19-2500-P,62.11,0.013,5.0,3,1552440594523,16527627,418
2019-03-13 01:41:16.358,5.0,buy,3857.75,BTC-28JUN19-2500-P,62.72,0.0135,5.0,0,1552441276358,16527694,419
2019-03-13 07:16:19.505,10.0,sell,3853.85,BTC-28JUN19-2500-P,61.51,0.0125,10.0,2,1552461379505,16530528,420
2019-03-13 07:16:19.505,29.0,sell,3853.85,BTC-28JUN19-2500-P,61.51,0.0125,29.0,3,1552461379505,16530529,421
2019-03-14 10:21:14.039,10.0,sell,3844.13,BTC-28JUN19-2500-P,61.38,0.0125,10.0,3,1552558874039,16552139,422
2019-03-14 10:21:14.039,29.0,sell,3844.13,BTC-28JUN19-2500-P,61.38,0.0125,29.0,3,1552558874039,16552140,423
2019-03-14 10:32:08.421,24.0,sell,3846.48,BTC-28JUN19-2500-P,61.47,0.0125,24.0,3,1552559528421,16552207,424
2019-03-14 18:27:19.241,15.0,sell,3854.03,BTC-28JUN19-2500-P,61.1,0.012,15.0,3,1552588039241,16572726,426
2019-03-14 18:27:19.241,5.0,sell,3854.03,BTC-28JUN19-2500-P,61.1,0.012,5.0,2,1552588039241,16572725,425
2019-03-14 19:06:41.621,2.5,sell,3851.88,BTC-28JUN19-2500-P,61.06,0.012,2.5,3,1552590401621,16572890,427
2019-03-14 19:09:44.871,2.5,sell,3851.19,BTC-28JUN19-2500-P,61.04,0.012,2.5,3,1552590584871,16572902,428
2019-03-15 12:01:00.701,4.2,buy,3890.36,BTC-28JUN19-2500-P,63.27,0.0125,4.2,0,1552651260701,16587803,429
2019-03-15 15:38:43.452,100.0,buy,3895.38,BTC-28JUN19-2500-P,63.31,0.0125,100.0,1,1552664323452,16595283,430
2019-03-16 05:35:19.564,12.0,buy,4007.15,BTC-28JUN19-2500-P,67.34,0.013,12.0,0,1552714519564,16631204,431
2019-03-16 05:35:19.564,3.0,buy,4007.15,BTC-28JUN19-2500-P,67.34,0.013,3.0,1,1552714519564,16631205,432
2019-03-16 05:38:35.670,18.1,buy,4007.19,BTC-28JUN19-2500-P,67.37,0.013,18.1,1,1552714715670,16631342,433
2019-03-16 05:38:35.670,4.8,buy,4007.19,BTC-28JUN19-2500-P,68.06,0.0135,4.8,0,1552714715670,16631343,434
2019-03-16 05:38:35.670,10.0,buy,4007.19,BTC-28JUN19-2500-P,69.4,0.0145,10.0,0,1552714715670,16631344,435
2019-03-16 05:38:35.670,2.1,buy,4007.19,BTC-28JUN19-2500-P,70.06,0.015,2.1,0,1552714715670,16631345,436
2019-03-16 05:40:18.353,15.0,buy,4009.03,BTC-28JUN19-2500-P,68.06,0.0135,15.0,2,1552714818353,16631385,437
2019-03-16 05:42:22.903,7.5,buy,4008.1,BTC-28JUN19-2500-P,68.01,0.0135,7.5,3,1552714942903,16631432,438
2019-03-16 05:44:24.871,5.0,buy,4006.64,BTC-28JUN19-2500-P,67.98,0.0135,5.0,3,1552715064871,16631499,439
2019-03-16 05:44:24.871,2.5,buy,4006.64,BTC-28JUN19-2500-P,68.66,0.013999999999999999,2.5,0,1552715064871,16631500,440
2019-03-16 07:48:20.509,2.0,sell,4004.84,BTC-28JUN19-2500-P,65.89,0.012,2.0,2,1552722500509,16635432,441
2019-03-16 07:48:20.509,12.0,sell,4004.84,BTC-28JUN19-2500-P,65.89,0.012,12.0,3,1552722500509,16635433,442
2019-03-17 07:38:09.707,0.7000000000000001,sell,3953.42,BTC-28JUN19-2500-P,63.59,0.011,0.7000000000000001,2,1552808289707,16658976,443
2019-03-23 12:30:54.027,0.2,sell,3984.18,BTC-28JUN19-2500-P,62.13,0.0085,0.2,2,1553344254027,16791956,444
