date_utc,amount,direction,indexPrice,instrument,iv,price,quantity,tickDirection,timeStamp,tradeId,tradeSeq
2019-02-13 22:59:28.244,0.7000000000000001,sell,3571.68,BTC-22FEB19-3750-C,49.62,0.012,0.7000000000000001,2,1550098768244,15348956,925
2019-02-14 01:33:51.410,1.0,sell,3582.8,BTC-22FEB19-3750-C,49.31,0.0125,1.0,0,1550108031410,15351980,926
2019-02-14 01:44:58.121,1.0,sell,3580.66,BTC-22FEB19-3750-C,49.65,0.0125,1.0,1,1550108698121,15352032,927
2019-02-14 02:56:26.887,0.5,sell,3574.35,BTC-22FEB19-3750-C,50.73,0.0125,0.5,1,1550112986887,15352554,928
2019-02-14 08:12:29.606,1.0,buy,3571.89,BTC-22FEB19-3750-C,50.77,0.012,1.0,2,1550131949606,15358843,929
2019-02-14 10:11:38.706,0.5,buy,3565.79,BTC-22FEB19-3750-C,52.97,0.0125,0.5,0,1550139098706,15360005,930
2019-02-14 11:04:52.730,2.0,sell,3555.29,BTC-22FEB19-3750-C,51.5,0.011,2.0,3,1550142292730,15362321,932
2019-02-14 11:04:52.730,3.0,sell,3555.29,BTC-22FEB19-3750-C,51.5,0.011,3.0,2,1550142292730,15362320,931
2019-02-14 12:38:49.050,0.5,buy,3561.56,BTC-22FEB19-3750-C,53.95,0.0125,0.5,0,1550147929050,15367620,933
2019-02-14 12:41:24.477,0.5,sell,3560.7,BTC-22FEB19-3750-C,50.93,0.011,0.5,2,1550148084477,15367645,934
2019-02-14 12:50:16.780,0.5,sell,3559.75,BTC-22FEB19-3750-C,51.09,0.011,0.5,3,1550148616780,15367769,935
2019-02-14 17:17:15.100,1.0,sell,3571.14,BTC-22FEB19-3750-C,50.02,0.011,1.0,3,1550164635100,15371518,936
2019-02-14 17:17:15.100,1.7,sell,3571.14,BTC-22FEB19-3750-C,50.02,0.011,1.7,3,1550164635100,15371519,937
2019-02-14 17:54:39.592,0.5,sell,3574.48,BTC-22FEB19-3750-C,49.61,0.011,0.5,3,1550166879592,15372100,938
2019-02-14 17:59:51.331,5.0,sell,3571.48,BTC-22FEB19-3750-C,48.99,0.0105,5.0,2,1550167191331,15372243,939
2019-02-14 17:59:51.331,2.9,sell,3571.48,BTC-22FEB19-3750-C,48.99,0.0105,2.9,3,1550167191331,15372244,940
2019-02-14 17:59:51.331,10.0,sell,3571.48,BTC-22FEB19-3750-C,48.99,0.0105,10.0,3,1550167191331,15372245,941
2019-02-14 18:12:51.595,14.200000000000001,buy,3574.29,BTC-22FEB19-3750-C,51.79,0.012,14.200000000000001,1,1550167971595,15372521,945
2019-02-14 18:12:51.595,0.1,buy,3574.29,BTC-22FEB19-3750-C,51.79,0.012,0.1,1,1550167971595,15372519,943
2019-02-14 18:12:51.595,1.7,buy,3574.29,BTC-22FEB19-3750-C,51.79,0.012,1.7,1,1550167971595,15372520,944
2019-02-14 18:12:51.595,2.6,buy,3574.29,BTC-22FEB19-3750-C,51.79,0.012,2.6,0,1550167971595,15372518,942
2019-02-14 18:13:01.549,13.9,sell,3574.29,BTC-22FEB19-3750-C,51.79,0.012,13.9,1,1550167981549,15372524,946
2019-02-14 18:14:46.935,10.0,buy,3573.98,BTC-22FEB19-3750-C,52.88,0.0125,10.0,0,1550168086935,15372530,947
2019-02-14 18:14:51.928,10.0,buy,3573.85,BTC-22FEB19-3750-C,53.93,0.013,10.0,0,1550168091928,15372531,948
2019-02-14 21:16:59.545,1.0,sell,3564.79,BTC-22FEB19-3750-C,51.53,0.011,1.0,2,1550179019545,15373716,949
2019-02-14 21:36:00.796,1.0,sell,3564.05,BTC-22FEB19-3750-C,51.69,0.011,1.0,3,1550180160796,15373852,950
2019-02-14 21:38:51.311,0.2,buy,3559.33,BTC-22FEB19-3750-C,52.4,0.011,0.2,3,1550180331311,15374083,951
2019-02-14 21:44:15.637,1.0,sell,3568.69,BTC-22FEB19-3750-C,49.92,0.0105,1.0,2,1550180655637,15374396,952
2019-02-14 22:35:43.315,4.0,sell,3567.43,BTC-22FEB19-3750-C,51.32,0.011,4.0,1,1550183743315,15375093,954
2019-02-14 22:35:43.315,0.1,sell,3567.43,BTC-22FEB19-3750-C,51.32,0.011,0.1,0,1550183743315,15375092,953
2019-02-14 22:51:39.399,4.0,sell,3565.06,BTC-22FEB19-3750-C,50.63,0.0105,4.0,2,1550184699399,15375283,955
2019-02-15 00:05:40.888,0.5,buy,3565.1,BTC-22FEB19-3750-C,51.9,0.011,0.5,0,1550189140888,15376399,956
2019-02-15 00:07:02.309,2.0,sell,3565.16,BTC-22FEB19-3750-C,49.68,0.01,2.0,2,1550189222309,15376517,957
2019-02-15 00:07:02.309,2.9,sell,3565.16,BTC-22FEB19-3750-C,49.68,0.01,2.9,3,1550189222309,15376518,958
2019-02-15 00:52:27.689,3.0,sell,3567.31,BTC-22FEB19-3750-C,49.46,0.01,3.0,3,1550191947689,15376749,959
2019-02-15 01:11:44.414,1.0,buy,3565.59,BTC-22FEB19-3750-C,50.88,0.0105,1.0,0,1550193104414,15376835,960
2019-02-15 03:15:16.358,2.1,buy,3575.66,BTC-22FEB19-3750-C,51.83,0.0115,2.1,0,1550200516358,15377719,961
2019-02-15 03:15:16.358,1.7,buy,3575.66,BTC-22FEB19-3750-C,51.83,0.0115,1.7,1,1550200516358,15377720,962
2019-02-15 03:15:16.358,10.0,buy,3575.66,BTC-22FEB19-3750-C,51.83,0.0115,10.0,1,1550200516358,15377721,963
2019-02-15 03:15:16.358,16.2,buy,3575.66,BTC-22FEB19-3750-C,51.83,0.0115,16.2,1,1550200516358,15377722,964
2019-02-15 03:15:28.299,14.200000000000001,buy,3575.7,BTC-22FEB19-3750-C,51.83,0.0115,14.200000000000001,1,1550200528299,15377729,966
2019-02-15 03:15:28.299,1.1,buy,3575.7,BTC-22FEB19-3750-C,51.83,0.0115,1.1,1,1550200528299,15377728,965
2019-02-15 03:15:28.341,10.0,sell,3575.7,BTC-22FEB19-3750-C,51.83,0.0115,10.0,1,1550200528341,15377730,967
2019-02-15 07:35:52.563,10.0,buy,3573.16,BTC-22FEB19-3750-C,51.79,0.011,10.0,2,1550216152563,15382118,968
2019-02-15 07:39:23.823,10.0,buy,3573.6,BTC-22FEB19-3750-C,52.83,0.0115,10.0,0,1550216363823,15382134,969
2019-02-15 09:07:55.803,0.6,sell,3578.41,BTC-22FEB19-3750-C,48.97,0.01,0.6,2,1550221675803,15383210,970
2019-02-15 09:37:57.521,10.0,buy,3574.98,BTC-22FEB19-3750-C,49.57,0.01,10.0,3,1550223477521,15383440,971
2019-02-15 11:02:43.088,1.0,buy,3584.86,BTC-22FEB19-3750-C,48.25,0.01,1.0,3,1550228563088,15384533,972
2019-02-15 12:35:01.743,0.3,buy,3580.87,BTC-22FEB19-3750-C,49.1,0.01,0.3,3,1550234101743,15387101,973
2019-02-15 13:47:32.075,0.1,buy,3582.82,BTC-22FEB19-3750-C,48.98,0.01,0.1,3,1550238452075,15387708,974
2019-02-15 13:47:34.658,0.1,buy,3582.82,BTC-22FEB19-3750-C,48.98,0.01,0.1,3,1550238454658,15387709,975
2019-02-15 14:18:31.449,0.4,buy,3610.32,BTC-22FEB19-3750-C,48.99,0.012,0.4,1,1550240311449,15389470,977
2019-02-15 14:18:31.449,0.1,buy,3610.32,BTC-22FEB19-3750-C,48.99,0.012,0.1,0,1550240311449,15389469,976
2019-02-15 14:22:57.680,0.1,sell,3572.88,BTC-22FEB19-3750-C,49.46,0.0095,0.1,2,1550240577680,15391911,978
2019-02-15 14:22:59.519,0.1,sell,3569.85,BTC-22FEB19-3750-C,49.93,0.0095,0.1,3,1550240579519,15391924,979
2019-02-15 14:22:59.831,0.1,sell,3569.85,BTC-22FEB19-3750-C,49.93,0.0095,0.1,3,1550240579831,15391927,980
2019-02-15 14:23:00.979,0.1,sell,3569.85,BTC-22FEB19-3750-C,49.93,0.0095,0.1,3,1550240580979,15391937,981
2019-02-15 14:23:01.483,0.1,sell,3569.76,BTC-22FEB19-3750-C,49.95,0.0095,0.1,3,1550240581483,15391941,982
2019-02-15 14:23:02.235,0.1,sell,3569.76,BTC-22FEB19-3750-C,49.95,0.0095,0.1,3,1550240582235,15392070,983
2019-02-15 14:23:02.521,0.1,sell,3568.04,BTC-22FEB19-3750-C,50.21,0.0095,0.1,3,1550240582521,15392091,984
2019-02-15 14:23:02.691,0.1,sell,3568.04,BTC-22FEB19-3750-C,50.21,0.0095,0.1,3,1550240582691,15392106,985
2019-02-15 14:23:02.723,0.1,sell,3568.04,BTC-22FEB19-3750-C,50.21,0.0095,0.1,3,1550240582723,15392107,986
2019-02-15 14:23:04.396,0.1,sell,3567.72,BTC-22FEB19-3750-C,50.26,0.0095,0.1,3,1550240584396,15392147,987
2019-02-15 14:23:04.869,0.1,sell,3567.72,BTC-22FEB19-3750-C,50.26,0.0095,0.1,3,1550240584869,15392148,988
2019-02-15 14:23:05.381,0.1,sell,3567.25,BTC-22FEB19-3750-C,50.33,0.0095,0.1,3,1550240585381,15392154,989
2019-02-15 14:23:05.830,0.1,sell,3567.25,BTC-22FEB19-3750-C,50.33,0.0095,0.1,3,1550240585830,15392163,990
2019-02-15 14:23:06.439,0.1,sell,3564.78,BTC-22FEB19-3750-C,50.71,0.0095,0.1,3,1550240586439,15392178,991
2019-02-15 14:23:06.972,0.1,sell,3564.78,BTC-22FEB19-3750-C,50.71,0.0095,0.1,3,1550240586972,15392193,992
2019-02-15 14:23:07.491,0.1,sell,3563.52,BTC-22FEB19-3750-C,50.91,0.0095,0.1,3,1550240587491,15392225,993
2019-02-15 14:23:08.073,0.1,sell,3563.52,BTC-22FEB19-3750-C,50.91,0.0095,0.1,3,1550240588073,15392240,994
2019-02-15 14:23:08.657,0.1,sell,3562.99,BTC-22FEB19-3750-C,50.99,0.0095,0.1,3,1550240588657,15392256,995
2019-02-15 14:23:09.229,0.1,sell,3562.99,BTC-22FEB19-3750-C,50.99,0.0095,0.1,3,1550240589229,15392263,996
2019-02-15 14:23:09.750,0.1,sell,3562.99,BTC-22FEB19-3750-C,50.99,0.0095,0.1,3,1550240589750,15392268,997
2019-02-15 14:23:10.355,0.1,sell,3562.86,BTC-22FEB19-3750-C,51.01,0.0095,0.1,3,1550240590355,15392275,998
2019-02-15 14:23:10.827,0.1,sell,3562.86,BTC-22FEB19-3750-C,51.01,0.0095,0.1,3,1550240590827,15392291,999
2019-02-15 14:23:11.376,0.1,sell,3562.19,BTC-22FEB19-3750-C,51.11,0.0095,0.1,3,1550240591376,15392295,1000
2019-02-15 14:23:11.565,3.7,sell,3562.19,BTC-22FEB19-3750-C,51.11,0.0095,3.7,3,1550240591565,15392296,1001
2019-02-15 14:23:26.949,0.1,sell,3556.68,BTC-22FEB19-3750-C,50.75,0.009,0.1,2,1550240606949,15392448,1002
2019-02-15 14:23:27.959,0.1,sell,3557.37,BTC-22FEB19-3750-C,50.65,0.009,0.1,3,1550240607959,15392489,1003
2019-02-15 14:23:29.508,0.1,sell,3555.49,BTC-22FEB19-3750-C,50.93,0.009,0.1,3,1550240609508,15392514,1004
2019-02-15 14:23:30.826,0.1,sell,3553.81,BTC-22FEB19-3750-C,51.19,0.009,0.1,3,1550240610826,15392539,1005
2019-02-15 14:23:32.349,0.1,sell,3553.02,BTC-22FEB19-3750-C,51.31,0.009,0.1,3,1550240612349,15392566,1006
2019-02-15 14:23:32.851,0.1,sell,3553.02,BTC-22FEB19-3750-C,51.31,0.009,0.1,3,1550240612851,15392583,1007
2019-02-15 16:55:25.188,0.1,sell,3560.37,BTC-22FEB19-3750-C,48.13,0.008,0.1,2,1550249725188,15400277,1008
2019-02-15 18:53:35.840,100.0,buy,3567.25,BTC-22FEB19-3750-C,49.85,0.009,100.0,0,1550256815840,15401151,1009
2019-02-15 19:15:02.437,0.2,buy,3569.39,BTC-22FEB19-3750-C,50.77,0.0095,0.2,0,1550258102437,15401299,1010
2019-02-15 19:15:02.437,499.8,buy,3569.39,BTC-22FEB19-3750-C,50.77,0.0095,499.8,1,1550258102437,15401300,1011
2019-02-15 19:27:06.582,10.0,sell,3568.4,BTC-22FEB19-3750-C,47.31,0.008,10.0,3,1550258826582,15401397,1014
2019-02-15 19:27:06.582,2.5,sell,3568.4,BTC-22FEB19-3750-C,47.31,0.008,2.5,2,1550258826582,15401395,1012
2019-02-15 19:27:06.582,1.7,sell,3568.4,BTC-22FEB19-3750-C,47.31,0.008,1.7,3,1550258826582,15401396,1013
2019-02-15 19:29:41.395,20.0,buy,3568.05,BTC-22FEB19-3750-C,49.82,0.009,20.0,0,1550258981395,15401405,1015
2019-02-15 19:38:24.360,1.5,buy,3568.33,BTC-22FEB19-3750-C,49.8,0.009,1.5,1,1550259504360,15401589,1016
2019-02-15 19:42:51.861,20.0,buy,3565.21,BTC-22FEB19-3750-C,50.3,0.009,20.0,1,1550259771861,15401692,1017
2019-02-16 00:34:22.948,3.3000000000000003,buy,3566.55,BTC-22FEB19-3750-C,52.11,0.0095,3.3000000000000003,0,1550277262948,15403284,1018
2019-02-16 00:34:22.948,20.0,buy,3566.55,BTC-22FEB19-3750-C,52.11,0.0095,20.0,1,1550277262948,15403285,1019
2019-02-16 00:34:22.948,1.7,buy,3566.55,BTC-22FEB19-3750-C,52.11,0.0095,1.7,1,1550277262948,15403286,1020
2019-02-16 00:34:28.814,14.0,sell,3566.34,BTC-22FEB19-3750-C,52.14,0.0095,14.0,1,1550277268814,15403288,1021
2019-02-16 02:00:57.486,14.9,buy,3575.83,BTC-22FEB19-3750-C,54.43,0.011,14.9,1,1550282457486,15404643,1024
2019-02-16 02:00:57.486,3.2,buy,3575.83,BTC-22FEB19-3750-C,53.26,0.0105,3.2,0,1550282457486,15404641,1022
2019-02-16 02:00:57.486,20.0,buy,3575.83,BTC-22FEB19-3750-C,54.43,0.011,20.0,0,1550282457486,15404642,1023
2019-02-16 02:03:12.417,14.5,buy,3575.76,BTC-22FEB19-3750-C,55.62,0.0115,14.5,0,1550282592417,15404658,1026
2019-02-16 02:03:12.417,2.5,buy,3575.76,BTC-22FEB19-3750-C,54.45,0.011,2.5,1,1550282592417,15404657,1025
2019-02-16 02:03:18.756,14.9,sell,3575.7,BTC-22FEB19-3750-C,55.63,0.0115,14.9,1,1550282598756,15404660,1027
2019-02-16 02:50:11.046,20.0,buy,3579.18,BTC-22FEB19-3750-C,58.62,0.013,20.0,1,1550285411046,15405149,1029
2019-02-16 02:50:11.046,2.8000000000000003,buy,3579.18,BTC-22FEB19-3750-C,58.62,0.013,2.8000000000000003,0,1550285411046,15405148,1028
2019-02-16 02:50:11.046,12.200000000000001,buy,3579.18,BTC-22FEB19-3750-C,58.62,0.013,12.200000000000001,1,1550285411046,15405150,1030
2019-02-16 08:49:42.464,1.7,sell,3587.96,BTC-22FEB19-3750-C,54.83,0.0115,1.7,2,1550306982464,15410709,1031
2019-02-16 09:09:19.580,0.1,buy,3589.25,BTC-22FEB19-3750-C,55.83,0.012,0.1,0,1550308159580,15410871,1032
2019-02-16 11:40:56.259,2.9,buy,3588.8,BTC-22FEB19-3750-C,56.41,0.012,2.9,1,1550317256259,15411977,1033
2019-02-16 11:40:56.259,0.7000000000000001,buy,3588.8,BTC-22FEB19-3750-C,56.41,0.012,0.7000000000000001,1,1550317256259,15411978,1034
2019-02-16 12:41:52.554,2.0,buy,3584.7,BTC-22FEB19-3750-C,57.34,0.012,2.0,1,1550320912554,15414837,1035
2019-02-17 04:10:58.067,0.7000000000000001,buy,3586.93,BTC-22FEB19-3750-C,55.31,0.01,0.7000000000000001,2,1550376658067,15427312,1036
2019-02-17 04:11:17.315,1.0,buy,3586.96,BTC-22FEB19-3750-C,55.31,0.01,1.0,3,1550376677315,15427313,1037
2019-02-17 04:11:29.779,1.0,buy,3586.93,BTC-22FEB19-3750-C,55.31,0.01,1.0,3,1550376689779,15427314,1038
2019-02-17 04:11:40.569,1.3,buy,3586.95,BTC-22FEB19-3750-C,55.32,0.01,1.3,3,1550376700569,15427315,1039
2019-02-17 04:12:23.293,0.7000000000000001,buy,3586.8,BTC-22FEB19-3750-C,56.63,0.0105,0.7000000000000001,0,1550376743293,15427318,1040
2019-02-17 04:39:55.373,0.1,buy,3590.46,BTC-22FEB19-3750-C,56.07,0.0105,0.1,1,1550378395373,15427423,1042
2019-02-17 04:39:55.373,0.1,buy,3590.46,BTC-22FEB19-3750-C,56.07,0.0105,0.1,1,1550378395373,15427422,1041
2019-02-17 04:39:59.396,0.3,sell,3590.46,BTC-22FEB19-3750-C,56.07,0.0105,0.3,1,1550378399396,15427424,1043
2019-02-17 08:37:45.915,0.1,buy,3597.38,BTC-22FEB19-3750-C,56.98,0.011,0.1,0,1550392665915,15429315,1044
2019-02-17 08:37:45.915,0.9,buy,3597.38,BTC-22FEB19-3750-C,56.98,0.011,0.9,1,1550392665915,15429316,1045
2019-02-17 10:07:39.970,0.2,sell,3603.8,BTC-22FEB19-3750-C,50.91,0.009,0.2,2,1550398059970,15429762,1046
2019-02-17 10:26:44.585,10.0,buy,3630.1,BTC-22FEB19-3750-C,54.74,0.0125,10.0,0,1550399204585,15431799,1047
2019-02-17 10:27:06.743,0.1,buy,3638.21,BTC-22FEB19-3750-C,56.67,0.014,0.1,0,1550399226743,15432543,1048
2019-02-17 10:27:06.743,9.9,buy,3638.21,BTC-22FEB19-3750-C,56.67,0.014,9.9,1,1550399226743,15432544,1049
2019-02-17 13:01:26.602,4.0,sell,3564.4,BTC-22FEB19-3750-C,52.93,0.007,4.0,2,1550408486602,15446391,1050
2019-02-17 13:01:26.602,1.0,sell,3564.4,BTC-22FEB19-3750-C,52.93,0.007,1.0,3,1550408486602,15446392,1051
2019-02-17 13:41:47.519,0.4,buy,3570.92,BTC-22FEB19-3750-C,56.36,0.0085,0.4,0,1550410907519,15447874,1052
2019-02-17 20:12:53.128,0.5,buy,3573.81,BTC-22FEB19-3750-C,56.02,0.008,0.5,2,1550434373128,15452358,1053
2019-02-17 21:43:28.885,1.0,buy,3602.53,BTC-22FEB19-3750-C,55.26,0.0095,1.0,0,1550439808885,15453972,1054
2019-02-17 22:31:45.542,1.0,sell,3597.42,BTC-22FEB19-3750-C,52.19,0.008,1.0,2,1550442705542,15454947,1055
2019-02-17 23:03:14.335,0.3,buy,3607.19,BTC-22FEB19-3750-C,53.29,0.009,0.3,0,1550444594335,15456312,1056
2019-02-17 23:36:57.554,1.6,buy,3627.2,BTC-22FEB19-3750-C,56.11,0.0115,1.6,0,1550446617554,15458900,1057
2019-02-17 23:36:57.554,1.7,buy,3627.2,BTC-22FEB19-3750-C,56.11,0.0115,1.7,1,1550446617554,15458901,1058
2019-02-17 23:36:57.554,1.7,buy,3627.2,BTC-22FEB19-3750-C,56.11,0.0115,1.7,1,1550446617554,15458902,1059
2019-02-17 23:53:10.924,1.4000000000000001,sell,3626.48,BTC-22FEB19-3750-C,55.02,0.011,1.4000000000000001,2,1550447590924,15461406,1060
2019-02-18 00:58:17.767,0.5,buy,3663.92,BTC-22FEB19-3750-C,57.15,0.015,0.5,0,1550451497767,15466434,1061
2019-02-18 00:58:24.453,0.5,sell,3664.32,BTC-22FEB19-3750-C,55.83,0.0145,0.5,2,1550451504453,15466601,1062
2019-02-18 01:07:47.790,0.1,buy,3705.8,BTC-22FEB19-3750-C,54.01,0.018,0.1,0,1550452067790,15469749,1063
2019-02-18 01:07:51.408,0.1,buy,3712.25,BTC-22FEB19-3750-C,56.98,0.02,0.1,0,1550452071408,15469935,1064
2019-02-18 01:07:54.403,1.0,buy,3711.67,BTC-22FEB19-3750-C,58.3,0.0205,1.0,0,1550452074403,15470053,1065
2019-02-18 01:09:25.968,2.7,sell,3679.02,BTC-22FEB19-3750-C,54.81,0.0155,2.7,2,1550452165968,15472766,1066
2019-02-18 01:09:58.519,8.0,sell,3669.86,BTC-22FEB19-3750-C,54.58,0.0145,8.0,2,1550452198519,15473155,1067
2019-02-18 01:12:04.300,3.9,sell,3642.21,BTC-22FEB19-3750-C,50.71,0.0105,3.9,2,1550452324300,15475129,1068
2019-02-18 01:12:04.300,1.1,sell,3642.21,BTC-22FEB19-3750-C,50.71,0.0105,1.1,3,1550452324300,15475130,1069
2019-02-18 01:12:40.817,3.7,sell,3638.33,BTC-22FEB19-3750-C,50.21,0.01,3.7,2,1550452360817,15475385,1070
2019-02-18 01:12:40.817,0.3,sell,3638.33,BTC-22FEB19-3750-C,50.21,0.01,0.3,3,1550452360817,15475386,1071
2019-02-18 01:12:40.821,6.5,buy,3638.33,BTC-22FEB19-3750-C,50.21,0.01,6.5,3,1550452360821,15475387,1072
2019-02-18 01:12:41.791,4.5,buy,3640.65,BTC-22FEB19-3750-C,49.72,0.01,4.5,3,1550452361791,15475424,1073
2019-02-18 01:17:37.343,4.0,sell,3631.63,BTC-22FEB19-3750-C,48.93,0.009,4.0,2,1550452657343,15476999,1074
2019-02-18 01:20:36.212,0.3,buy,3630.97,BTC-22FEB19-3750-C,51.79,0.01,0.3,0,1550452836212,15477838,1075
2019-02-18 01:32:43.009,1.4000000000000001,sell,3633.49,BTC-22FEB19-3750-C,49.97,0.0095,1.4000000000000001,2,1550453563009,15478983,1076
2019-02-18 01:32:43.022,0.5,sell,3633.49,BTC-22FEB19-3750-C,49.97,0.0095,0.5,3,1550453563022,15478984,1077
2019-02-18 01:32:43.023,0.6,sell,3633.49,BTC-22FEB19-3750-C,49.97,0.0095,0.6,3,1550453563023,15478985,1078
2019-02-18 01:32:43.039,1.0,sell,3633.49,BTC-22FEB19-3750-C,49.97,0.0095,1.0,3,1550453563039,15478986,1079
2019-02-18 01:32:43.178,0.3,sell,3633.49,BTC-22FEB19-3750-C,49.97,0.0095,0.3,3,1550453563178,15478988,1081
2019-02-18 01:32:43.178,0.4,sell,3633.49,BTC-22FEB19-3750-C,49.97,0.0095,0.4,3,1550453563178,15478987,1080
2019-02-18 01:32:52.851,1.4000000000000001,sell,3632.52,BTC-22FEB19-3750-C,48.81,0.009,1.4000000000000001,2,1550453572851,15478997,1082
2019-02-18 01:32:52.863,0.6,sell,3632.52,BTC-22FEB19-3750-C,48.81,0.009,0.6,3,1550453572863,15478998,1083
2019-02-18 01:32:52.867,0.5,sell,3632.52,BTC-22FEB19-3750-C,48.81,0.009,0.5,3,1550453572867,15478999,1084
2019-02-18 01:32:52.879,1.0,sell,3632.52,BTC-22FEB19-3750-C,48.81,0.009,1.0,3,1550453572879,15479000,1085
2019-02-18 01:32:53.009,1.5,sell,3632.52,BTC-22FEB19-3750-C,48.81,0.009,1.5,3,1550453573009,15479001,1086
2019-02-18 01:32:53.025,0.3,sell,3632.52,BTC-22FEB19-3750-C,48.81,0.009,0.3,3,1550453573025,15479002,1087
2019-02-18 01:32:53.026,0.6,sell,3632.52,BTC-22FEB19-3750-C,48.81,0.009,0.6,3,1550453573026,15479003,1088
2019-02-18 01:32:53.039,0.5,sell,3632.52,BTC-22FEB19-3750-C,48.81,0.009,0.5,3,1550453573039,15479004,1089
2019-02-18 01:33:37.744,0.5,buy,3636.44,BTC-22FEB19-3750-C,49.36,0.0095,0.5,1,1550453617744,15479067,1093
2019-02-18 01:33:37.744,0.8,buy,3636.44,BTC-22FEB19-3750-C,49.36,0.0095,0.8,0,1550453617744,15479064,1090
2019-02-18 01:33:37.744,0.3,buy,3636.44,BTC-22FEB19-3750-C,49.36,0.0095,0.3,1,1550453617744,15479065,1091
2019-02-18 01:33:37.744,0.6,buy,3636.44,BTC-22FEB19-3750-C,49.36,0.0095,0.6,1,1550453617744,15479066,1092
2019-02-18 03:05:48.102,0.3,buy,3681.35,BTC-22FEB19-3750-C,52.33,0.0145,0.3,0,1550459148102,15485423,1094
2019-02-18 03:06:48.734,0.7000000000000001,buy,3684.5,BTC-22FEB19-3750-C,52.78,0.015,0.7000000000000001,0,1550459208734,15485572,1095
2019-02-18 03:33:50.735,0.1,sell,3679.31,BTC-22FEB19-3750-C,49.25,0.013,0.1,2,1550460830735,15488357,1096
2019-02-18 03:33:50.735,0.9,sell,3679.31,BTC-22FEB19-3750-C,48.01,0.0125,0.9,2,1550460830735,15488358,1097
2019-02-18 03:42:45.079,2.3000000000000003,buy,3689.38,BTC-22FEB19-3750-C,52.94,0.0155,2.3000000000000003,0,1550461365079,15488632,1098
2019-02-18 03:42:49.082,7.3,sell,3689.34,BTC-22FEB19-3750-C,52.95,0.0155,7.3,1,1550461369082,15488644,1099
2019-02-18 03:43:32.359,0.4,sell,3685.31,BTC-22FEB19-3750-C,53.96,0.0155,0.4,1,1550461412359,15488734,1100
2019-02-18 03:43:56.013,0.2,sell,3683.97,BTC-22FEB19-3750-C,53.07,0.015,0.2,2,1550461436013,15488771,1101
2019-02-18 07:55:25.539,0.5,buy,3689.84,BTC-22FEB19-3750-C,60.13,0.018,0.5,0,1550476525539,15504327,1102
2019-02-18 07:56:06.450,0.5,sell,3690.73,BTC-22FEB19-3750-C,54.98,0.016,0.5,2,1550476566450,15504332,1103
2019-02-18 07:57:17.404,0.2,buy,3690.29,BTC-22FEB19-3750-C,60.02,0.018,0.2,1,1550476637404,15504351,1105
2019-02-18 07:57:17.404,0.1,buy,3690.29,BTC-22FEB19-3750-C,60.02,0.018,0.1,0,1550476637404,15504350,1104
2019-02-18 07:57:41.565,0.3,sell,3690.38,BTC-22FEB19-3750-C,55.08,0.016,0.3,2,1550476661565,15504353,1106
2019-02-18 08:09:26.122,1.0,sell,3691.21,BTC-22FEB19-3750-C,54.91,0.016,1.0,3,1550477366122,15504862,1107
2019-02-18 08:24:38.821,2.0,sell,3695.92,BTC-22FEB19-3750-C,53.76,0.016,2.0,3,1550478278821,15505372,1108
2019-02-18 08:28:04.722,0.5,sell,3697.55,BTC-22FEB19-3750-C,53.35,0.016,0.5,3,1550478484722,15505462,1109
2019-02-18 09:32:09.145,1.0,buy,3703.86,BTC-22FEB19-3750-C,58.11,0.0185,1.0,0,1550482329145,15507276,1110
2019-02-18 10:26:01.826,0.3,buy,3695.68,BTC-22FEB19-3750-C,59.37,0.018,0.3,2,1550485561826,15509617,1111
2019-02-18 10:53:05.877,1.0,sell,3685.27,BTC-22FEB19-3750-C,58.52,0.0165,1.0,2,1550487185877,15510737,1112
2019-02-18 11:39:40.391,1.1,sell,3699.44,BTC-22FEB19-3750-C,55.01,0.0165,1.1,3,1550489980391,15511985,1113
2019-02-18 11:39:55.928,0.3,sell,3699.4,BTC-22FEB19-3750-C,53.77,0.016,0.3,2,1550489995928,15511989,1114
2019-02-18 11:39:55.928,0.3,sell,3699.4,BTC-22FEB19-3750-C,53.77,0.016,0.3,3,1550489995928,15511990,1115
2019-02-18 11:48:01.821,1.3,buy,3698.97,BTC-22FEB19-3750-C,56.42,0.017,1.3,0,1550490481821,15512259,1116
2019-02-18 12:10:30.422,0.2,buy,3700.03,BTC-22FEB19-3750-C,53.75,0.016,0.2,2,1550491830422,15514602,1117
2019-02-18 12:19:00.341,0.1,buy,3706.94,BTC-22FEB19-3750-C,53.16,0.0165,0.1,0,1550492340341,15515165,1118
2019-02-18 12:23:30.622,0.1,buy,3707.9,BTC-22FEB19-3750-C,52.91,0.0165,0.1,1,1550492610622,15515623,1119
2019-02-18 12:36:27.531,0.1,buy,3714.28,BTC-22FEB19-3750-C,53.67,0.0175,0.1,0,1550493387531,15516448,1120
2019-02-18 12:43:37.411,3.1,buy,3714.01,BTC-22FEB19-3750-C,56.27,0.0185,3.1,0,1550493817411,15516932,1121
2019-02-18 12:56:34.859,0.5,buy,3739.31,BTC-22FEB19-3750-C,52.54,0.02,0.5,0,1550494594859,15518880,1122
2019-02-18 12:56:34.859,9.5,buy,3739.31,BTC-22FEB19-3750-C,52.54,0.02,9.5,1,1550494594859,15518881,1123
2019-02-18 12:56:35.716,6.0,buy,3740.49,BTC-22FEB19-3750-C,52.18,0.02,6.0,1,1550494595716,15518900,1124
2019-02-18 12:56:35.782,10.0,buy,3740.49,BTC-22FEB19-3750-C,52.18,0.02,10.0,1,1550494595782,15518901,1125
2019-02-18 12:56:39.843,6.0,buy,3742.68,BTC-22FEB19-3750-C,51.5,0.02,6.0,1,1550494599843,15518994,1126
2019-02-18 12:56:41.396,4.1,buy,3743.06,BTC-22FEB19-3750-C,51.38,0.02,4.1,1,1550494601396,15519009,1127
2019-02-18 12:57:29.550,3.4,buy,3727.67,BTC-22FEB19-3750-C,54.84,0.0195,3.4,2,1550494649550,15519729,1128
2019-02-18 13:01:56.129,3.4,buy,3725.39,BTC-22FEB19-3750-C,56.77,0.02,3.4,0,1550494916129,15520524,1129
2019-02-18 13:20:16.349,1.0,buy,3739.64,BTC-22FEB19-3750-C,52.55,0.02,1.0,1,1550496016349,15522102,1130
2019-02-18 13:22:27.089,0.1,buy,3756.58,BTC-22FEB19-3750-C,50.85,0.0215,0.1,0,1550496147089,15523130,1131
2019-02-18 13:22:31.981,1.0,buy,3759.49,BTC-22FEB19-3750-C,51.12,0.022,1.0,1,1550496151981,15523203,1133
2019-02-18 13:22:31.981,0.1,buy,3759.49,BTC-22FEB19-3750-C,51.12,0.022,0.1,0,1550496151981,15523202,1132
2019-02-18 13:22:37.535,0.1,buy,3762.38,BTC-22FEB19-3750-C,51.39,0.0225,0.1,0,1550496157535,15523306,1134
2019-02-18 13:22:59.889,0.1,buy,3761.8,BTC-22FEB19-3750-C,52.82,0.023,0.1,0,1550496179889,15523751,1135
2019-02-18 13:25:13.428,4.0,buy,3749.26,BTC-22FEB19-3750-C,53.24,0.0215,4.0,2,1550496313428,15524615,1136
2019-02-18 13:28:28.950,0.1,buy,3765.97,BTC-22FEB19-3750-C,52.67,0.0235,0.1,0,1550496508950,15525304,1137
2019-02-18 13:29:02.042,0.1,buy,3768.31,BTC-22FEB19-3750-C,53.11,0.024,0.1,0,1550496542042,15525502,1138
2019-02-18 13:29:02.042,2.0,buy,3768.31,BTC-22FEB19-3750-C,53.11,0.024,2.0,1,1550496542042,15525503,1139
2019-02-18 13:29:02.042,3.9,buy,3768.31,BTC-22FEB19-3750-C,53.11,0.024,3.9,1,1550496542042,15525504,1140
2019-02-18 13:29:06.947,3.2,buy,3769.23,BTC-22FEB19-3750-C,52.79,0.024,3.2,1,1550496546947,15525610,1141
2019-02-18 13:29:12.779,3.2,buy,3773.38,BTC-22FEB19-3750-C,51.34,0.024,3.2,1,1550496552779,15525695,1142
2019-02-18 13:29:16.021,10.0,buy,3772.57,BTC-22FEB19-3750-C,51.63,0.024,10.0,1,1550496556021,15525733,1143
2019-02-18 13:29:16.785,10.0,buy,3774.1,BTC-22FEB19-3750-C,51.09,0.024,10.0,1,1550496556785,15525745,1144
2019-02-18 13:29:17.527,10.0,buy,3774.56,BTC-22FEB19-3750-C,50.93,0.024,10.0,1,1550496557527,15525764,1145
2019-02-18 13:29:17.890,9.700000000000001,buy,3774.56,BTC-22FEB19-3750-C,50.93,0.024,9.700000000000001,1,1550496557890,15525766,1146
2019-02-18 13:29:17.989,0.1,buy,3774.56,BTC-22FEB19-3750-C,52.17,0.0245,0.1,0,1550496557989,15525767,1147
2019-02-18 13:29:17.989,1.0,buy,3774.56,BTC-22FEB19-3750-C,52.17,0.0245,1.0,1,1550496557989,15525768,1148
2019-02-18 13:29:28.735,2.0,buy,3776.81,BTC-22FEB19-3750-C,52.62,0.025,2.0,0,1550496568735,15525893,1149
2019-02-18 13:31:35.984,3.2,buy,3773.24,BTC-22FEB19-3750-C,52.65,0.0245,3.2,2,1550496695984,15526810,1150
2019-02-18 13:41:54.993,1.0,buy,3787.46,BTC-22FEB19-3750-C,51.31,0.026,1.0,0,1550497314993,15529583,1151
2019-02-18 13:44:55.328,2.0,buy,3789.93,BTC-22FEB19-3750-C,52.93,0.027,2.0,0,1550497495328,15530768,1152
2019-02-18 13:44:55.328,4.0,buy,3789.93,BTC-22FEB19-3750-C,52.93,0.027,4.0,1,1550497495328,15530769,1153
2019-02-18 13:45:40.734,6.0,buy,3792.89,BTC-22FEB19-3750-C,51.82,0.027,6.0,1,1550497540734,15530919,1154
2019-02-18 13:45:56.260,5.0,buy,3795.14,BTC-22FEB19-3750-C,50.96,0.027,5.0,1,1550497556260,15530989,1155
2019-02-18 13:46:02.213,1.4000000000000001,buy,3796.69,BTC-22FEB19-3750-C,50.35,0.027,1.4000000000000001,1,1550497562213,15531027,1156
2019-02-18 13:46:02.396,0.4,buy,3798.09,BTC-22FEB19-3750-C,49.81,0.027,0.4,1,1550497562396,15531039,1157
2019-02-18 13:46:02.429,0.1,buy,3798.09,BTC-22FEB19-3750-C,49.81,0.027,0.1,1,1550497562429,15531040,1158
2019-02-18 13:46:02.577,0.1,buy,3798.09,BTC-22FEB19-3750-C,49.81,0.027,0.1,1,1550497562577,15531051,1159
2019-02-18 13:46:02.772,0.5,buy,3798.09,BTC-22FEB19-3750-C,49.81,0.027,0.5,1,1550497562772,15531054,1160
2019-02-18 13:47:43.775,2.6,buy,3792.49,BTC-22FEB19-3750-C,54.52,0.028,2.6,0,1550497663775,15532117,1161
2019-02-18 13:51:03.331,0.2,buy,3805.08,BTC-22FEB19-3750-C,50.91,0.0285,0.2,0,1550497863331,15532782,1162
2019-02-18 13:51:20.342,3.8000000000000003,buy,3802.83,BTC-22FEB19-3750-C,51.81,0.0285,3.8000000000000003,1,1550497880342,15532959,1163
2019-02-18 13:52:56.877,2.0,buy,3801.73,BTC-22FEB19-3750-C,54.83,0.0295,2.0,0,1550497976877,15533359,1164
2019-02-18 13:52:56.877,2.4,buy,3801.73,BTC-22FEB19-3750-C,54.83,0.0295,2.4,1,1550497976877,15533360,1165
2019-02-18 13:55:22.485,3.0,buy,3812.52,BTC-22FEB19-3750-C,51.79,0.03,3.0,0,1550498122485,15534230,1166
2019-02-18 14:03:45.794,1.0,buy,3787.46,BTC-22FEB19-3750-C,48.88,0.025,1.0,2,1550498625794,15536532,1167
2019-02-18 14:04:03.811,1.0,buy,3786.38,BTC-22FEB19-3750-C,51.82,0.026,1.0,0,1550498643811,15536594,1168
2019-02-18 14:04:48.722,1.0,buy,3791.32,BTC-22FEB19-3750-C,51.24,0.0265,1.0,0,1550498688722,15536789,1169
2019-02-18 14:14:30.727,1.0,buy,3800.15,BTC-22FEB19-3750-C,51.7,0.028,1.0,0,1550499270727,15538720,1170
2019-02-18 14:14:47.979,2.4,buy,3800.09,BTC-22FEB19-3750-C,56.86,0.03,2.4,0,1550499287979,15538746,1171
2019-02-18 14:15:07.939,2.4,buy,3799.86,BTC-22FEB19-3750-C,58.23,0.0305,2.4,0,1550499307939,15538766,1172
2019-02-18 14:16:25.835,3.0,buy,3805.08,BTC-22FEB19-3750-C,57.49,0.031,3.0,0,1550499385835,15538920,1173
2019-02-18 14:17:59.803,4.0,buy,3810.0,BTC-22FEB19-3750-C,56.85,0.0315,4.0,0,1550499479803,15539086,1174
2019-02-18 14:24:16.946,3.0,buy,3821.41,BTC-22FEB19-3750-C,53.47,0.032,3.0,0,1550499856946,15540073,1175
2019-02-18 14:24:21.361,2.0,buy,3821.37,BTC-22FEB19-3750-C,54.82,0.0325,2.0,0,1550499861361,15540125,1176
2019-02-18 14:25:38.010,2.0,buy,3821.79,BTC-22FEB19-3750-C,55.97,0.033,2.0,0,1550499938010,15540743,1177
2019-02-18 14:34:29.522,2.3000000000000003,buy,3809.77,BTC-22FEB19-3750-C,57.02,0.0315,2.3000000000000003,2,1550500469522,15541764,1178
2019-02-18 14:39:54.491,0.9,sell,3804.69,BTC-22FEB19-3750-C,51.3,0.0285,0.9,3,1550500794491,15542481,1180
2019-02-18 14:39:54.491,0.1,sell,3804.69,BTC-22FEB19-3750-C,51.3,0.0285,0.1,2,1550500794491,15542480,1179
2019-02-18 15:52:23.319,0.1,buy,3805.59,BTC-22FEB19-3750-C,51.28,0.0285,0.1,3,1550505143319,15546947,1181
2019-02-18 16:05:52.658,0.3,buy,3822.31,BTC-22FEB19-3750-C,49.54,0.0305,0.3,0,1550505952658,15547940,1182
2019-02-18 16:06:00.770,10.0,buy,3825.48,BTC-22FEB19-3750-C,49.47,0.031,10.0,0,1550505960770,15547988,1183
2019-02-18 16:06:02.061,5.0,buy,3825.96,BTC-22FEB19-3750-C,49.25,0.031,5.0,1,1550505962061,15548007,1184
2019-02-18 16:19:25.362,1.0,buy,3832.02,BTC-22FEB19-3750-C,49.27,0.032,1.0,0,1550506765362,15550192,1185
2019-02-18 16:20:46.489,3.0,buy,3840.4,BTC-22FEB19-3750-C,49.49,0.0335,3.0,0,1550506846489,15550557,1186
2019-02-18 16:21:00.968,2.0,buy,3843.72,BTC-22FEB19-3750-C,49.28,0.034,2.0,0,1550506860968,15550666,1187
2019-02-18 16:22:52.567,1.0,buy,3846.34,BTC-22FEB19-3750-C,49.42,0.0345,1.0,0,1550506972567,15550997,1188
2019-02-18 16:23:33.840,0.1,buy,3849.96,BTC-22FEB19-3750-C,49.03,0.035,0.1,0,1550507013840,15551185,1189
2019-02-18 16:23:33.840,3.0,buy,3849.96,BTC-22FEB19-3750-C,49.03,0.035,3.0,1,1550507013840,15551186,1190
2019-02-18 16:23:39.819,1.0,buy,3854.05,BTC-22FEB19-3750-C,48.37,0.0355,1.0,0,1550507019819,15551265,1191
2019-02-18 16:23:46.576,2.8000000000000003,buy,3855.67,BTC-22FEB19-3750-C,49.0,0.036,2.8000000000000003,1,1550507026576,15551325,1195
2019-02-18 16:23:46.576,2.0,buy,3855.67,BTC-22FEB19-3750-C,49.0,0.036,2.0,1,1550507026576,15551324,1194
2019-02-18 16:23:46.576,0.1,buy,3855.67,BTC-22FEB19-3750-C,49.0,0.036,0.1,0,1550507026576,15551322,1192
2019-02-18 16:23:46.576,0.1,buy,3855.67,BTC-22FEB19-3750-C,49.0,0.036,0.1,1,1550507026576,15551323,1193
2019-02-18 16:23:48.361,0.2,buy,3856.86,BTC-22FEB19-3750-C,48.36,0.036,0.2,1,1550507028361,15551360,1196
2019-02-18 16:23:55.311,1.0,buy,3858.12,BTC-22FEB19-3750-C,49.19,0.0365,1.0,0,1550507035311,15551420,1197
2019-02-18 16:24:10.711,1.0,buy,3861.94,BTC-22FEB19-3750-C,50.14,0.0375,1.0,0,1550507050711,15551701,1198
2019-02-18 16:24:12.912,2.0,buy,3863.11,BTC-22FEB19-3750-C,49.5,0.0375,2.0,1,1550507052912,15551774,1199
2019-02-18 16:25:34.289,0.1,buy,3852.38,BTC-22FEB19-3750-C,56.5,0.038,0.1,0,1550507134289,15552371,1200
2019-02-18 16:25:34.289,0.2,buy,3852.38,BTC-22FEB19-3750-C,57.92,0.0385,0.2,0,1550507134289,15552372,1201
2019-02-18 16:26:31.744,0.8,buy,3864.16,BTC-22FEB19-3750-C,51.97,0.0385,0.8,1,1550507191744,15552647,1202
2019-02-18 16:26:41.626,3.0,buy,3868.15,BTC-22FEB19-3750-C,51.32,0.039,3.0,0,1550507201626,15552779,1203
2019-02-18 16:26:59.983,1.0,buy,3876.12,BTC-22FEB19-3750-C,49.91,0.04,1.0,1,1550507219983,15553135,1205
2019-02-18 16:26:59.983,0.1,buy,3876.12,BTC-22FEB19-3750-C,49.91,0.04,0.1,0,1550507219983,15553134,1204
2019-02-18 16:28:44.573,1.0,buy,3872.32,BTC-22FEB19-3750-C,55.14,0.041,1.0,0,1550507324573,15553841,1206
2019-02-18 16:28:44.573,1.0,buy,3872.32,BTC-22FEB19-3750-C,56.65,0.0415,1.0,0,1550507324573,15553842,1207
2019-02-18 16:30:21.206,1.2,buy,3878.04,BTC-22FEB19-3750-C,47.16,0.0395,1.2,2,1550507421206,15554255,1208
2019-02-18 16:30:46.456,0.5,buy,3884.91,BTC-22FEB19-3750-C,47.83,0.041,0.5,0,1550507446456,15554456,1209
2019-02-18 16:30:47.805,1.0,buy,3885.38,BTC-22FEB19-3750-C,49.21,0.0415,1.0,0,1550507447805,15554487,1210
2019-02-18 16:31:00.005,5.0,buy,3889.58,BTC-22FEB19-3750-C,48.22,0.042,5.0,0,1550507460005,15554576,1211
2019-02-18 16:31:02.312,5.0,buy,3889.63,BTC-22FEB19-3750-C,48.18,0.042,5.0,1,1550507462312,15554588,1212
2019-02-18 16:31:03.826,6.7,buy,3890.16,BTC-22FEB19-3750-C,47.84,0.042,6.7,1,1550507463826,15554604,1213
2019-02-18 16:31:03.961,1.1,buy,3890.16,BTC-22FEB19-3750-C,47.84,0.042,1.1,1,1550507463961,15554605,1214
2019-02-18 16:31:04.679,2.2,buy,3890.43,BTC-22FEB19-3750-C,47.66,0.042,2.2,1,1550507464679,15554614,1215
2019-02-18 16:31:04.679,2.0,buy,3890.43,BTC-22FEB19-3750-C,47.66,0.042,2.0,1,1550507464679,15554615,1216
2019-02-18 16:38:38.609,0.2,buy,3893.08,BTC-22FEB19-3750-C,51.08,0.0435,0.2,0,1550507918609,15558539,1217
2019-02-18 16:39:10.222,1.0,buy,3898.69,BTC-22FEB19-3750-C,50.87,0.0445,1.0,0,1550507950222,15558648,1218
2019-02-18 16:42:12.703,0.1,sell,3894.48,BTC-22FEB19-3750-C,46.73,0.0425,0.1,2,1550508132703,15559158,1219
2019-02-18 16:42:12.703,2.5,sell,3894.48,BTC-22FEB19-3750-C,46.73,0.0425,2.5,3,1550508132703,15559159,1220
2019-02-18 16:42:12.703,2.4,sell,3894.48,BTC-22FEB19-3750-C,44.93,0.042,2.4,2,1550508132703,15559160,1221
2019-02-18 16:43:28.988,6.0,buy,3884.82,BTC-22FEB19-3750-C,49.61,0.0415,6.0,2,1550508208988,15559387,1222
2019-02-18 16:43:32.845,0.7000000000000001,buy,3883.74,BTC-22FEB19-3750-C,50.28,0.0415,0.7000000000000001,3,1550508212845,15559405,1223
2019-02-18 16:43:34.600,3.3000000000000003,buy,3883.74,BTC-22FEB19-3750-C,50.28,0.0415,3.3000000000000003,3,1550508214600,15559429,1224
2019-02-18 16:43:48.525,1.0,buy,3880.44,BTC-22FEB19-3750-C,52.24,0.0415,1.0,3,1550508228525,15559623,1225
2019-02-18 16:44:37.443,1.4000000000000001,buy,3849.01,BTC-22FEB19-3750-C,55.38,0.037,1.4000000000000001,2,1550508277443,15560822,1226
2019-02-18 16:52:27.096,0.1,buy,3869.55,BTC-22FEB19-3750-C,53.73,0.04,0.1,0,1550508747096,15563884,1227
2019-02-18 16:55:10.661,0.4,buy,3876.46,BTC-22FEB19-3750-C,53.0,0.041,0.4,0,1550508910661,15564151,1228
2019-02-18 17:03:37.725,0.6,buy,3846.21,BTC-22FEB19-3750-C,56.82,0.037,0.6,2,1550509417725,15566572,1229
2019-02-18 17:06:26.074,0.1,buy,3848.11,BTC-22FEB19-3750-C,60.16,0.0385,0.1,0,1550509586074,15567204,1230
2019-02-18 17:09:37.401,0.1,sell,3852.88,BTC-22FEB19-3750-C,59.34,0.039,0.1,0,1550509777401,15567718,1231
2019-02-18 17:09:37.401,0.1,sell,3852.88,BTC-22FEB19-3750-C,52.15,0.0365,0.1,2,1550509777401,15567719,1232
2019-02-18 17:28:21.876,0.1,sell,3869.44,BTC-22FEB19-3750-C,59.95,0.042,0.1,0,1550510901876,15569604,1233
2019-02-18 18:12:27.649,0.1,buy,3875.66,BTC-22FEB19-3750-C,59.96,0.043,0.1,0,1550513547649,15571553,1234
2019-02-18 18:12:37.293,0.1,buy,3882.04,BTC-22FEB19-3750-C,59.6,0.044,0.1,0,1550513557293,15571711,1235
2019-02-18 18:18:16.688,0.2,buy,3888.46,BTC-22FEB19-3750-C,59.18,0.045,0.2,0,1550513896688,15572511,1236
2019-02-18 18:28:16.890,0.1,buy,3893.49,BTC-22FEB19-3750-C,68.8,0.049,0.1,0,1550514496890,15573235,1237
2019-02-18 18:28:16.890,0.1,buy,3893.49,BTC-22FEB19-3750-C,71.79,0.05,0.1,0,1550514496890,15573236,1238
2019-02-18 18:28:16.890,1.2,buy,3893.49,BTC-22FEB19-3750-C,73.27,0.0505,1.2,0,1550514496890,15573237,1239
2019-02-18 18:28:16.893,3.6,sell,3893.49,BTC-22FEB19-3750-C,74.75,0.051,3.6,0,1550514496893,15573238,1240
2019-02-18 18:53:19.145,0.1,buy,3885.19,BTC-22FEB19-3750-C,61.19,0.045,0.1,2,1550515999145,15574096,1241
2019-02-18 18:53:19.176,0.1,buy,3885.19,BTC-22FEB19-3750-C,61.19,0.045,0.1,3,1550515999176,15574098,1242
2019-02-18 19:06:56.104,1.0,buy,3885.17,BTC-22FEB19-3750-C,70.33,0.048,1.0,0,1550516816104,15574448,1243
2019-02-18 19:30:36.656,0.1,sell,3882.59,BTC-22FEB19-3750-C,61.29,0.0445,0.1,2,1550518236656,15576055,1244
2019-02-18 19:36:31.289,1.0,buy,3887.18,BTC-22FEB19-3750-C,60.35,0.045,1.0,0,1550518591289,15576198,1245
2019-02-18 19:39:35.033,0.3,sell,3880.37,BTC-22FEB19-3750-C,61.01,0.044,0.3,2,1550518775033,15576473,1246
2019-02-18 19:50:15.920,1.0,sell,3877.15,BTC-22FEB19-3750-C,58.21,0.0425,1.0,2,1550519415920,15576914,1247
2019-02-18 20:59:29.743,0.3,sell,3863.18,BTC-22FEB19-3750-C,62.91,0.0415,0.3,2,1550523569743,15580238,1248
2019-02-18 21:27:41.203,5.0,buy,3865.27,BTC-22FEB19-3750-C,57.53,0.04,5.0,2,1550525261203,15581196,1249
2019-02-18 23:06:32.200,0.1,buy,3873.73,BTC-22FEB19-3750-C,64.32,0.0435,0.1,0,1550531192200,15585304,1250
2019-02-19 00:04:49.777,0.5,buy,3881.39,BTC-22FEB19-3750-C,72.9,0.0475,0.5,0,1550534689777,15587772,1251
2019-02-19 00:16:05.236,1.0,buy,3892.76,BTC-22FEB19-3750-C,74.74,0.05,1.0,0,1550535365236,15588999,1252
2019-02-19 00:19:43.091,0.2,buy,3905.89,BTC-22FEB19-3750-C,78.68,0.0535,0.2,0,1550535583091,15589484,1253
2019-02-19 00:19:43.091,0.8,buy,3905.89,BTC-22FEB19-3750-C,78.68,0.0535,0.8,1,1550535583091,15589485,1254
2019-02-19 00:38:25.471,0.2,buy,3928.21,BTC-22FEB19-3750-C,70.97,0.055,0.2,0,1550536705471,15592069,1255
2019-02-19 00:41:49.475,0.2,sell,3934.76,BTC-22FEB19-3750-C,70.35,0.056,0.2,1,1550536909475,15593754,1257
2019-02-19 00:41:49.475,0.2,sell,3934.76,BTC-22FEB19-3750-C,70.35,0.056,0.2,0,1550536909475,15593753,1256
2019-02-19 00:56:17.714,1.0,sell,3927.5,BTC-22FEB19-3750-C,66.35,0.0535,1.0,2,1550537777714,15596841,1258
2019-02-19 00:56:17.716,4.0,buy,3927.5,BTC-22FEB19-3750-C,66.35,0.0535,4.0,3,1550537777716,15596842,1259
2019-02-19 01:01:51.986,0.1,sell,3916.08,BTC-22FEB19-3750-C,76.63,0.0545,0.1,0,1550538111986,15597424,1260
2019-02-19 01:03:41.098,1.0,sell,3899.2,BTC-22FEB19-3750-C,70.05,0.0495,1.0,2,1550538221098,15597864,1261
2019-02-19 01:05:30.446,0.3,sell,3898.78,BTC-22FEB19-3750-C,65.44,0.048,0.3,2,1550538330446,15598162,1262
2019-02-19 01:07:46.956,1.0,sell,3898.41,BTC-22FEB19-3750-C,65.68,0.048,1.0,3,1550538466956,15598395,1263
2019-02-19 01:10:17.762,1.0,buy,3909.6,BTC-22FEB19-3750-C,70.64,0.0515,1.0,0,1550538617762,15598863,1264
2019-02-19 01:33:36.747,0.3,buy,3877.35,BTC-22FEB19-3750-C,68.03,0.045,0.3,2,1550540016747,15600714,1265
2019-02-19 01:41:13.890,1.4000000000000001,sell,3878.35,BTC-22FEB19-3750-C,67.55,0.045,1.4000000000000001,3,1550540473890,15601422,1266
2019-02-19 01:41:17.722,1.4000000000000001,buy,3878.5,BTC-22FEB19-3750-C,67.47,0.045,1.4000000000000001,3,1550540477722,15601424,1267
2019-02-19 01:41:46.070,1.4000000000000001,buy,3877.27,BTC-22FEB19-3750-C,68.13,0.045,1.4000000000000001,3,1550540506070,15601443,1268
2019-02-19 01:49:54.547,1.6,buy,3855.79,BTC-22FEB19-3750-C,67.05,0.041,1.6,2,1550540994547,15603323,1269
2019-02-19 01:50:23.664,0.4,buy,3856.1,BTC-22FEB19-3750-C,66.9,0.041,0.4,3,1550541023664,15603408,1270
2019-02-19 01:54:58.641,1.5,sell,3866.07,BTC-22FEB19-3750-C,67.93,0.043,1.5,0,1550541298641,15603788,1271
2019-02-19 01:56:42.529,1.0,buy,3871.8,BTC-22FEB19-3750-C,68.03,0.044,1.0,0,1550541402529,15603981,1272
2019-02-19 01:57:51.149,1.0,buy,3867.79,BTC-22FEB19-3750-C,73.09,0.045,1.0,0,1550541471149,15604053,1273
2019-02-19 01:58:42.208,0.3,buy,3869.02,BTC-22FEB19-3750-C,72.49,0.045,0.3,1,1550541522208,15604078,1274
2019-02-19 03:05:32.106,6.6000000000000005,buy,3863.06,BTC-22FEB19-3750-C,69.96,0.043,6.6000000000000005,2,1550545532106,15606599,1275
2019-02-19 03:05:58.142,2.8000000000000003,buy,3863.7,BTC-22FEB19-3750-C,69.65,0.043,2.8000000000000003,3,1550545558142,15606631,1276
2019-02-19 03:05:58.319,0.1,buy,3863.7,BTC-22FEB19-3750-C,69.65,0.043,0.1,3,1550545558319,15606632,1277
2019-02-19 03:05:58.331,0.1,buy,3863.7,BTC-22FEB19-3750-C,69.65,0.043,0.1,3,1550545558331,15606633,1278
2019-02-19 03:05:58.347,0.1,buy,3863.7,BTC-22FEB19-3750-C,69.65,0.043,0.1,3,1550545558347,15606634,1279
2019-02-19 03:05:58.416,0.2,buy,3863.7,BTC-22FEB19-3750-C,69.65,0.043,0.2,3,1550545558416,15606635,1280
2019-02-19 03:05:58.444,0.1,buy,3863.7,BTC-22FEB19-3750-C,69.65,0.043,0.1,3,1550545558444,15606636,1281
2019-02-19 09:35:57.636,0.1,buy,3875.66,BTC-22FEB19-3750-C,74.35,0.0455,0.1,0,1550568957636,15616553,1282
2019-02-19 09:35:57.636,0.1,buy,3875.66,BTC-22FEB19-3750-C,74.35,0.0455,0.1,1,1550568957636,15616554,1283
2019-02-19 09:43:49.752,0.2,buy,3873.5,BTC-22FEB19-3750-C,77.18,0.046,0.2,0,1550569429752,15616828,1284
2019-02-19 09:57:01.489,5.0,sell,3865.12,BTC-22FEB19-3750-C,60.88,0.0395,5.0,2,1550570221489,15617870,1285
2019-02-19 09:57:01.491,5.0,buy,3865.12,BTC-22FEB19-3750-C,59.21,0.039,5.0,2,1550570221491,15617871,1286
2019-02-19 10:20:56.296,1.5,sell,3856.31,BTC-22FEB19-3750-C,57.9,0.037,1.5,2,1550571656296,15618722,1287
2019-02-19 10:20:56.296,4.5,sell,3856.31,BTC-22FEB19-3750-C,57.9,0.037,4.5,3,1550571656296,15618723,1288
2019-02-19 12:22:09.212,0.1,buy,3892.81,BTC-22FEB19-3750-C,69.16,0.0465,0.1,0,1550578929212,15622676,1289
2019-02-19 12:22:09.212,4.9,buy,3892.81,BTC-22FEB19-3750-C,77.76,0.049,4.9,0,1550578929212,15622677,1290
2019-02-19 13:18:04.243,5.0,sell,3907.04,BTC-22FEB19-3750-C,65.67,0.048,5.0,2,1550582284243,15624949,1291
2019-02-19 13:22:20.964,0.1,buy,3920.45,BTC-22FEB19-3750-C,59.54,0.049,0.1,0,1550582540964,15625648,1292
2019-02-19 13:26:25.544,0.1,buy,3939.18,BTC-22FEB19-3750-C,65.42,0.054,0.1,0,1550582785544,15627312,1293
2019-02-19 13:27:27.024,4.9,buy,3928.62,BTC-22FEB19-3750-C,84.56,0.057,4.9,0,1550582847024,15627740,1295
2019-02-19 13:27:27.024,0.1,buy,3928.62,BTC-22FEB19-3750-C,73.45,0.054,0.1,1,1550582847024,15627739,1294
2019-02-19 13:36:09.505,0.1,buy,3924.84,BTC-22FEB19-3750-C,72.36,0.053,0.1,2,1550583369505,15629507,1296
2019-02-19 13:36:09.505,4.9,buy,3924.84,BTC-22FEB19-3750-C,83.45,0.056,4.9,0,1550583369505,15629508,1297
2019-02-19 13:38:06.394,5.0,sell,3936.48,BTC-22FEB19-3750-C,69.75,0.0545,5.0,2,1550583486394,15630149,1298
2019-02-19 13:38:12.693,5.0,buy,3935.18,BTC-22FEB19-3750-C,80.39,0.057,5.0,0,1550583492693,15630193,1299
2019-02-19 13:46:11.854,5.0,sell,3937.95,BTC-22FEB19-3750-C,82.35,0.058,5.0,0,1550583971854,15631338,1300
2019-02-19 13:46:53.891,0.1,buy,3940.27,BTC-22FEB19-3750-C,82.68,0.0585,0.1,0,1550584013891,15631483,1301
2019-02-19 13:46:53.891,4.9,buy,3940.27,BTC-22FEB19-3750-C,84.54,0.059,4.9,0,1550584013891,15631484,1302
2019-02-19 13:49:25.649,7.7,sell,3946.06,BTC-22FEB19-3750-C,84.43,0.06,7.7,0,1550584165649,15632745,1303
2019-02-19 13:49:30.867,2.3000000000000003,sell,3946.84,BTC-22FEB19-3750-C,83.9,0.06,2.3000000000000003,1,1550584170867,15632774,1304
2019-02-19 14:42:49.431,2.0,sell,3920.73,BTC-22FEB19-3750-C,83.16,0.055,2.0,2,1550587369431,15644033,1305
2019-02-19 14:58:24.422,5.0,sell,3935.36,BTC-22FEB19-3750-C,67.18,0.0535,5.0,2,1550588304422,15646182,1306
2019-02-19 14:58:27.109,5.0,buy,3934.76,BTC-22FEB19-3750-C,67.66,0.0535,5.0,3,1550588307109,15646184,1307
2019-02-19 18:19:00.096,2.0,sell,3929.39,BTC-22FEB19-3750-C,63.03,0.051,2.0,2,1550600340096,15658379,1308
2019-02-19 19:22:50.875,5.9,buy,3942.73,BTC-22FEB19-3750-C,69.97,0.055,5.9,0,1550604170875,15659666,1309
2019-02-19 19:22:51.345,0.4,buy,3942.73,BTC-22FEB19-3750-C,69.97,0.055,0.4,1,1550604171345,15659672,1310
2019-02-19 19:22:51.374,0.2,buy,3942.73,BTC-22FEB19-3750-C,69.97,0.055,0.2,1,1550604171374,15659673,1311
2019-02-19 19:22:51.396,0.2,buy,3942.73,BTC-22FEB19-3750-C,69.97,0.055,0.2,1,1550604171396,15659674,1312
2019-02-19 19:22:52.006,0.2,buy,3942.73,BTC-22FEB19-3750-C,69.97,0.055,0.2,1,1550604172006,15659681,1313
2019-02-19 19:22:52.022,0.2,buy,3942.73,BTC-22FEB19-3750-C,69.97,0.055,0.2,1,1550604172022,15659682,1314
2019-02-19 19:27:34.802,2.9,buy,3943.13,BTC-22FEB19-3750-C,69.67,0.055,2.9,1,1550604454802,15659766,1315
2019-02-19 19:55:56.063,5.8,buy,3947.07,BTC-22FEB19-3750-C,63.94,0.0545,5.8,2,1550606156063,15660400,1316
2019-02-19 19:55:56.721,1.7,buy,3947.07,BTC-22FEB19-3750-C,63.94,0.0545,1.7,3,1550606156721,15660401,1317
2019-02-19 20:53:32.381,0.1,sell,3931.1,BTC-22FEB19-3750-C,65.15,0.0515,0.1,2,1550609612381,15661502,1318
2019-02-20 07:46:03.832,5.0,buy,3897.96,BTC-22FEB19-3750-C,71.37,0.045,5.0,2,1550648763832,15679909,1319
2019-02-20 07:46:19.368,5.0,buy,3899.08,BTC-22FEB19-3750-C,70.42,0.045,5.0,3,1550648779368,15679916,1320
2019-02-20 07:50:48.878,0.5,sell,3890.98,BTC-22FEB19-3750-C,68.33,0.043,0.5,2,1550649048878,15680359,1321
2019-02-20 07:53:27.922,0.5,sell,3892.73,BTC-22FEB19-3750-C,64.54,0.0425,0.5,2,1550649207922,15680437,1322
2019-02-20 09:18:11.520,5.0,sell,3906.11,BTC-22FEB19-3750-C,72.36,0.0465,5.0,0,1550654291520,15682746,1323
2019-02-20 15:32:19.260,3.0,buy,3919.95,BTC-22FEB19-3750-C,71.37,0.048,3.0,0,1550676739260,15703415,1324
2019-02-20 17:11:49.941,0.1,sell,3921.43,BTC-22FEB19-3750-C,43.93,0.0445,0.1,2,1550682709941,15706329,1325
2019-02-20 17:11:49.946,0.9,buy,3921.43,BTC-22FEB19-3750-C,43.93,0.0445,0.9,3,1550682709946,15706330,1326
2019-02-20 19:58:14.342,3.1,buy,3924.0,BTC-22FEB19-3750-C,93.79,0.052,3.1,0,1550692694342,15709357,1327
2019-02-20 19:58:14.342,1.0,buy,3924.0,BTC-22FEB19-3750-C,93.79,0.052,1.0,1,1550692694342,15709358,1328
2019-02-20 19:58:14.342,0.9,buy,3924.0,BTC-22FEB19-3750-C,93.79,0.052,0.9,1,1550692694342,15709359,1329
