date_utc,amount,direction,indexPrice,instrument,iv,price,quantity,tickDirection,timeStamp,tradeId,tradeSeq
2019-02-14 03:08:11.599,0.5,sell,3575.3,BTC-27SEP19-12000-C,67.73,0.0035,0.5,2,1550113691599,15352766,101
2019-02-14 19:48:33.851,0.1,buy,3574.71,BTC-27SEP19-12000-C,67.86,0.0035,0.1,3,1550173713851,15372936,102
2019-02-18 09:13:17.901,1.0,buy,3700.45,BTC-27SEP19-12000-C,67.77,0.004,1.0,0,1550481197901,15507012,103
2019-02-19 14:39:34.486,5.0,buy,3925.82,BTC-27SEP19-12000-C,67.04,0.005,5.0,0,1550587174486,15643689,104
2019-02-19 17:08:12.371,1.0,buy,3939.9,BTC-27SEP19-12000-C,68.73,0.006,1.0,0,1550596092371,15655516,105
2019-02-19 20:53:07.024,0.1,sell,3931.37,BTC-27SEP19-12000-C,67.06,0.005,0.1,2,1550609587024,15661497,106
2019-02-19 20:53:07.975,0.1,sell,3931.37,BTC-27SEP19-12000-C,67.06,0.005,0.1,3,1550609587975,15661498,107
2019-02-19 20:53:08.891,0.1,sell,3931.37,BTC-27SEP19-12000-C,67.06,0.005,0.1,3,1550609588891,15661499,108
2019-02-19 20:53:09.694,0.1,sell,3931.37,BTC-27SEP19-12000-C,67.06,0.005,0.1,3,1550609589694,15661500,109
2019-02-19 20:53:11.237,0.1,sell,3931.37,BTC-27SEP19-12000-C,67.06,0.005,0.1,3,1550609591237,15661501,110
2019-02-19 21:48:22.369,1.5,sell,3916.96,BTC-27SEP19-12000-C,67.2,0.005,1.5,3,1550612902369,15663163,111
2019-02-19 23:24:41.779,5.0,buy,3901.49,BTC-27SEP19-12000-C,68.36,0.0055,5.0,0,1550618681779,15668342,112
2019-02-19 23:24:41.779,4.3,buy,3901.49,BTC-27SEP19-12000-C,68.36,0.0055,4.3,1,1550618681779,15668343,113
2019-02-20 12:45:29.951,0.5,sell,3940.36,BTC-27SEP19-12000-C,66.98,0.005,0.5,2,1550666729951,15692448,114
2019-02-20 14:21:27.227,1.0,sell,3908.42,BTC-27SEP19-12000-C,67.48,0.005,1.0,3,1550672487227,15701273,115
2019-02-20 20:03:19.402,0.5,sell,3929.86,BTC-27SEP19-12000-C,67.17,0.005,0.5,3,1550692999402,15709907,116
2019-02-21 12:36:06.958,5.0,sell,3896.37,BTC-27SEP19-12000-C,66.54,0.0045,5.0,2,1550752566958,15742835,117
2019-02-22 15:59:24.787,1.0,buy,3930.15,BTC-27SEP19-12000-C,67.41,0.005,1.0,0,1550851164787,15782705,118
2019-02-22 17:09:15.141,1.0,sell,3929.51,BTC-27SEP19-12000-C,67.42,0.005,1.0,1,1550855355141,15784523,119
2019-02-22 17:16:08.452,1.0,sell,3928.78,BTC-27SEP19-12000-C,67.42,0.005,1.0,1,1550855768452,15784550,120
2019-02-23 19:31:01.922,0.2,buy,4121.55,BTC-27SEP19-12000-C,67.36,0.006,0.2,0,1550950261922,15841689,121
2019-02-23 22:58:12.657,3.8,sell,4115.36,BTC-27SEP19-12000-C,67.34,0.006,3.8,1,1550962692657,15852965,122
2019-02-24 04:39:23.223,1.0,buy,4149.95,BTC-27SEP19-12000-C,67.9,0.0065,1.0,0,1550983163223,15867203,123
2019-02-24 04:39:23.223,4.0,buy,4149.95,BTC-27SEP19-12000-C,67.9,0.0065,4.0,1,1550983163223,15867204,124
2019-02-24 04:40:00.765,1.0,buy,4147.95,BTC-27SEP19-12000-C,67.92,0.0065,1.0,1,1550983200765,15867241,125
2019-02-24 14:16:24.362,3.0,sell,3739.16,BTC-27SEP19-12000-C,72.41,0.0055,3.0,2,1551017784362,15901192,126
2019-02-24 14:16:27.164,0.7000000000000001,sell,3739.75,BTC-27SEP19-12000-C,72.4,0.0055,0.7000000000000001,3,1551017787164,15901297,127
2019-02-25 03:46:48.334,2.0,sell,3777.78,BTC-27SEP19-12000-C,70.12,0.005,2.0,2,1551066408334,15973815,128
2019-02-25 03:46:59.870,1.0,sell,3777.32,BTC-27SEP19-12000-C,70.13,0.005,1.0,3,1551066419870,15973816,129
2019-02-25 14:53:45.246,5.0,buy,3778.02,BTC-27SEP19-12000-C,70.15,0.005,5.0,3,1551106425246,15990431,131
2019-02-25 14:53:45.246,1.0,buy,3778.02,BTC-27SEP19-12000-C,70.15,0.005,1.0,3,1551106425246,15990430,130
2019-02-26 02:50:21.305,6.0,buy,3823.09,BTC-27SEP19-12000-C,70.69,0.0055,6.0,0,1551149421305,16014872,132
2019-02-26 05:41:19.704,3.0,buy,3786.68,BTC-27SEP19-12000-C,71.11,0.0055,3.0,1,1551159679704,16019789,133
2019-03-01 06:25:47.383,1.0,sell,3801.48,BTC-27SEP19-12000-C,68.27,0.004,1.0,2,1551421547383,16143299,134
2019-03-01 06:26:02.015,0.5,sell,3801.44,BTC-27SEP19-12000-C,68.27,0.004,0.5,3,1551421562015,16143300,135
2019-03-01 08:14:42.276,4.6000000000000005,buy,3807.77,BTC-27SEP19-12000-C,70.3,0.005,4.6000000000000005,0,1551428082276,16145270,136
2019-03-02 00:19:48.665,0.5,sell,3810.4,BTC-27SEP19-12000-C,68.24,0.004,0.5,2,1551485988665,16161941,137
2019-03-02 00:45:28.560,1.0,sell,3812.21,BTC-27SEP19-12000-C,69.32,0.0045,1.0,0,1551487528560,16162190,138
2019-03-02 00:45:36.057,0.5,sell,3811.97,BTC-27SEP19-12000-C,69.32,0.0045,0.5,1,1551487536057,16162191,139
2019-03-02 03:47:01.129,0.5,sell,3815.23,BTC-27SEP19-12000-C,69.36,0.0045,0.5,1,1551498421129,16163065,140
2019-03-04 12:54:24.595,5.0,buy,3697.28,BTC-27SEP19-12000-C,72.28,0.005,5.0,0,1551704064595,16235635,141
2019-03-04 12:54:24.595,3.0,buy,3697.28,BTC-27SEP19-12000-C,72.28,0.005,3.0,1,1551704064595,16235636,142
2019-03-04 12:54:24.595,2.0,buy,3697.28,BTC-27SEP19-12000-C,72.28,0.005,2.0,1,1551704064595,16235637,143
2019-03-05 22:10:36.109,4.0,sell,3835.92,BTC-27SEP19-12000-C,70.59,0.005,4.0,1,1551823836109,16296059,144
2019-03-07 14:05:23.754,3.0,buy,3843.19,BTC-27SEP19-12000-C,71.68,0.0055,3.0,0,1551967523754,16352737,145
2019-03-07 17:34:12.075,0.4,sell,3866.25,BTC-27SEP19-12000-C,68.28,0.004,0.4,2,1551980052075,16359990,146
2019-03-08 03:31:50.547,0.2,sell,3856.33,BTC-27SEP19-12000-C,68.49,0.004,0.2,3,1552015910547,16366735,147
2019-03-08 22:03:40.381,1.5,buy,3780.08,BTC-27SEP19-12000-C,71.85,0.005,1.5,0,1552082620381,16399587,148
2019-03-11 23:52:01.206,0.4,sell,3847.0,BTC-27SEP19-12000-C,69.39,0.004,0.4,2,1552348321206,16498727,149
2019-03-11 23:52:01.206,0.2,sell,3847.0,BTC-27SEP19-12000-C,69.39,0.004,0.2,3,1552348321206,16498728,150
2019-03-12 01:46:30.225,0.3,buy,3824.68,BTC-27SEP19-12000-C,69.67,0.004,0.3,3,1552355190225,16503244,151
2019-03-12 03:08:49.336,0.3,sell,3804.82,BTC-27SEP19-12000-C,69.9,0.004,0.3,3,1552360129336,16506637,152
2019-03-12 04:13:16.995,0.2,sell,3801.78,BTC-27SEP19-12000-C,69.92,0.004,0.2,3,1552363996995,16508347,153
2019-03-14 02:31:31.192,0.2,sell,3855.45,BTC-27SEP19-12000-C,69.76,0.004,0.2,3,1552530691192,16548628,154
2019-03-15 13:22:15.774,10.0,buy,3884.93,BTC-27SEP19-12000-C,71.76,0.005,10.0,0,1552656135774,16591458,155
2019-03-15 19:23:09.430,0.2,sell,3901.82,BTC-27SEP19-12000-C,69.42,0.004,0.2,2,1552677789430,16599723,156
2019-03-16 01:57:12.671,0.1,buy,3935.6,BTC-27SEP19-12000-C,71.2,0.005,0.1,0,1552701432671,16607636,157
2019-03-16 07:37:01.378,10.0,sell,4005.89,BTC-27SEP19-12000-C,68.28,0.004,10.0,2,1552721821378,16635286,158
2019-03-16 17:22:27.918,5.0,sell,3979.53,BTC-27SEP19-12000-C,68.55,0.004,5.0,3,1552756947918,16647527,159
2019-03-16 17:22:56.617,5.0,sell,3979.56,BTC-27SEP19-12000-C,68.55,0.004,5.0,3,1552756976617,16647534,160
2019-03-16 17:23:42.205,5.0,sell,3979.53,BTC-27SEP19-12000-C,68.55,0.004,5.0,3,1552757022205,16647550,161
2019-03-19 10:29:20.885,5.0,sell,3971.55,BTC-27SEP19-12000-C,70.25,0.0045,5.0,0,1552991360885,16703222,162
2019-03-22 01:42:11.568,0.5,buy,3976.72,BTC-27SEP19-12000-C,71.92,0.005,0.5,0,1553218931568,16773296,163
2019-03-22 13:36:38.660,0.5,sell,3989.27,BTC-27SEP19-12000-C,69.62,0.004,0.5,2,1553261798660,16778466,164
2019-03-22 15:55:41.979,0.5,buy,3985.93,BTC-27SEP19-12000-C,71.95,0.005,0.5,0,1553270141979,16779624,165
2019-03-22 15:55:41.979,4.5,buy,3985.93,BTC-27SEP19-12000-C,71.95,0.005,4.5,1,1553270141979,16779625,166
2019-03-23 00:42:13.555,0.2,sell,3976.25,BTC-27SEP19-12000-C,69.83,0.004,0.2,2,1553301733555,16783503,167
2019-03-24 00:13:37.898,0.1,sell,3977.36,BTC-27SEP19-12000-C,69.97,0.004,0.1,3,1553386417898,16796615,168
