date_utc,amount,direction,indexPrice,instrument,iv,price,quantity,tickDirection,timeStamp,tradeId,tradeSeq
2019-02-14 03:08:11.599,0.5,sell,3575.3,BTC-27SEP19-12000-C,67.73,0.0035,0.5,2,1550113691599,15352766,101
2019-02-14 19:48:33.851,0.1,buy,3574.71,BTC-27SEP19-12000-C,67.86,0.0035,0.1,3,1550173713851,15372936,102
2019-02-18 09:13:17.901,1.0,buy,3700.45,BTC-27SEP19-12000-C,67.77,0.004,1.0,0,1550481197901,15507012,103
2019-02-19 14:39:34.486,5.0,buy,3925.82,BTC-27SEP19-12000-C,67.04,0.005,5.0,0,1550587174486,15643689,104
2019-02-19 17:08:12.371,1.0,buy,3939.9,BTC-27SEP19-12000-C,68.73,0.006,1.0,0,1550596092371,15655516,105
2019-02-19 20:53:07.024,0.1,sell,3931.37,BTC-27SEP19-12000-C,67.06,0.005,0.1,2,1550609587024,15661497,106
2019-02-19 20:53:07.975,0.1,sell,3931.37,BTC-27SEP19-12000-C,67.06,0.005,0.1,3,1550609587975,15661498,107
2019-02-19 20:53:08.891,0.1,sell,3931.37,BTC-27SEP19-12000-C,67.06,0.005,0.1,3,1550609588891,15661499,108
2019-02-19 20:53:09.694,0.1,sell,3931.37,BTC-27SEP19-12000-C,67.06,0.005,0.1,3,1550609589694,15661500,109
2019-02-19 20:53:11.237,0.1,sell,3931.37,BTC-27SEP19-12000-C,67.06,0.005,0.1,3,1550609591237,15661501,110
2019-02-19 21:48:22.369,1.5,sell,3916.96,BTC-27SEP19-12000-C,67.2,0.005,1.5,3,1550612902369,15663163,111
2019-02-19 23:24:41.779,5.0,buy,3901.49,BTC-27SEP19-12000-C,68.36,0.0055,5.0,0,1550618681779,15668342,112
2019-02-19 23:24:41.779,4.3,buy,3901.49,BTC-27SEP19-12000-C,68.36,0.0055,4.3,1,1550618681779,15668343,113
2019-02-20 12:45:29.951,0.5,sell,3940.36,BTC-27SEP19-12000-C,66.98,0.005,0.5,2,1550666729951,15692448,114
2019-02-20 14:21:27.227,1.0,sell,3908.42,BTC-27SEP19-12000-C,67.48,0.005,1.0,3,1550672487227,15701273,115
2019-02-20 20:03:19.402,0.5,sell,3929.86,BTC-27SEP19-12000-C,67.17,0.005,0.5,3,1550692999402,15709907,116
2019-02-21 12:36:06.958,5.0,sell,3896.37,BTC-27SEP19-12000-C,66.54,0.0045,5.0,2,1550752566958,15742835,117
2019-02-22 15:59:24.787,1.0,buy,3930.15,BTC-27SEP19-12000-C,67.41,0.005,1.0,0,1550851164787,15782705,118
2019-02-22 17:09:15.141,1.0,sell,3929.51,BTC-27SEP19-12000-C,67.42,0.005,1.0,1,1550855355141,15784523,119
2019-02-22 17:16:08.452,1.0,sell,3928.78,BTC-27SEP19-12000-C,67.42,0.005,1.0,1,1550855768452,15784550,120
2019-02-23 19:31:01.922,0.2,buy,4121.55,BTC-27SEP19-12000-C,67.36,0.006,0.2,0,1550950261922,15841689,121
2019-02-23 22:58:12.657,3.8,sell,4115.36,BTC-27SEP19-12000-C,67.34,0.006,3.8,1,1550962692657,15852965,122
2019-02-24 04:39:23.223,4.0,buy,4149.95,BTC-27SEP19-12000-C,67.9,0.0065,4.0,1,1550983163223,15867204,124
2019-02-24 04:39:23.223,1.0,buy,4149.95,BTC-27SEP19-12000-C,67.9,0.0065,1.0,0,1550983163223,15867203,123
2019-02-24 04:40:00.765,1.0,buy,4147.95,BTC-27SEP19-12000-C,67.92,0.0065,1.0,1,1550983200765,15867241,125
2019-02-24 14:16:24.362,3.0,sell,3739.16,BTC-27SEP19-12000-C,72.41,0.0055,3.0,2,1551017784362,15901192,126
2019-02-24 14:16:27.164,0.7000000000000001,sell,3739.75,BTC-27SEP19-12000-C,72.4,0.0055,0.7000000000000001,3,1551017787164,15901297,127
2019-02-25 03:46:48.334,2.0,sell,3777.78,BTC-27SEP19-12000-C,70.12,0.005,2.0,2,1551066408334,15973815,128
2019-02-25 03:46:59.870,1.0,sell,3777.32,BTC-27SEP19-12000-C,70.13,0.005,1.0,3,1551066419870,15973816,129
2019-02-25 14:53:45.246,1.0,buy,3778.02,BTC-27SEP19-12000-C,70.15,0.005,1.0,3,1551106425246,15990430,130
2019-02-25 14:53:45.246,5.0,buy,3778.02,BTC-27SEP19-12000-C,70.15,0.005,5.0,3,1551106425246,15990431,131
2019-02-26 02:50:21.305,6.0,buy,3823.09,BTC-27SEP19-12000-C,70.69,0.0055,6.0,0,1551149421305,16014872,132
2019-02-26 05:41:19.704,3.0,buy,3786.68,BTC-27SEP19-12000-C,71.11,0.0055,3.0,1,1551159679704,16019789,133
2019-03-01 06:25:47.383,1.0,sell,3801.48,BTC-27SEP19-12000-C,68.27,0.004,1.0,2,1551421547383,16143299,134
2019-03-01 06:26:02.015,0.5,sell,3801.44,BTC-27SEP19-12000-C,68.27,0.004,0.5,3,1551421562015,16143300,135
2019-03-01 08:14:42.276,4.6000000000000005,buy,3807.77,BTC-27SEP19-12000-C,70.3,0.005,4.6000000000000005,0,1551428082276,16145270,136
2019-03-02 00:19:48.665,0.5,sell,3810.4,BTC-27SEP19-12000-C,68.24,0.004,0.5,2,1551485988665,16161941,137
2019-03-02 00:45:28.560,1.0,sell,3812.21,BTC-27SEP19-12000-C,69.32,0.0045,1.0,0,1551487528560,16162190,138
2019-03-02 00:45:36.057,0.5,sell,3811.97,BTC-27SEP19-12000-C,69.32,0.0045,0.5,1,1551487536057,16162191,139
2019-03-02 03:47:01.129,0.5,sell,3815.23,BTC-27SEP19-12000-C,69.36,0.0045,0.5,1,1551498421129,16163065,140
2019-03-04 12:54:24.595,5.0,buy,3697.28,BTC-27SEP19-12000-C,72.28,0.005,5.0,0,1551704064595,16235635,141
2019-03-04 12:54:24.595,2.0,buy,3697.28,BTC-27SEP19-12000-C,72.28,0.005,2.0,1,1551704064595,16235637,143
2019-03-04 12:54:24.595,3.0,buy,3697.28,BTC-27SEP19-12000-C,72.28,0.005,3.0,1,1551704064595,16235636,142
2019-03-05 22:10:36.109,4.0,sell,3835.92,BTC-27SEP19-12000-C,70.59,0.005,4.0,1,1551823836109,16296059,144
2019-03-07 14:05:23.754,3.0,buy,3843.19,BTC-27SEP19-12000-C,71.68,0.0055,3.0,0,1551967523754,16352737,145
2019-03-07 17:34:12.075,0.4,sell,3866.25,BTC-27SEP19-12000-C,68.28,0.004,0.4,2,1551980052075,16359990,146
2019-03-08 03:31:50.547,0.2,sell,3856.33,BTC-27SEP19-12000-C,68.49,0.004,0.2,3,1552015910547,16366735,147
2019-03-08 22:03:40.381,1.5,buy,3780.08,BTC-27SEP19-12000-C,71.85,0.005,1.5,0,1552082620381,16399587,148
2019-03-11 23:52:01.206,0.2,sell,3847.0,BTC-27SEP19-12000-C,69.39,0.004,0.2,3,1552348321206,16498728,150
2019-03-11 23:52:01.206,0.4,sell,3847.0,BTC-27SEP19-12000-C,69.39,0.004,0.4,2,1552348321206,16498727,149
2019-03-12 01:46:30.225,0.3,buy,3824.68,BTC-27SEP19-12000-C,69.67,0.004,0.3,3,1552355190225,16503244,151
2019-03-12 03:08:49.336,0.3,sell,3804.82,BTC-27SEP19-12000-C,69.9,0.004,0.3,3,1552360129336,16506637,152
2019-03-12 04:13:16.995,0.2,sell,3801.78,BTC-27SEP19-12000-C,69.92,0.004,0.2,3,1552363996995,16508347,153
2019-03-14 02:31:31.192,0.2,sell,3855.45,BTC-27SEP19-12000-C,69.76,0.004,0.2,3,1552530691192,16548628,154
2019-03-15 13:22:15.774,10.0,buy,3884.93,BTC-27SEP19-12000-C,71.76,0.005,10.0,0,1552656135774,16591458,155
2019-03-15 19:23:09.430,0.2,sell,3901.82,BTC-27SEP19-12000-C,69.42,0.004,0.2,2,1552677789430,16599723,156
2019-03-16 01:57:12.671,0.1,buy,3935.6,BTC-27SEP19-12000-C,71.2,0.005,0.1,0,1552701432671,16607636,157
2019-03-16 07:37:01.378,10.0,sell,4005.89,BTC-27SEP19-12000-C,68.28,0.004,10.0,2,1552721821378,16635286,158
2019-03-16 17:22:27.918,5.0,sell,3979.53,BTC-27SEP19-12000-C,68.55,0.004,5.0,3,1552756947918,16647527,159
2019-03-16 17:22:56.617,5.0,sell,3979.56,BTC-27SEP19-12000-C,68.55,0.004,5.0,3,1552756976617,16647534,160
2019-03-16 17:23:42.205,5.0,sell,3979.53,BTC-27SEP19-12000-C,68.55,0.004,5.0,3,1552757022205,16647550,161
2019-03-19 10:29:20.885,5.0,sell,3971.55,BTC-27SEP19-12000-C,70.25,0.0045,5.0,0,1552991360885,16703222,162
2019-03-22 01:42:11.568,0.5,buy,3976.72,BTC-27SEP19-12000-C,71.92,0.005,0.5,0,1553218931568,16773296,163
2019-03-22 13:36:38.660,0.5,sell,3989.27,BTC-27SEP19-12000-C,69.62,0.004,0.5,2,1553261798660,16778466,164
2019-03-22 15:55:41.979,4.5,buy,3985.93,BTC-27SEP19-12000-C,71.95,0.005,4.5,1,1553270141979,16779625,166
2019-03-22 15:55:41.979,0.5,buy,3985.93,BTC-27SEP19-12000-C,71.95,0.005,0.5,0,1553270141979,16779624,165
2019-03-23 00:42:13.555,0.2,sell,3976.25,BTC-27SEP19-12000-C,69.83,0.004,0.2,2,1553301733555,16783503,167
2019-03-24 00:13:37.898,0.1,sell,3977.36,BTC-27SEP19-12000-C,69.97,0.004,0.1,3,1553386417898,16796615,168
2019-03-24 21:04:01.973,0.1,sell,3957.46,BTC-27SEP19-12000-C,70.38,0.004,0.1,3,1553461441973,16804749,169
2019-03-25 18:25:03.885,0.2,sell,3932.8,BTC-27SEP19-12000-C,70.93,0.004,0.2,3,1553538303885,16817284,170
2019-03-25 18:50:16.787,0.2,sell,3908.26,BTC-27SEP19-12000-C,71.21,0.004,0.2,3,1553539816787,16819153,171
2019-03-26 14:27:43.090,10.4,sell,3897.82,BTC-27SEP19-12000-C,71.84,0.004,10.4,3,1553610463090,16837893,172
2019-03-26 17:53:45.970,11.7,buy,3913.0,BTC-27SEP19-12000-C,71.81,0.004,11.7,3,1553622825970,16840584,173
2019-03-28 12:17:32.831,6.9,buy,4003.55,BTC-27SEP19-12000-C,72.91,0.005,6.9,0,1553775452831,16924777,174
2019-03-28 12:17:33.025,6.9,sell,4003.55,BTC-27SEP19-12000-C,72.91,0.005,6.9,1,1553775453025,16924778,175
2019-03-29 20:29:12.065,6.9,sell,4075.39,BTC-27SEP19-12000-C,74.1,0.006,6.9,0,1553891352065,16961776,176
2019-03-29 20:29:12.192,4.0,sell,4075.39,BTC-27SEP19-12000-C,74.1,0.006,4.0,1,1553891352192,16961777,177
2019-03-29 20:29:14.086,6.9,sell,4075.39,BTC-27SEP19-12000-C,74.1,0.006,6.9,1,1553891354086,16961778,178
2019-03-29 20:29:14.820,4.0,sell,4075.39,BTC-27SEP19-12000-C,74.1,0.006,4.0,1,1553891354820,16961779,179
2019-03-29 20:29:16.113,6.9,sell,4075.39,BTC-27SEP19-12000-C,74.1,0.006,6.9,1,1553891356113,16961780,180
2019-03-29 20:29:18.129,1.3,sell,4075.39,BTC-27SEP19-12000-C,74.1,0.006,1.3,1,1553891358129,16961781,181
2019-04-01 05:05:47.859,6.9,sell,4124.74,BTC-27SEP19-12000-C,74.06,0.006,6.9,1,1554095147859,17000683,182
2019-04-01 05:05:50.640,6.9,sell,4124.74,BTC-27SEP19-12000-C,74.06,0.006,6.9,1,1554095150640,17000684,183
2019-04-01 05:05:52.685,6.9,sell,4124.74,BTC-27SEP19-12000-C,74.06,0.006,6.9,1,1554095152685,17000685,184
2019-04-01 05:21:23.345,6.9,sell,4118.73,BTC-27SEP19-12000-C,74.15,0.006,6.9,1,1554096083345,17000910,185
2019-04-01 06:36:27.614,6.9,sell,4126.74,BTC-27SEP19-12000-C,74.07,0.006,6.9,1,1554100587614,17001270,186
2019-04-01 07:19:32.614,10.0,sell,4126.69,BTC-27SEP19-12000-C,74.98,0.0065,10.0,0,1554103172614,17001546,187
2019-04-01 11:01:10.861,6.9,sell,4114.27,BTC-27SEP19-12000-C,74.3,0.006,6.9,2,1554116470861,17003731,188
2019-04-02 02:10:16.046,10.0,sell,4169.68,BTC-27SEP19-12000-C,72.86,0.0055,10.0,2,1554171016046,17016210,189
2019-04-02 04:24:31.477,0.5,sell,4177.77,BTC-27SEP19-12000-C,71.77,0.005,0.5,2,1554179071477,17018494,190
2019-04-02 05:28:52.928,0.5,buy,4995.17,BTC-27SEP19-12000-C,70.2,0.011,0.5,0,1554182932928,17065513,191
2019-04-02 07:23:21.494,0.3,sell,4696.16,BTC-27SEP19-12000-C,69.85,0.008,0.3,2,1554189801494,17091622,192
2019-04-02 14:56:01.838,1.0,buy,4745.48,BTC-27SEP19-12000-C,72.71,0.0105,1.0,0,1554216961838,17119388,193
2019-04-03 00:17:50.163,2.0,sell,4928.91,BTC-27SEP19-12000-C,68.24,0.0085,2.0,2,1554250670163,17155156,194
2019-04-03 01:50:24.465,1.0,buy,4970.67,BTC-27SEP19-12000-C,68.42,0.009000000000000001,1.0,0,1554256224465,17166036,195
2019-04-03 01:50:53.548,0.1,buy,4973.14,BTC-27SEP19-12000-C,69.7,0.01,0.1,0,1554256253548,17166078,196
2019-04-03 01:53:22.794,5.0,buy,4979.18,BTC-27SEP19-12000-C,74.08,0.014,5.0,1,1554256402794,17166214,198
2019-04-03 01:53:22.794,25.0,buy,4979.18,BTC-27SEP19-12000-C,74.08,0.014,25.0,0,1554256402794,17166213,197
2019-04-03 16:19:02.089,15.0,buy,5130.42,BTC-27SEP19-12000-C,72.67,0.0145,15.0,0,1554308342089,17210718,199
2019-04-03 16:21:35.226,20.0,buy,5118.66,BTC-27SEP19-12000-C,73.3,0.015,20.0,0,1554308495226,17211250,200
2019-04-03 17:19:01.083,5.0,buy,5104.44,BTC-27SEP19-12000-C,70.41,0.012,5.0,2,1554311941083,17219102,201
2019-04-03 22:52:49.903,1.4,sell,5109.75,BTC-27SEP19-12000-C,68.63,0.0105,1.4,2,1554331969903,17256676,202
2019-04-08 06:35:44.461,174.0,sell,5266.1,BTC-27SEP19-12000-C,73.04,0.0165,174.0,0,1554705344461,17515484,203
2019-04-08 15:09:04.727,0.3,sell,5235.5,BTC-27SEP19-12000-C,72.93,0.0155,0.3,3,1554736144727,17534143,205
2019-04-08 15:09:04.727,0.7000000000000001,sell,5235.5,BTC-27SEP19-12000-C,72.93,0.0155,0.7000000000000001,2,1554736144727,17534142,204
2019-04-08 18:27:54.069,2.0,sell,5218.77,BTC-27SEP19-12000-C,74.58,0.017,2.0,0,1554748074069,17538615,206
2019-04-08 20:00:03.951,10.0,buy,5200.71,BTC-27SEP19-12000-C,75.71,0.018000000000000002,10.0,0,1554753603951,17540624,207
2019-04-08 20:00:03.951,3.0,buy,5200.71,BTC-27SEP19-12000-C,76.15,0.0185,3.0,0,1554753603951,17540625,208
2019-04-08 20:01:43.250,0.5,buy,5199.97,BTC-27SEP19-12000-C,76.16,0.0185,0.5,1,1554753703250,17540705,209
2019-04-11 18:26:37.857,100.5,sell,5063.35,BTC-27SEP19-12000-C,77.92,0.017,100.5,2,1555007197857,17710355,210
2019-04-11 18:26:44.435,100.0,sell,5063.3,BTC-27SEP19-12000-C,77.92,0.017,100.0,3,1555007204435,17710356,211
2019-04-12 10:29:55.804,5.0,buy,5034.11,BTC-27SEP19-12000-C,76.8,0.0155,5.0,2,1555064995804,17743949,212
2019-04-12 16:58:46.755,10.0,sell,5083.38,BTC-27SEP19-12000-C,73.13,0.0125,10.0,2,1555088326755,17752406,213
2019-04-15 02:46:27.211,0.1,buy,5167.47,BTC-27SEP19-12000-C,79.91,0.0195,0.1,0,1555296387211,17812234,214
2019-04-15 02:46:47.556,0.2,buy,5167.51,BTC-27SEP19-12000-C,79.91,0.0195,0.2,1,1555296407556,17812237,215
2019-04-15 07:14:15.491,10.0,buy,5153.36,BTC-27SEP19-12000-C,75.84,0.015,10.0,2,1555312455491,17814995,216
2019-04-15 07:24:06.515,10.0,buy,5151.3,BTC-27SEP19-12000-C,75.84,0.015,10.0,3,1555313046515,17815095,217
2019-04-16 12:22:52.190,10.0,buy,5072.21,BTC-27SEP19-12000-C,75.81,0.014,10.0,2,1555417372190,17856639,218
2019-04-18 04:56:18.742,1.1,buy,5276.85,BTC-27SEP19-12000-C,75.01,0.0155,1.1,0,1555563378742,17917666,219
2019-04-18 17:38:20.937,0.1,sell,5286.66,BTC-27SEP19-12000-C,73.49,0.013999999999999999,0.1,2,1555609100937,17929382,220
2019-04-18 17:38:20.937,11.0,sell,5286.66,BTC-27SEP19-12000-C,73.49,0.013999999999999999,11.0,3,1555609100937,17929383,221
2019-04-18 17:41:07.015,12.0,sell,5286.28,BTC-27SEP19-12000-C,73.51,0.013999999999999999,12.0,3,1555609267015,17929648,222
2019-04-18 17:44:51.253,0.7000000000000001,sell,5277.07,BTC-27SEP19-12000-C,73.1,0.0135,0.7000000000000001,2,1555609491253,17929852,223
2019-04-20 23:34:36.400,0.1,sell,5308.16,BTC-27SEP19-12000-C,73.8,0.013999999999999999,0.1,0,1555803276400,17994779,224
2019-04-22 19:27:10.639,1.0,buy,5378.64,BTC-27SEP19-12000-C,76.75,0.0175,1.0,0,1555961230639,18065988,225
2019-04-26 08:12:26.452,5.0,buy,5173.27,BTC-27SEP19-12000-C,79.74,0.0165,5.0,2,1556266346452,18319477,226
2019-04-26 08:19:44.953,4.3,buy,5173.18,BTC-27SEP19-12000-C,79.76,0.0165,4.3,3,1556266784953,18319716,227
2019-04-26 08:22:31.782,3.0,sell,5172.47,BTC-27SEP19-12000-C,78.23,0.015,3.0,2,1556266951782,18319743,228
2019-04-26 08:24:09.944,1.0,sell,5172.99,BTC-27SEP19-12000-C,78.23,0.015,1.0,3,1556267049944,18319766,229
2019-04-26 10:21:36.533,6.0,sell,5179.87,BTC-27SEP19-12000-C,78.27,0.015,6.0,3,1556274096533,18322941,230
2019-04-26 10:41:35.256,5.0,sell,5171.32,BTC-27SEP19-12000-C,77.81,0.0145,5.0,2,1556275295256,18323100,231
2019-04-26 14:17:55.938,2.0,sell,5155.61,BTC-27SEP19-12000-C,77.07,0.0135,2.0,2,1556288275938,18330638,232
2019-04-26 14:51:03.681,0.1,buy,5166.69,BTC-27SEP19-12000-C,78.0,0.0145,0.1,0,1556290263681,18331082,233
2019-04-26 18:57:51.673,2.0,sell,5071.83,BTC-27SEP19-12000-C,78.06,0.0135,2.0,2,1556305071673,18344348,234
2019-04-26 18:57:54.941,1.0,sell,5070.9,BTC-27SEP19-12000-C,78.07,0.0135,1.0,3,1556305074941,18344350,235
2019-04-26 19:04:25.986,1.0,sell,5068.84,BTC-27SEP19-12000-C,78.1,0.0135,1.0,3,1556305465986,18344650,236
2019-04-26 19:50:45.924,3.0,sell,5090.21,BTC-27SEP19-12000-C,77.82,0.0135,3.0,3,1556308245924,18346101,237
2019-04-26 20:23:39.602,1.0,sell,5113.29,BTC-27SEP19-12000-C,77.51,0.0135,1.0,3,1556310219602,18346988,238
2019-04-27 10:10:04.652,1.0,sell,5160.28,BTC-27SEP19-12000-C,76.07,0.0125,1.0,2,1556359804652,18362255,239
2019-04-28 02:33:47.280,3.0,sell,5159.8,BTC-27SEP19-12000-C,76.34,0.0125,3.0,3,1556418827280,18378659,240
2019-04-28 22:33:33.747,1.0,sell,5143.83,BTC-27SEP19-12000-C,76.84,0.0125,1.0,3,1556490813747,18403621,241
2019-04-29 09:44:21.936,1.0,sell,5146.96,BTC-27SEP19-12000-C,76.98,0.0125,1.0,3,1556531061936,18412245,242
2019-04-29 10:59:10.598,1.0,sell,5145.58,BTC-27SEP19-12000-C,77.01,0.0125,1.0,3,1556535550598,18415987,243
2019-05-01 02:18:53.713,10.0,buy,5330.93,BTC-27SEP19-12000-C,76.98,0.013999999999999999,10.0,0,1556677133713,18494476,244
2019-05-01 02:18:53.805,5.0,sell,5330.93,BTC-27SEP19-12000-C,76.98,0.014,5.0,1,1556677133805,18494477,245
2019-05-01 17:51:23.589,0.1,buy,5349.37,BTC-27SEP19-12000-C,76.53,0.0135,0.1,2,1556733083589,18513453,246
2019-05-02 02:24:04.939,2.0,sell,5325.37,BTC-27SEP19-12000-C,78.16,0.0145,2.0,0,1556763844939,18528972,247
2019-05-02 06:21:17.168,2.0,sell,5326.09,BTC-27SEP19-12000-C,77.59,0.013999999999999999,2.0,2,1556778077168,18533349,248
2019-05-02 06:21:17.168,4.9,sell,5326.09,BTC-27SEP19-12000-C,77.59,0.013999999999999999,4.9,3,1556778077168,18533350,249
2019-05-02 06:22:16.189,5.1000000000000005,sell,5327.45,BTC-27SEP19-12000-C,77.58,0.014,5.1000000000000005,3,1556778136189,18533354,250
2019-05-02 11:22:56.457,4.0,sell,5366.27,BTC-27SEP19-12000-C,77.59,0.0145,4.0,0,1556796176457,18546606,251
2019-05-02 13:10:34.678,10.0,sell,5355.91,BTC-27SEP19-12000-C,77.23,0.013999999999999999,10.0,2,1556802634678,18549183,252
2019-05-02 13:58:01.955,10.0,sell,5369.04,BTC-27SEP19-12000-C,77.15,0.013999999999999999,10.0,3,1556805481955,18551669,253
2019-05-02 13:58:10.595,1.0,sell,5367.96,BTC-27SEP19-12000-C,77.15,0.013999999999999999,1.0,3,1556805490595,18551671,254
2019-05-03 05:42:57.006,10.0,buy,5483.59,BTC-27SEP19-12000-C,76.66,0.015,10.0,0,1556862177006,18598783,255
2019-05-03 06:18:59.884,10.0,sell,5524.45,BTC-27SEP19-12000-C,76.56,0.0155,10.0,0,1556864339884,18600885,256
2019-05-03 06:21:36.845,1.0,sell,5522.76,BTC-27SEP19-12000-C,76.59,0.0155,1.0,1,1556864496845,18601750,257
2019-05-03 18:30:42.422,0.1,sell,5658.64,BTC-27SEP19-12000-C,74.41,0.0155,0.1,1,1556908242422,18701954,258
2019-05-03 18:31:02.048,1.9,sell,5659.29,BTC-27SEP19-12000-C,74.4,0.0155,1.9,1,1556908262048,18701997,259
2019-05-03 18:31:02.048,0.3,sell,5659.29,BTC-27SEP19-12000-C,74.4,0.0155,0.3,1,1556908262048,18701998,260
2019-05-04 14:21:08.574,4.0,sell,5570.46,BTC-27SEP19-12000-C,77.72,0.0175,4.0,0,1556979668574,18781992,261
2019-05-05 16:04:05.419,10.0,sell,5704.22,BTC-27SEP19-12000-C,77.17,0.0185,10.0,0,1557072245419,18880368,262
2019-05-05 16:06:57.920,1.0,sell,5691.95,BTC-27SEP19-12000-C,76.85,0.018000000000000002,1.0,2,1557072417920,18880748,263
2019-05-06 07:56:02.140,10.0,sell,5578.11,BTC-27SEP19-12000-C,77.17,0.0165,10.0,2,1557129362140,18940722,264
2019-05-06 13:32:11.055,18.0,buy,5634.94,BTC-27SEP19-12000-C,79.34,0.0195,18.0,0,1557149531055,18951981,265
2019-05-06 13:32:11.055,0.1,buy,5634.94,BTC-27SEP19-12000-C,80.24,0.0205,0.1,0,1557149531055,18951982,266
2019-05-06 13:32:11.090,11.3,sell,5634.94,BTC-27SEP19-12000-C,80.24,0.0205,11.3,1,1557149531090,18951994,267
2019-05-06 13:32:11.153,11.3,sell,5634.94,BTC-27SEP19-12000-C,80.24,0.0205,11.3,1,1557149531153,18951998,268
2019-05-06 13:32:11.176,4.0,sell,5634.94,BTC-27SEP19-12000-C,80.24,0.0205,4.0,1,1557149531176,18952000,269
2019-05-06 13:32:11.651,4.0,sell,5634.94,BTC-27SEP19-12000-C,80.24,0.0205,4.0,1,1557149531651,18952001,270
2019-05-06 13:32:12.044,1.3,sell,5634.94,BTC-27SEP19-12000-C,80.24,0.0205,1.3,1,1557149532044,18952002,271
2019-05-06 13:35:36.676,4.0,sell,5630.46,BTC-27SEP19-12000-C,80.25,0.0205,4.0,1,1557149736676,18952132,272
2019-05-06 13:39:57.599,10.0,buy,5633.37,BTC-27SEP19-12000-C,77.43,0.0175,10.0,2,1557149997599,18952182,273
2019-05-06 13:41:52.639,10.0,buy,5633.54,BTC-27SEP19-12000-C,77.9,0.018000000000000002,10.0,0,1557150112639,18952199,274
2019-05-06 14:34:56.191,3.0,buy,5644.88,BTC-27SEP19-12000-C,77.29,0.0175,3.0,2,1557153296191,18954054,275
2019-05-06 16:45:18.967,6.0,buy,5716.38,BTC-27SEP19-12000-C,76.77,0.018000000000000002,6.0,0,1557161118967,18963437,276
2019-05-06 16:45:35.072,4.0,buy,5715.97,BTC-27SEP19-12000-C,76.76,0.018000000000000002,4.0,1,1557161135072,18963457,277
2019-05-06 16:48:23.333,10.0,buy,5716.94,BTC-27SEP19-12000-C,77.24,0.0185,10.0,0,1557161303333,18963933,278
2019-05-06 17:05:08.470,6.0,sell,5719.15,BTC-27SEP19-12000-C,76.74,0.018000000000000002,6.0,2,1557162308470,18965099,279
2019-05-07 07:46:24.075,0.1,buy,5873.68,BTC-27SEP19-12000-C,77.52,0.021,0.1,0,1557215184075,19032828,280
2019-05-07 23:30:04.063,1.0,sell,5899.55,BTC-27SEP19-12000-C,76.98,0.0205,1.0,2,1557271804063,19085001,281
2019-05-08 05:16:41.120,0.1,sell,5786.39,BTC-27SEP19-12000-C,77.32,0.0185,0.1,2,1557292601120,19130949,282
2019-05-08 08:48:05.320,3.0,sell,5794.72,BTC-27SEP19-12000-C,77.79,0.019,3.0,0,1557305285320,19137612,283
2019-05-09 16:07:35.874,6.0,sell,5994.74,BTC-27SEP19-12000-C,77.63,0.021,6.0,1,1557418055874,19252524,285
2019-05-09 16:07:35.874,10.0,sell,5994.74,BTC-27SEP19-12000-C,77.63,0.021,10.0,0,1557418055874,19252523,284
2019-05-09 18:07:59.785,6.0,sell,6060.88,BTC-27SEP19-12000-C,76.36,0.0205,6.0,2,1557425279785,19256898,286
2019-05-09 18:57:40.570,8.0,sell,6052.99,BTC-27SEP19-12000-C,76.0,0.02,8.0,2,1557428260570,19259182,287
2019-05-10 02:33:19.895,0.1,buy,6205.74,BTC-27SEP19-12000-C,78.0,0.0245,0.1,0,1557455599895,19295619,288
2019-05-10 03:17:13.537,0.1,buy,6297.75,BTC-27SEP19-12000-C,77.57,0.0255,0.1,0,1557458233537,19303971,289
2019-05-10 12:22:46.992,0.3,buy,6258.77,BTC-27SEP19-12000-C,80.33,0.027999999999999997,0.3,0,1557490966992,19355349,290
2019-05-10 13:14:51.138,10.0,sell,6273.7,BTC-27SEP19-12000-C,77.83,0.025,10.0,2,1557494091138,19357410,291
2019-05-10 20:41:47.652,0.1,sell,6309.24,BTC-27SEP19-12000-C,76.7,0.024,0.1,2,1557520907652,19398639,292
2019-05-11 02:31:42.290,0.1,buy,6468.2,BTC-27SEP19-12000-C,78.12,0.0285,0.1,0,1557541902290,19429432,293
2019-05-11 05:06:08.151,0.1,buy,6671.52,BTC-27SEP19-12000-C,78.1,0.0325,0.1,0,1557551168151,19463769,294
2019-05-11 05:10:25.181,0.1,buy,6677.72,BTC-27SEP19-12000-C,80.0,0.0355,0.1,0,1557551425181,19464395,295
2019-05-11 06:03:28.196,1.0,sell,6733.15,BTC-27SEP19-12000-C,76.14,0.0305,1.0,2,1557554608196,19476409,296
2019-05-11 06:03:28.196,1.0,sell,6733.15,BTC-27SEP19-12000-C,76.14,0.0305,1.0,3,1557554608196,19476410,297
2019-05-11 06:13:01.918,1.0,sell,6848.08,BTC-27SEP19-12000-C,76.55,0.0335,1.0,0,1557555181918,19485944,298
2019-05-11 06:56:22.068,0.1,buy,6816.44,BTC-27SEP19-12000-C,79.1,0.0365,0.1,0,1557557782068,19516682,299
2019-05-11 09:00:13.882,1.0,sell,6681.97,BTC-27SEP19-12000-C,76.19,0.03,1.0,2,1557565213882,19540700,300
2019-05-11 09:08:02.381,0.1,buy,6728.65,BTC-27SEP19-12000-C,78.33,0.034,0.1,0,1557565682381,19541782,301
2019-05-11 10:42:40.418,0.1,buy,6816.19,BTC-27SEP19-12000-C,79.78,0.038,0.1,0,1557571360418,19552206,302
2019-05-11 13:00:15.773,0.1,sell,6784.68,BTC-27SEP19-12000-C,77.87,0.035,0.1,2,1557579615773,19566222,303
2019-05-11 14:44:11.431,1.0,sell,6792.26,BTC-27SEP19-12000-C,81.59,0.040999999999999995,1.0,0,1557585851431,19574719,304
2019-05-11 14:44:14.907,1.0,sell,6791.53,BTC-27SEP19-12000-C,81.61,0.040999999999999995,1.0,1,1557585854907,19574720,305
2019-05-11 18:37:40.024,0.6,sell,6988.24,BTC-27SEP19-12000-C,81.72,0.046,0.6,0,1557599860024,19626805,306
2019-05-11 18:45:34.557,0.5,sell,6987.49,BTC-27SEP19-12000-C,81.76,0.046,0.5,1,1557600334557,19627168,307
2019-05-11 20:57:21.578,3.2,sell,6968.67,BTC-27SEP19-12000-C,81.37,0.045,3.2,2,1557608241578,19638065,308
2019-05-11 20:58:28.594,6.0,sell,6968.89,BTC-27SEP19-12000-C,81.1,0.0445,6.0,2,1557608308594,19638126,309
2019-05-11 20:59:03.120,3.2,sell,6969.02,BTC-27SEP19-12000-C,80.2,0.043,3.2,2,1557608343120,19638135,310
2019-05-11 20:59:34.268,6.1000000000000005,sell,6969.98,BTC-27SEP19-12000-C,79.9,0.0425,6.1000000000000005,2,1557608374268,19638138,311
2019-05-11 21:00:19.187,3.2,sell,6969.05,BTC-27SEP19-12000-C,79.31,0.0415,3.2,2,1557608419187,19638155,312
2019-05-11 21:00:48.431,6.0,sell,6968.31,BTC-27SEP19-12000-C,78.72,0.0405,6.0,2,1557608448431,19638183,313
2019-05-11 21:00:59.902,6.0,buy,6965.24,BTC-27SEP19-12000-C,78.75,0.0405,6.0,3,1557608459902,19638241,314
2019-05-11 21:25:33.459,4.0,buy,6950.69,BTC-27SEP19-12000-C,78.97,0.0405,4.0,3,1557609933459,19639437,315
2019-05-11 21:26:56.140,2.0,buy,6935.69,BTC-27SEP19-12000-C,79.15,0.0405,2.0,3,1557610016140,19639642,316
2019-05-11 21:28:14.640,1.0,buy,6949.75,BTC-27SEP19-12000-C,78.72,0.04,1.0,2,1557610094640,19639761,317
2019-05-11 21:30:35.664,1.0,sell,6945.1,BTC-27SEP19-12000-C,78.44,0.0395,1.0,2,1557610235664,19639800,318
2019-05-11 21:35:59.961,1.0,sell,6941.87,BTC-27SEP19-12000-C,78.18,0.039,1.0,2,1557610559961,19640060,319
2019-05-11 21:53:17.753,2.0,buy,7039.01,BTC-27SEP19-12000-C,77.84,0.0405,2.0,0,1557611597753,19644610,320
2019-05-11 22:29:50.423,3.2,buy,7221.64,BTC-27SEP19-12000-C,80.47,0.05,3.2,0,1557613790423,19669456,321
2019-05-11 22:29:51.931,3.2,buy,7221.87,BTC-27SEP19-12000-C,80.47,0.05,3.2,1,1557613791931,19669463,322
2019-05-11 22:29:52.330,3.2,buy,7221.87,BTC-27SEP19-12000-C,80.47,0.05,3.2,1,1557613792330,19669465,323
2019-05-11 22:29:52.404,0.4,buy,7221.87,BTC-27SEP19-12000-C,80.47,0.05,0.4,1,1557613792404,19669466,324
2019-05-11 22:29:52.404,0.1,buy,7221.87,BTC-27SEP19-12000-C,80.47,0.05,0.1,1,1557613792404,19669467,325
2019-05-11 23:21:18.994,1.1,buy,7369.22,BTC-27SEP19-12000-C,79.51,0.0505,1.1,0,1557616878994,19707086,326
2019-05-12 00:47:11.014,4.6000000000000005,buy,7093.33,BTC-27SEP19-12000-C,91.95,0.0675,4.6000000000000005,0,1557622031014,19762186,327
2019-05-12 07:16:36.639,0.1,sell,7510.6,BTC-27SEP19-12000-C,85.74,0.065,0.1,2,1557645396639,19833205,328
2019-05-12 07:18:35.190,0.1,sell,7480.55,BTC-27SEP19-12000-C,83.57,0.06,0.1,2,1557645515190,19833938,329
2019-05-12 10:35:52.958,0.2,sell,7279.63,BTC-27SEP19-12000-C,86.27,0.06,0.2,3,1557657352958,19909415,330
2019-05-12 14:49:18.269,0.5,buy,7017.21,BTC-27SEP19-12000-C,80.17,0.0435,0.5,2,1557672558269,19991165,331
2019-05-12 14:49:26.641,1.5,buy,7014.38,BTC-27SEP19-12000-C,80.21,0.0435,1.5,3,1557672566641,19991261,332
2019-05-12 14:49:35.903,1.0,buy,7017.87,BTC-27SEP19-12000-C,80.15,0.0435,1.0,3,1557672575903,19991463,333
2019-05-12 14:49:42.189,1.0,buy,7031.34,BTC-27SEP19-12000-C,79.97,0.0435,1.0,3,1557672582189,19991579,334
2019-05-12 15:14:04.859,3.0,buy,6991.64,BTC-27SEP19-12000-C,80.07,0.043,3.0,2,1557674044859,20004904,335
2019-05-12 15:16:09.702,3.0,buy,6978.03,BTC-27SEP19-12000-C,80.25,0.043,3.0,3,1557674169702,20005400,336
2019-05-12 15:16:52.639,5.0,buy,6969.67,BTC-27SEP19-12000-C,80.35,0.043,5.0,3,1557674212639,20005580,337
2019-05-12 15:45:00.941,2.0,sell,6818.69,BTC-27SEP19-12000-C,81.47,0.042,2.0,2,1557675900941,20013372,338
2019-05-12 15:45:36.845,2.0,sell,6833.1,BTC-27SEP19-12000-C,81.34,0.042,2.0,3,1557675936845,20013992,339
2019-05-12 15:45:45.703,2.0,sell,6832.01,BTC-27SEP19-12000-C,81.31,0.042,2.0,3,1557675945703,20014150,340
2019-05-12 15:45:58.455,4.0,sell,6828.23,BTC-27SEP19-12000-C,81.35,0.042,4.0,3,1557675958455,20014316,341
2019-05-12 16:02:22.005,0.1,buy,6923.05,BTC-27SEP19-12000-C,85.46,0.051,0.1,0,1557676942005,20021585,342
2019-05-12 16:02:42.541,0.1,buy,6922.1,BTC-27SEP19-12000-C,85.49,0.051,0.1,1,1557676962541,20021660,343
2019-05-12 16:16:36.004,0.1,buy,6947.57,BTC-27SEP19-12000-C,85.83,0.052000000000000005,0.1,0,1557677796004,20025494,344
2019-05-12 17:47:14.003,0.1,buy,6898.31,BTC-27SEP19-12000-C,84.72,0.049,0.1,2,1557683234003,20044282,345
2019-05-12 18:52:14.223,0.1,buy,7049.23,BTC-27SEP19-12000-C,84.75,0.0525,0.1,0,1557687134223,20053883,346
2019-05-13 11:37:56.645,0.5,buy,7266.18,BTC-27SEP19-12000-C,82.37,0.0525,0.5,1,1557747476645,20161372,347
2019-05-13 15:38:32.156,10.0,buy,7801.62,BTC-27SEP19-12000-C,83.77,0.07,10.0,0,1557761912156,20238280,348
2019-05-13 15:53:43.651,2.5,sell,7799.0,BTC-27SEP19-12000-C,77.42,0.057,2.5,2,1557762823651,20246314,349
2019-05-13 17:12:49.034,0.9,sell,7931.96,BTC-27SEP19-12000-C,84.46,0.075,0.9,0,1557767569034,20274272,350
2019-05-13 17:27:59.858,3.0,buy,7865.57,BTC-27SEP19-12000-C,87.77,0.08,3.0,0,1557768479858,20279929,351
2019-05-13 17:38:52.041,50.0,buy,7803.45,BTC-27SEP19-12000-C,88.03,0.079,50.0,2,1557769132041,20283798,352
2019-05-13 17:43:01.745,2.0,buy,7856.63,BTC-27SEP19-12000-C,87.75,0.08,2.0,0,1557769381745,20285202,353
2019-05-13 19:00:36.025,0.1,buy,7864.86,BTC-27SEP19-12000-C,89.43,0.0835,0.1,0,1557774036025,20294888,354
2019-05-13 19:49:59.290,0.1,buy,7920.98,BTC-27SEP19-12000-C,88.69,0.0835,0.1,1,1557776999290,20300159,355
2019-05-13 19:55:36.129,0.3,buy,7907.89,BTC-27SEP19-12000-C,88.75,0.0835,0.3,1,1557777336129,20301371,356
2019-05-13 21:34:44.378,0.1,buy,8149.38,BTC-27SEP19-12000-C,91.1,0.0955,0.1,0,1557783284378,20323453,357
2019-05-13 23:30:10.308,5.4,buy,7762.32,BTC-27SEP19-12000-C,99.26,0.1025,5.4,0,1557790210308,20364236,358
2019-05-14 00:17:18.941,7.0,buy,7906.65,BTC-27SEP19-12000-C,98.82,0.106,7.0,0,1557793038941,20373226,359
2019-05-14 00:21:18.594,7.0,buy,7898.39,BTC-27SEP19-12000-C,99.34,0.107,7.0,0,1557793278594,20374382,360
2019-05-14 08:55:19.463,10.0,sell,7954.79,BTC-27SEP19-12000-C,98.79,0.1085,10.0,0,1557824119463,20478090,361
2019-05-14 10:04:44.748,5.0,sell,7996.88,BTC-27SEP19-12000-C,96.42,0.1045,5.0,2,1557828284748,20495597,362
2019-05-14 10:34:57.721,0.1,sell,7974.22,BTC-27SEP19-12000-C,96.86,0.1045,0.1,3,1557830097721,20501870,363
2019-05-14 15:13:00.160,10.0,sell,8062.72,BTC-27SEP19-12000-C,96.3,0.105,10.0,0,1557846780160,20537992,364
2019-05-14 15:20:58.359,4.9,sell,8085.02,BTC-27SEP19-12000-C,95.88,0.1045,4.9,2,1557847258359,20539424,365
2019-05-14 15:41:27.280,2.0,sell,8051.29,BTC-27SEP19-12000-C,96.22,0.10400000000000001,2.0,2,1557848487280,20540869,366
2019-05-14 15:46:45.722,3.0,sell,8011.67,BTC-27SEP19-12000-C,96.76,0.10400000000000001,3.0,3,1557848805722,20541331,367
2019-05-14 15:59:30.590,5.0,sell,7957.23,BTC-27SEP19-12000-C,97.57,0.10400000000000001,5.0,3,1557849570590,20544942,368
2019-05-14 15:59:46.844,5.1000000000000005,sell,7941.48,BTC-27SEP19-12000-C,97.6,0.1035,5.1000000000000005,2,1557849586844,20545013,369
2019-05-14 16:01:42.968,4.9,sell,7894.7,BTC-27SEP19-12000-C,98.3,0.1035,4.9,3,1557849702968,20546111,370
2019-05-14 16:04:12.552,10.0,sell,7840.23,BTC-27SEP19-12000-C,97.69,0.10099999999999999,10.0,2,1557849852552,20548825,371
2019-05-14 19:01:07.259,3.0,sell,7795.31,BTC-27SEP19-12000-C,97.38,0.099,3.0,2,1557860467259,20589706,372
2019-05-14 19:08:44.567,1.1,sell,7758.96,BTC-27SEP19-12000-C,97.45,0.098,1.1,3,1557860924567,20591997,374
2019-05-14 19:08:44.567,10.0,sell,7758.96,BTC-27SEP19-12000-C,97.45,0.098,10.0,2,1557860924567,20591996,373
2019-05-14 19:16:31.894,3.9,sell,7720.37,BTC-27SEP19-12000-C,98.04,0.098,3.9,3,1557861391894,20594553,375
2019-05-14 19:49:07.154,5.0,sell,7781.4,BTC-27SEP19-12000-C,96.77,0.09699999999999999,5.0,2,1557863347154,20602082,376
2019-05-14 20:22:54.343,1.0,sell,7801.19,BTC-27SEP19-12000-C,96.02,0.096,1.0,2,1557865374343,20606765,377
2019-05-14 20:24:54.062,2.0,sell,7777.01,BTC-27SEP19-12000-C,96.34,0.096,2.0,3,1557865494062,20607082,378
2019-05-14 20:37:57.770,1.8,sell,7805.22,BTC-27SEP19-12000-C,96.05,0.096,1.8,3,1557866277770,20608713,379
2019-05-14 20:39:07.883,0.2,sell,7789.15,BTC-27SEP19-12000-C,96.27,0.096,0.2,3,1557866347883,20608843,380
2019-05-14 22:07:35.501,1.0,sell,7836.12,BTC-27SEP19-12000-C,93.49,0.0915,1.0,2,1557871655501,20625221,381
2019-05-15 00:34:32.026,0.9,buy,8071.4,BTC-27SEP19-12000-C,94.26,0.1,0.9,0,1557880472026,20648550,382
2019-05-15 09:55:20.171,10.0,buy,8064.08,BTC-27SEP19-12000-C,96.45,0.105,10.0,0,1557914120171,20690867,383
2019-05-15 12:55:16.949,0.5,buy,8017.88,BTC-27SEP19-12000-C,98.45,0.10800000000000001,0.5,0,1557924916949,20711158,384
2019-05-15 15:02:29.591,0.1,sell,7948.01,BTC-27SEP19-12000-C,94.36,0.0965,0.1,2,1557932549591,20727593,385
2019-05-15 16:38:57.881,10.0,buy,8005.97,BTC-27SEP19-12000-C,92.39,0.094,10.0,2,1557938337881,20740136,386
2019-05-15 18:15:19.790,0.1,buy,8077.21,BTC-27SEP19-12000-C,93.76,0.099,0.1,0,1557944119790,20750085,387
2019-05-15 19:01:38.559,0.2,buy,8251.34,BTC-27SEP19-12000-C,91.31,0.099,0.2,1,1557946898559,20758265,388
2019-05-16 00:52:00.123,9.7,buy,8321.41,BTC-27SEP19-12000-C,90.24,0.099,9.7,1,1557967920123,20816771,389
2019-05-16 10:13:04.429,4.0,sell,7876.31,BTC-27SEP19-12000-C,96.32,0.099,4.0,1,1558001584429,20899239,390
2019-05-16 10:15:16.655,4.0,sell,7805.55,BTC-27SEP19-12000-C,97.31,0.099,4.0,1,1558001716655,20901018,391
2019-05-16 10:16:10.111,2.0,sell,7769.19,BTC-27SEP19-12000-C,97.7,0.099,2.0,1,1558001770111,20902430,392
2019-05-17 06:44:09.215,0.2,sell,7160.2,BTC-27SEP19-12000-C,97.89,0.0815,0.2,2,1558075449215,21123587,393
2019-05-17 11:47:18.488,0.3,sell,7115.13,BTC-27SEP19-12000-C,93.81,0.07200000000000001,0.3,2,1558093638488,21153556,394
2019-05-17 12:14:52.295,0.1,sell,7019.42,BTC-27SEP19-12000-C,93.65,0.0695,0.1,2,1558095292295,21160421,395
2019-05-17 13:41:36.273,0.1,buy,7159.39,BTC-27SEP19-12000-C,101.25,0.08900000000000001,0.1,0,1558100496273,21177813,396
2019-05-17 14:01:40.764,0.1,buy,7194.0,BTC-27SEP19-12000-C,97.53,0.08199999999999999,0.1,2,1558101700764,21179720,397
2019-05-17 14:04:53.632,1.9,buy,7245.12,BTC-27SEP19-12000-C,96.9,0.08199999999999999,1.9,3,1558101893632,21180782,398
2019-05-17 14:06:04.172,0.1,sell,7242.87,BTC-27SEP19-12000-C,93.31,0.0745,0.1,2,1558101964172,21181288,399
2019-05-17 15:42:27.887,0.1,buy,7133.96,BTC-27SEP19-12000-C,101.74,0.08900000000000001,0.1,0,1558107747887,21188514,400
2019-05-17 17:34:51.468,0.1,buy,7057.42,BTC-27SEP19-12000-C,102.51,0.08800000000000001,0.1,2,1558114491468,21207530,401
2019-05-17 19:03:51.621,5.0,buy,7116.97,BTC-27SEP19-12000-C,94.94,0.07400000000000001,5.0,2,1558119831621,21219900,402
2019-05-17 19:18:14.751,5.0,sell,7082.75,BTC-27SEP19-12000-C,94.43,0.07200000000000001,5.0,2,1558120694751,21222600,403
2019-05-17 20:13:11.473,0.1,sell,7117.63,BTC-27SEP19-12000-C,93.64,0.071,0.1,2,1558123991473,21228196,404
2019-05-18 17:05:54.427,0.1,buy,7271.64,BTC-27SEP19-12000-C,101.46,0.0875,0.1,0,1558199154427,21308634,405
2019-05-18 19:32:26.861,3.2,sell,7290.8,BTC-27SEP19-12000-C,93.91,0.073,3.2,2,1558207946861,21314904,406
2019-05-18 20:24:35.448,3.2,sell,7254.92,BTC-27SEP19-12000-C,92.9,0.07,3.2,2,1558211075448,21316851,407
2019-05-18 21:22:36.666,4.9,sell,7287.05,BTC-27SEP19-12000-C,92.51,0.07,4.9,3,1558214556666,21318477,408
2019-05-18 22:03:39.141,5.0,buy,7323.37,BTC-27SEP19-12000-C,94.96,0.076,5.0,0,1558217019141,21319773,409
2019-05-19 19:38:42.753,3.2,sell,8023.54,BTC-27SEP19-12000-C,91.28,0.0905,3.2,0,1558294722753,21447855,410
2019-05-19 19:38:59.053,3.2,sell,8024.85,BTC-27SEP19-12000-C,90.08,0.08800000000000001,3.2,2,1558294739053,21447871,411
2019-05-19 20:31:23.065,13.3,sell,7976.0,BTC-27SEP19-12000-C,92.07,0.091,13.3,1,1558297883065,21454389,413
2019-05-19 20:31:23.065,26.7,sell,7976.0,BTC-27SEP19-12000-C,92.07,0.091,26.7,0,1558297883065,21454388,412
2019-05-20 04:34:16.411,10.0,sell,8046.52,BTC-27SEP19-12000-C,93.33,0.0965,10.0,0,1558326856411,21527538,414
2019-05-20 04:34:16.412,10.0,buy,8046.52,BTC-27SEP19-12000-C,93.33,0.0965,10.0,1,1558326856412,21527539,415
2019-05-20 04:37:19.516,10.0,sell,8059.58,BTC-27SEP19-12000-C,93.19,0.0965,10.0,1,1558327039516,21527706,416
2019-05-20 04:43:52.504,25.0,sell,8070.64,BTC-27SEP19-12000-C,93.27,0.09699999999999999,25.0,0,1558327432504,21528115,417
2019-05-20 04:46:15.754,26.7,sell,8076.55,BTC-27SEP19-12000-C,93.11,0.09699999999999999,26.7,1,1558327575754,21528306,418
2019-05-20 04:46:15.757,3.3000000000000003,buy,8076.55,BTC-27SEP19-12000-C,93.11,0.09699999999999999,3.3000000000000003,1,1558327575757,21528307,419
2019-05-20 04:52:25.502,10.0,sell,8042.88,BTC-27SEP19-12000-C,92.95,0.0955,10.0,2,1558327945502,21528545,420
2019-05-20 04:52:42.855,5.0,sell,8038.96,BTC-27SEP19-12000-C,92.78,0.095,5.0,2,1558327962855,21528576,421
2019-05-20 05:08:38.501,10.0,sell,8025.64,BTC-27SEP19-12000-C,92.74,0.0945,10.0,2,1558328918501,21529568,422
2019-05-20 05:11:31.335,10.0,sell,8019.19,BTC-27SEP19-12000-C,92.3,0.0935,10.0,2,1558329091335,21529649,423
2019-05-20 05:11:49.794,10.0,sell,8016.64,BTC-27SEP19-12000-C,92.09,0.09300000000000001,10.0,2,1558329109794,21529656,424
2019-05-20 05:14:19.175,10.0,sell,7988.28,BTC-27SEP19-12000-C,92.26,0.0925,10.0,2,1558329259175,21530250,425
2019-05-20 05:24:40.001,10.0,buy,8009.74,BTC-27SEP19-12000-C,92.25,0.09300000000000001,10.0,0,1558329880001,21530678,426
2019-05-20 07:47:49.623,10.0,sell,7904.52,BTC-27SEP19-12000-C,92.63,0.0905,10.0,2,1558338469623,21543266,427
2019-05-20 08:38:23.707,10.0,sell,7861.98,BTC-27SEP19-12000-C,92.44,0.08900000000000001,10.0,2,1558341503707,21548524,428
2019-05-20 14:19:34.513,10.0,buy,7761.44,BTC-27SEP19-12000-C,96.98,0.095,10.0,0,1558361974513,21592260,429
2019-05-20 23:39:07.327,10.0,sell,7978.68,BTC-27SEP19-12000-C,93.91,0.0945,10.0,2,1558395547327,21651427,430
2019-05-20 23:39:07.329,19.8,buy,7978.68,BTC-27SEP19-12000-C,93.91,0.0945,19.8,3,1558395547329,21651428,431
2019-05-20 23:39:07.355,5.2,buy,7978.68,BTC-27SEP19-12000-C,93.91,0.0945,5.2,3,1558395547355,21651429,432
2019-05-21 04:56:09.711,10.0,sell,7883.94,BTC-27SEP19-12000-C,93.35,0.09,10.0,2,1558414569711,21669334,433
2019-05-21 04:57:06.643,25.0,sell,7892.55,BTC-27SEP19-12000-C,92.72,0.08900000000000001,25.0,2,1558414626643,21669386,434
2019-05-21 05:01:44.151,10.0,sell,7895.58,BTC-27SEP19-12000-C,92.04,0.0875,10.0,2,1558414904151,21669636,435
2019-05-21 05:02:00.223,10.0,sell,7892.78,BTC-27SEP19-12000-C,91.61,0.0865,10.0,2,1558414920223,21669637,436
2019-05-21 05:02:00.223,10.0,sell,7892.78,BTC-27SEP19-12000-C,91.61,0.0865,10.0,3,1558414920223,21669638,437
2019-05-21 05:05:48.286,10.0,sell,7870.66,BTC-27SEP19-12000-C,91.67,0.086,10.0,2,1558415148286,21670068,438
2019-05-21 15:30:48.149,10.0,sell,7968.56,BTC-27SEP19-12000-C,92.06,0.0895,10.0,0,1558452648149,21703803,439
2019-05-21 15:31:51.665,10.0,sell,7963.63,BTC-27SEP19-12000-C,91.87,0.08900000000000001,10.0,2,1558452711665,21703886,440
2019-05-21 17:09:12.104,10.0,sell,7937.72,BTC-27SEP19-12000-C,91.8,0.08800000000000001,10.0,2,1558458552104,21709315,441
2019-05-21 17:10:43.256,10.0,buy,7942.45,BTC-27SEP19-12000-C,91.54,0.0875,10.0,2,1558458643256,21709390,442
2019-05-21 17:13:12.776,10.0,sell,7945.75,BTC-27SEP19-12000-C,91.22,0.087,10.0,2,1558458792776,21709559,443
2019-05-22 05:13:44.224,10.0,buy,7940.68,BTC-27SEP19-12000-C,92.66,0.0895,10.0,0,1558502024224,21747894,444
2019-05-22 11:36:27.899,6.2,sell,7805.66,BTC-27SEP19-12000-C,88.34,0.077,6.2,3,1558524987899,21766854,447
2019-05-22 11:36:27.899,13.5,sell,7805.66,BTC-27SEP19-12000-C,88.34,0.077,13.5,2,1558524987899,21766852,445
2019-05-22 11:36:27.899,4.9,sell,7805.66,BTC-27SEP19-12000-C,88.34,0.077,4.9,3,1558524987899,21766853,446
2019-05-23 07:14:18.785,10.0,sell,7627.89,BTC-27SEP19-12000-C,88.12,0.071,10.0,2,1558595658785,21876645,448
2019-05-23 07:14:18.785,27.0,sell,7627.89,BTC-27SEP19-12000-C,88.12,0.071,27.0,3,1558595658785,21876646,449
2019-05-23 14:00:51.720,3.0,sell,7666.04,BTC-27SEP19-12000-C,88.63,0.0725,3.0,1,1558620051720,21902163,451
2019-05-23 14:00:51.720,10.0,sell,7666.04,BTC-27SEP19-12000-C,88.63,0.0725,10.0,0,1558620051720,21902162,450
2019-05-24 06:07:55.959,0.1,buy,7830.32,BTC-27SEP19-12000-C,89.66,0.0785,0.1,0,1558678075959,21964704,452
2019-05-24 15:15:45.468,10.0,buy,8121.74,BTC-27SEP19-12000-C,90.2,0.0885,10.0,0,1558710945468,21996362,453
2019-05-26 12:09:30.052,1.0,buy,7929.2,BTC-27SEP19-12000-C,89.72,0.0805,1.0,2,1558872570052,22101395,454
2019-05-26 12:59:24.232,0.1,sell,7956.63,BTC-27SEP19-12000-C,87.66,0.077,0.1,2,1558875564232,22102603,455
2019-05-26 15:33:18.147,0.1,buy,8001.55,BTC-27SEP19-12000-C,89.41,0.0815,0.1,0,1558884798147,22107363,456
2019-05-27 00:08:29.962,0.5,buy,8812.3,BTC-27SEP19-12000-C,89.46,0.111,0.5,0,1558915709962,22236271,457
2019-05-27 00:58:58.604,1.0,buy,8905.33,BTC-27SEP19-12000-C,90.25,0.116,1.0,0,1558918738604,22253339,458
2019-05-27 02:18:33.439,0.5,buy,8818.33,BTC-27SEP19-12000-C,90.8,0.1145,0.5,2,1558923513439,22264587,459
2019-05-27 10:30:06.850,10.0,buy,8729.73,BTC-27SEP19-12000-C,95.18,0.122,10.0,0,1558953006850,22286129,460
2019-05-27 14:05:45.735,10.0,sell,8783.66,BTC-27SEP19-12000-C,91.99,0.117,10.0,2,1558965945735,22304733,461
2019-05-27 14:39:26.820,5.0,buy,8819.92,BTC-27SEP19-12000-C,92.3,0.119,5.0,0,1558967966820,22306978,462
2019-05-28 07:10:42.598,2.0,sell,8693.86,BTC-27SEP19-12000-C,90.77,0.1115,2.0,2,1559027442598,22387828,463
2019-05-28 07:32:36.624,10.0,sell,8741.31,BTC-27SEP19-12000-C,90.74,0.113,10.0,0,1559028756624,22389369,464
2019-05-28 12:20:37.801,2.0,sell,8726.61,BTC-27SEP19-12000-C,89.57,0.1095,2.0,2,1559046037801,22402668,465
2019-05-28 17:15:12.266,10.0,buy,8667.06,BTC-27SEP19-12000-C,92.01,0.1125,10.0,0,1559063712266,22428340,466
2019-05-29 13:28:01.976,0.1,buy,8716.89,BTC-27SEP19-12000-C,91.29,0.1065,0.1,2,1559136481976,22510067,467
2019-05-29 13:33:06.593,0.1,buy,8740.27,BTC-27SEP19-12000-C,91.64,0.108,0.1,0,1559136786593,22511477,468
2019-05-29 14:20:10.280,3.5,sell,8716.02,BTC-27SEP19-12000-C,88.1,0.0995,3.5,3,1559139610280,22518418,470
2019-05-29 14:20:10.280,6.4,sell,8716.02,BTC-27SEP19-12000-C,88.1,0.0995,6.4,2,1559139610280,22518417,469
2019-05-29 14:20:11.333,6.4,buy,8716.02,BTC-27SEP19-12000-C,88.1,0.0995,6.4,3,1559139611333,22518419,471
2019-05-29 14:20:23.330,10.0,sell,8715.08,BTC-27SEP19-12000-C,87.87,0.099,10.0,2,1559139623330,22518442,472
2019-05-29 14:21:51.778,10.0,buy,8715.69,BTC-27SEP19-12000-C,87.88,0.099,10.0,3,1559139711778,22518518,473
2019-05-29 14:24:31.320,0.1,sell,8727.03,BTC-27SEP19-12000-C,87.67,0.099,0.1,3,1559139871320,22518727,474
2019-05-29 14:28:28.553,9.9,buy,8719.68,BTC-27SEP19-12000-C,87.73,0.099,9.9,3,1559140108553,22519043,475
2019-05-29 14:30:27.493,3.7,buy,8722.75,BTC-27SEP19-12000-C,87.96,0.0995,3.7,0,1559140227493,22519127,476
2019-05-29 14:30:27.493,10.0,buy,8722.75,BTC-27SEP19-12000-C,87.96,0.0995,10.0,1,1559140227493,22519128,477
2019-05-29 14:53:42.547,2.0,sell,8705.03,BTC-27SEP19-12000-C,87.08,0.097,2.0,2,1559141622547,22520705,478
2019-05-29 15:21:52.017,0.1,buy,8733.12,BTC-27SEP19-12000-C,88.05,0.1,0.1,0,1559143312017,22522260,479
2019-05-30 05:34:21.285,1.9,buy,8726.7,BTC-27SEP19-12000-C,87.52,0.1,1.9,1,1559194461285,22583045,480
2019-05-30 21:30:31.729,0.1,sell,8146.05,BTC-27SEP19-12000-C,92.11,0.0885,0.1,2,1559251831729,22723536,481
2019-05-30 21:30:44.160,0.1,buy,8148.74,BTC-27SEP19-12000-C,92.29,0.08900000000000001,0.1,0,1559251844160,22723625,482
2019-05-30 21:33:07.510,0.1,sell,8107.67,BTC-27SEP19-12000-C,88.75,0.08,0.1,2,1559251987510,22726150,483
2019-05-30 21:37:57.760,0.1,buy,8231.76,BTC-27SEP19-12000-C,92.23,0.091,0.1,0,1559252277760,22729252,484
2019-05-30 23:46:47.941,0.1,buy,8294.88,BTC-27SEP19-12000-C,92.41,0.093,0.1,0,1559260007941,22752002,485
2019-05-31 08:21:00.933,0.5,sell,8288.25,BTC-27SEP19-12000-C,87.88,0.083,0.5,2,1559290860933,22783664,486
2019-05-31 11:51:59.787,9.5,sell,8221.8,BTC-27SEP19-12000-C,88.55,0.083,9.5,3,1559303519787,22794997,487
2019-05-31 15:25:36.804,0.1,buy,8419.6,BTC-27SEP19-12000-C,88.5,0.0885,0.1,0,1559316336804,22812323,488
2019-05-31 17:05:17.708,0.1,buy,8387.16,BTC-27SEP19-12000-C,87.5,0.0855,0.1,2,1559322317708,22823633,489
2019-05-31 17:12:44.063,0.1,buy,8426.21,BTC-27SEP19-12000-C,87.69,0.087,0.1,0,1559322764063,22824618,490
2019-06-01 04:26:27.071,5.0,sell,8531.05,BTC-27SEP19-12000-C,86.35,0.09,5.0,0,1559363187071,22863381,491
2019-06-01 15:45:30.580,0.1,buy,8531.42,BTC-27SEP19-12000-C,87.27,0.0905,0.1,0,1559403930580,22889274,492
2019-06-02 16:34:12.050,0.1,buy,8716.75,BTC-27SEP19-12000-C,86.07,0.092,0.1,0,1559493252050,22952534,493
2019-06-02 16:40:35.570,0.1,buy,8719.81,BTC-27SEP19-12000-C,85.99,0.092,0.1,1,1559493635570,22952567,494
2019-06-02 21:52:48.346,0.1,buy,8699.69,BTC-27SEP19-12000-C,85.89,0.091,0.1,2,1559512368346,22961388,495
2019-06-02 22:38:13.470,0.1,buy,8732.04,BTC-27SEP19-12000-C,85.85,0.092,0.1,0,1559515093470,22963171,496
2019-06-03 14:58:15.270,0.1,buy,8402.8,BTC-27SEP19-12000-C,84.45,0.078,0.1,2,1559573895270,23040790,497
2019-06-03 15:18:17.882,0.1,buy,8416.4,BTC-27SEP19-12000-C,84.48,0.0785,0.1,0,1559575097882,23046353,498
2019-06-03 15:36:30.679,0.1,buy,8460.53,BTC-27SEP19-12000-C,84.39,0.0795,0.1,0,1559576190679,23049082,499
2019-06-03 21:27:59.625,0.1,buy,8497.73,BTC-27SEP19-12000-C,84.95,0.0825,0.1,0,1559597279625,23070849,500
2019-06-03 21:37:40.898,0.1,buy,8499.38,BTC-27SEP19-12000-C,84.43,0.0815,0.1,2,1559597860898,23072479,501
2019-06-03 22:27:15.667,0.1,buy,8437.65,BTC-27SEP19-12000-C,84.55,0.08,0.1,2,1559600835667,23077903,502
2019-06-03 22:28:10.060,0.1,buy,8450.45,BTC-27SEP19-12000-C,84.38,0.08,0.1,3,1559600890060,23078095,503
2019-06-03 23:25:01.400,0.1,buy,8201.55,BTC-27SEP19-12000-C,85.45,0.07400000000000001,0.1,2,1559604301400,23094361,504
2019-06-04 00:11:53.851,0.1,buy,7860.63,BTC-27SEP19-12000-C,86.83,0.067,0.1,2,1559607113851,23131607,505
2019-06-04 00:12:16.430,0.1,buy,7827.67,BTC-27SEP19-12000-C,87.29,0.067,0.1,3,1559607136430,23132004,506
2019-06-04 01:09:12.800,0.1,buy,7995.24,BTC-27SEP19-12000-C,88.68,0.07400000000000001,0.1,0,1559610552800,23147811,507
2019-06-04 04:51:48.000,0.1,buy,7964.69,BTC-27SEP19-12000-C,85.85,0.067,0.1,2,1559623908000,23167172,508
2019-06-04 13:27:45.596,0.1,buy,7991.95,BTC-27SEP19-12000-C,86.99,0.069,0.1,0,1559654865596,23210583,509
2019-06-04 17:30:45.874,0.3,buy,7810.52,BTC-27SEP19-12000-C,84.97,0.0595,0.3,2,1559669445874,23238784,510
2019-06-04 17:30:57.229,0.3,buy,7813.03,BTC-27SEP19-12000-C,84.94,0.0595,0.3,3,1559669457229,23238834,511
2019-06-04 17:31:18.341,0.3,buy,7822.7,BTC-27SEP19-12000-C,84.76,0.0595,0.3,3,1559669478341,23238903,512
2019-06-04 17:31:37.410,0.3,buy,7822.13,BTC-27SEP19-12000-C,84.78,0.0595,0.3,3,1559669497410,23238992,513
2019-06-04 17:32:09.759,0.2,buy,7818.86,BTC-27SEP19-12000-C,84.79,0.0595,0.2,3,1559669529759,23239181,514
2019-06-04 17:32:32.148,0.3,buy,7818.57,BTC-27SEP19-12000-C,84.79,0.0595,0.3,3,1559669552148,23239286,515
2019-06-04 17:32:51.196,0.4,buy,7820.11,BTC-27SEP19-12000-C,84.82,0.0595,0.4,3,1559669571196,23239431,516
2019-06-04 17:48:19.865,0.1,buy,7639.93,BTC-27SEP19-12000-C,88.38,0.061,0.1,0,1559670499865,23255938,517
2019-06-04 18:07:53.090,0.1,buy,7672.65,BTC-27SEP19-12000-C,87.7,0.0605,0.1,2,1559671673090,23263974,518
2019-06-04 22:03:08.831,0.1,buy,7513.92,BTC-27SEP19-12000-C,84.98,0.052000000000000005,0.1,2,1559685788831,23307793,519
2019-06-04 22:03:35.013,0.1,buy,7514.37,BTC-27SEP19-12000-C,85.0,0.052000000000000005,0.1,3,1559685815013,23308007,520
2019-06-05 00:07:20.296,0.1,buy,7743.61,BTC-27SEP19-12000-C,84.42,0.057,0.1,0,1559693240296,23322627,521
2019-06-05 02:56:02.670,1.0,buy,7842.12,BTC-27SEP19-12000-C,81.95,0.055,1.0,2,1559703362670,23332504,522
2019-06-05 17:53:59.069,3.0,buy,7807.61,BTC-27SEP19-12000-C,83.41,0.055999999999999994,3.0,0,1559757239069,23387429,523
2019-06-06 02:33:24.778,1.0,sell,7823.17,BTC-27SEP19-12000-C,80.99,0.0525,1.0,2,1559788404778,23437184,524
2019-06-06 02:33:37.554,4.8,sell,7821.85,BTC-27SEP19-12000-C,80.13,0.051,4.8,3,1559788417554,23437188,526
2019-06-06 02:33:37.554,4.9,sell,7821.85,BTC-27SEP19-12000-C,80.13,0.051,4.9,2,1559788417554,23437187,525
2019-06-06 03:04:22.522,1.0,buy,7824.59,BTC-27SEP19-12000-C,80.45,0.0515,1.0,0,1559790262522,23438199,527
2019-06-06 03:04:34.959,2.0,sell,7824.14,BTC-27SEP19-12000-C,79.59,0.05,2.0,2,1559790274959,23438206,528
2019-06-06 03:04:58.222,1.0,buy,7827.02,BTC-27SEP19-12000-C,80.42,0.0515,1.0,0,1559790298222,23438225,529
2019-06-06 03:35:18.300,1.0,sell,7842.13,BTC-27SEP19-12000-C,79.02,0.0495,1.0,2,1559792118300,23439050,530
2019-06-06 03:35:29.800,2.5,sell,7842.71,BTC-27SEP19-12000-C,78.45,0.0485,2.5,2,1559792129800,23439052,531
2019-06-06 04:32:54.359,0.1,buy,7817.11,BTC-27SEP19-12000-C,80.39,0.051,0.1,0,1559795574359,23440622,532
2019-06-06 18:37:06.226,0.1,buy,7539.14,BTC-27SEP19-12000-C,80.38,0.043,0.1,2,1559846226226,23513136,533
2019-06-06 23:44:22.545,24.4,buy,7779.92,BTC-27SEP19-12000-C,80.7,0.049,24.4,0,1559864662545,23540267,534
2019-06-07 05:38:06.249,1.0,buy,7805.57,BTC-27SEP19-12000-C,78.16,0.0455,1.0,2,1559885886249,23557257,535
2019-06-07 05:38:21.718,5.0,buy,7800.61,BTC-27SEP19-12000-C,78.21,0.0455,5.0,3,1559885901718,23557312,536
2019-06-07 06:19:14.978,1.0,buy,7935.57,BTC-27SEP19-12000-C,78.15,0.0485,1.0,0,1559888354978,23563473,537
2019-06-07 13:53:36.775,10.0,buy,7984.59,BTC-27SEP19-12000-C,77.21,0.048,10.0,2,1559915616775,23589453,538
2019-06-07 13:53:36.936,1.1,buy,7984.59,BTC-27SEP19-12000-C,77.5,0.0485,1.1,0,1559915616936,23589454,539
2019-06-07 14:32:17.421,0.1,buy,7980.56,BTC-27SEP19-12000-C,77.87,0.049,0.1,0,1559917937421,23590288,540
2019-06-07 21:53:54.469,18.5,sell,7962.85,BTC-27SEP19-12000-C,74.83,0.0435,18.5,2,1559944434469,23625706,542
2019-06-07 21:53:54.469,1.5,sell,7962.85,BTC-27SEP19-12000-C,75.14,0.044000000000000004,1.5,2,1559944434469,23625705,541
2019-06-07 21:54:18.124,13.4,sell,7960.73,BTC-27SEP19-12000-C,74.88,0.0435,13.4,3,1559944458124,23625748,543
2019-06-07 21:54:36.592,12.2,sell,7960.3,BTC-27SEP19-12000-C,74.58,0.043,12.2,2,1559944476592,23625749,544
2019-06-07 22:33:03.558,4.9,sell,7985.35,BTC-27SEP19-12000-C,74.31,0.043,4.9,3,1559946783558,23627242,545
2019-06-07 22:33:14.953,4.9,sell,7985.7,BTC-27SEP19-12000-C,73.99,0.0425,4.9,2,1559946794953,23627244,546
2019-06-08 02:00:00.541,0.5,sell,7979.4,BTC-27SEP19-12000-C,74.28,0.0425,0.5,3,1559959200541,23635331,547
2019-06-08 06:55:48.754,3.0,buy,7929.25,BTC-27SEP19-12000-C,76.34,0.044000000000000004,3.0,0,1559976948754,23646866,548
2019-06-08 07:00:31.862,2.0,buy,7913.39,BTC-27SEP19-12000-C,76.56,0.044000000000000004,2.0,1,1559977231862,23647091,549
2019-06-08 08:26:27.927,4.0,buy,7951.65,BTC-27SEP19-12000-C,76.52,0.045,4.0,0,1559982387927,23649458,550
2019-06-10 01:06:52.854,5.5,buy,7619.87,BTC-27SEP19-12000-C,76.11,0.036000000000000004,5.5,2,1560128812854,23788966,551
2019-06-10 12:16:54.235,0.3,sell,7994.41,BTC-27SEP19-12000-C,73.23,0.0395,0.3,0,1560169014235,23843184,552
2019-06-10 14:06:10.937,0.1,buy,7969.69,BTC-27SEP19-12000-C,75.59,0.0425,0.1,0,1560175570937,23856016,553
2019-06-11 07:11:19.644,0.1,sell,7919.01,BTC-27SEP19-12000-C,74.02,0.0395,0.1,2,1560237079644,23896741,554
2019-06-11 10:14:56.671,0.9,sell,7795.27,BTC-27SEP19-12000-C,75.83,0.0395,0.9,3,1560248096671,23905634,555
2019-06-11 10:15:19.601,0.2,sell,7773.0,BTC-27SEP19-12000-C,75.8,0.039,0.2,2,1560248119601,23906081,556
2019-06-11 10:18:21.781,0.8,sell,7794.57,BTC-27SEP19-12000-C,75.5,0.039,0.8,3,1560248301781,23907351,557
2019-06-11 12:46:06.835,2.0,buy,7804.3,BTC-27SEP19-12000-C,74.01,0.035,2.0,2,1560257166835,23925212,558
2019-06-11 16:23:59.299,0.1,sell,7761.9,BTC-27SEP19-12000-C,73.55,0.0335,0.1,2,1560270239299,23939943,559
2019-06-12 15:02:22.868,0.2,sell,8032.59,BTC-27SEP19-12000-C,73.78,0.0395,0.2,0,1560351742868,24011318,560
2019-06-14 02:24:43.094,2.0,sell,8212.78,BTC-27SEP19-12000-C,73.15,0.042,2.0,0,1560479083094,24112363,561
2019-06-14 13:39:12.699,0.1,buy,8403.67,BTC-27SEP19-12000-C,75.12,0.05,0.1,0,1560519552699,24138616,562
2019-06-14 13:40:18.645,0.1,buy,8398.46,BTC-27SEP19-12000-C,74.95,0.0495,0.1,2,1560519618645,24138783,563
2019-06-14 13:51:57.256,0.1,buy,8443.9,BTC-27SEP19-12000-C,75.48,0.0515,0.1,0,1560520317256,24141119,564
2019-06-14 14:06:54.982,0.2,buy,8426.89,BTC-27SEP19-12000-C,75.39,0.051,0.2,2,1560521214982,24142779,565
2019-06-14 14:16:13.807,3.0,sell,8397.49,BTC-27SEP19-12000-C,75.24,0.05,3.0,2,1560521773807,24143485,566
2019-06-14 15:33:35.773,0.1,buy,8460.91,BTC-27SEP19-12000-C,76.13,0.053,0.1,0,1560526415773,24147658,567
2019-06-14 21:07:34.048,0.1,buy,8543.82,BTC-27SEP19-12000-C,75.21,0.053,0.1,1,1560546454048,24165049,568
2019-06-14 21:15:59.622,0.1,buy,8617.6,BTC-27SEP19-12000-C,75.69,0.0555,0.1,0,1560546959622,24170305,569
2019-06-14 23:37:10.255,0.2,sell,8708.15,BTC-27SEP19-12000-C,75.95,0.0585,0.2,0,1560555430255,24185287,570
2019-06-15 03:45:38.700,1.0,sell,8641.84,BTC-27SEP19-12000-C,75.93,0.057,1.0,2,1560570338700,24193721,571
2019-06-15 07:08:52.723,0.1,buy,8676.76,BTC-27SEP19-12000-C,76.96,0.06,0.1,0,1560582532723,24203813,572
2019-06-15 07:12:39.959,0.1,buy,8689.25,BTC-27SEP19-12000-C,77.08,0.0605,0.1,0,1560582759959,24203910,573
2019-06-15 07:16:49.487,0.1,buy,8697.58,BTC-27SEP19-12000-C,77.23,0.061,0.1,0,1560583009487,24204077,574
2019-06-15 13:42:26.865,0.2,sell,8646.78,BTC-27SEP19-12000-C,74.85,0.0555,0.2,2,1560606146865,24212845,575
2019-06-15 14:28:57.163,10.0,buy,8664.71,BTC-27SEP19-12000-C,76.06,0.057999999999999996,10.0,0,1560608937163,24213878,576
2019-06-15 14:28:57.163,4.9,buy,8664.71,BTC-27SEP19-12000-C,76.06,0.057999999999999996,4.9,1,1560608937163,24213879,577
2019-06-15 14:28:57.163,3.5,buy,8664.71,BTC-27SEP19-12000-C,76.06,0.057999999999999996,3.5,1,1560608937163,24213880,578
2019-06-15 18:55:59.755,0.8,buy,8828.63,BTC-27SEP19-12000-C,76.22,0.064,0.8,0,1560624959755,24241127,579
2019-06-16 07:45:47.486,0.1,sell,9314.59,BTC-27SEP19-12000-C,74.79,0.076,0.1,0,1560671147486,24314038,580
2019-06-16 10:42:48.340,1.0,sell,9091.74,BTC-27SEP19-12000-C,74.01,0.0685,1.0,2,1560681768340,24350761,581
2019-06-16 10:49:12.394,1.0,buy,9074.67,BTC-27SEP19-12000-C,77.52,0.075,1.0,0,1560682152394,24351222,582
2019-06-16 19:45:12.910,0.2,sell,8942.42,BTC-27SEP19-12000-C,80.45,0.0785,0.2,0,1560714312910,24412321,583
2019-06-17 03:25:35.705,10.0,sell,9143.03,BTC-27SEP19-12000-C,79.48,0.0795,10.0,0,1560741935705,24453678,584
2019-06-17 04:27:27.629,2.0,sell,9185.38,BTC-27SEP19-12000-C,79.94,0.081,2.0,0,1560745647629,24461761,585
2019-06-17 05:58:08.785,10.0,sell,9171.19,BTC-27SEP19-12000-C,79.68,0.0795,10.0,2,1560751088785,24465770,586
2019-06-17 06:07:18.852,2.0,buy,9199.48,BTC-27SEP19-12000-C,81.03,0.083,2.0,0,1560751638852,24466318,587
2019-06-17 10:46:19.914,1.0,buy,9251.8,BTC-27SEP19-12000-C,80.41,0.0835,1.0,0,1560768379914,24480060,588
2019-06-17 11:25:56.438,1.1,sell,9310.88,BTC-27SEP19-12000-C,81.26,0.0875,1.1,0,1560770756438,24487061,589
2019-06-17 16:44:40.385,2.0,buy,9218.79,BTC-27SEP19-12000-C,81.27,0.084,2.0,2,1560789880385,24536365,590
2019-06-17 23:17:56.431,0.6,buy,9449.64,BTC-27SEP19-12000-C,83.3,0.0965,0.6,0,1560813476431,24587985,591
2019-06-18 00:29:38.734,10.0,sell,9313.09,BTC-27SEP19-12000-C,82.64,0.091,10.0,2,1560817778734,24602758,592
2019-06-18 00:32:20.373,10.0,buy,9306.48,BTC-27SEP19-12000-C,83.0,0.0915,10.0,0,1560817940373,24602952,593
2019-06-18 00:33:59.479,4.9,buy,9304.59,BTC-27SEP19-12000-C,83.43,0.0925,4.9,0,1560818039479,24603085,594
2019-06-18 00:33:59.479,4.0,buy,9304.59,BTC-27SEP19-12000-C,83.43,0.0925,4.0,1,1560818039479,24603086,595
2019-06-18 01:03:45.724,10.0,sell,9274.75,BTC-27SEP19-12000-C,82.68,0.09,10.0,2,1560819825724,24605728,596
2019-06-18 04:21:56.090,10.0,sell,9282.37,BTC-27SEP19-12000-C,83.34,0.091,10.0,0,1560831716090,24616390,597
2019-06-18 04:21:56.131,10.0,sell,9282.37,BTC-27SEP19-12000-C,83.09,0.0905,10.0,2,1560831716131,24616391,598
2019-06-18 05:20:55.771,0.6,sell,9208.87,BTC-27SEP19-12000-C,81.95,0.086,0.6,2,1560835255771,24618435,599
2019-06-18 18:24:00.522,0.4,sell,9054.0,BTC-27SEP19-12000-C,81.35,0.0805,0.4,2,1560882240522,24682146,600
2019-06-18 18:25:49.893,0.1,sell,9050.5,BTC-27SEP19-12000-C,81.4,0.0805,0.1,3,1560882349893,24682211,601
2019-06-19 12:05:06.571,10.0,sell,9141.09,BTC-27SEP19-12000-C,80.65,0.081,10.0,0,1560945906571,24731695,602
2019-06-19 12:05:06.571,4.9,sell,9141.09,BTC-27SEP19-12000-C,80.4,0.0805,4.9,2,1560945906571,24731696,603
2019-06-19 12:05:06.571,0.4,sell,9141.09,BTC-27SEP19-12000-C,78.59,0.077,0.4,2,1560945906571,24731697,604
2019-06-19 13:20:46.573,0.4,buy,9122.57,BTC-27SEP19-12000-C,80.86,0.081,0.4,0,1560950446573,24737782,605
2019-06-19 21:41:18.811,1.0,buy,9171.43,BTC-27SEP19-12000-C,82.06,0.084,1.0,0,1560980478811,24760870,606
2019-06-19 23:18:34.715,1.0,buy,9317.74,BTC-27SEP19-12000-C,80.61,0.08800000000000001,1.0,0,1560986314715,24775451,607
2019-06-20 02:47:49.736,10.0,sell,9308.22,BTC-27SEP19-12000-C,82.77,0.091,10.0,0,1560998869736,24782410,608
2019-06-20 02:47:53.405,10.0,sell,9308.58,BTC-27SEP19-12000-C,82.52,0.0905,10.0,2,1560998873405,24782418,609
2019-06-20 02:47:53.405,4.0,sell,9308.58,BTC-27SEP19-12000-C,82.52,0.0905,4.0,3,1560998873405,24782419,610
2019-06-20 10:05:17.767,0.1,buy,9232.47,BTC-27SEP19-12000-C,83.57,0.0895,0.1,2,1561025117767,24801898,611
2019-06-20 10:10:36.721,0.1,buy,9233.12,BTC-27SEP19-12000-C,83.53,0.0895,0.1,3,1561025436721,24802123,612
2019-06-20 14:56:17.975,2.0,buy,9354.13,BTC-27SEP19-12000-C,81.75,0.09,2.0,0,1561042577975,24817192,613
2019-06-20 14:58:14.991,1.0,buy,9362.8,BTC-27SEP19-12000-C,82.14,0.091,1.0,0,1561042694991,24817303,614
2019-06-20 15:03:23.070,0.9,buy,9361.56,BTC-27SEP19-12000-C,82.11,0.091,0.9,1,1561043003070,24817900,615
2019-06-20 15:42:01.804,1.0,buy,9350.35,BTC-27SEP19-12000-C,81.9,0.09,1.0,2,1561045321804,24820658,616
