date_utc,amount,direction,indexPrice,instrument,iv,price,quantity,tickDirection,timeStamp,tradeId,tradeSeq
2019-02-18 02:55:49.737,0.2,buy,3670.55,BTC-27SEP19-11000-C,65.16,0.0045,0.2,2,1550458549737,15484600,65
2019-02-18 16:08:39.997,0.2,buy,3828.25,BTC-27SEP19-11000-C,63.2,0.0045,0.2,3,1550506119997,15548925,66
2019-02-18 17:27:33.730,0.1,buy,3870.01,BTC-27SEP19-11000-C,64.44,0.0055,0.1,0,1550510853730,15569584,67
2019-02-21 12:11:51.365,10.0,buy,3893.27,BTC-27SEP19-11000-C,67.51,0.0075,10.0,0,1550751111365,15742139,68
2019-02-21 12:33:44.908,2.0,sell,3897.06,BTC-27SEP19-11000-C,57.63,0.0025,2.0,2,1550752424908,15742767,69
2019-02-21 12:33:44.908,1.0,sell,3897.06,BTC-27SEP19-11000-C,57.63,0.0025,1.0,3,1550752424908,15742768,70
2019-02-21 12:33:44.973,3.0,buy,3897.06,BTC-27SEP19-11000-C,57.63,0.0025,3.0,3,1550752424973,15742769,71
2019-02-21 12:33:47.088,3.0,buy,3897.06,BTC-27SEP19-11000-C,57.63,0.0025,3.0,3,1550752427088,15742781,72
2019-02-21 12:33:50.997,1.0,buy,3897.06,BTC-27SEP19-11000-C,57.63,0.0025,1.0,3,1550752430997,15742782,73
2019-02-23 08:27:43.492,1.0,sell,3927.25,BTC-27SEP19-11000-C,65.22,0.006,1.0,0,1550910463492,15797649,74
2019-02-24 03:18:07.901,1.0,sell,4159.87,BTC-27SEP19-11000-C,64.18,0.006999999999999999,1.0,0,1550978287901,15861790,75
2019-02-24 03:18:10.047,1.0,sell,4160.12,BTC-27SEP19-11000-C,64.17,0.006999999999999999,1.0,1,1550978290047,15861793,76
2019-02-24 04:13:48.985,5.0,sell,4163.55,BTC-27SEP19-11000-C,64.17,0.006999999999999999,5.0,1,1550981628985,15865979,77
2019-02-24 11:27:01.354,0.2,buy,4140.41,BTC-27SEP19-11000-C,67.58,0.0095,0.2,0,1551007621354,15877371,78
2019-02-25 02:32:05.018,1.0,sell,3760.61,BTC-27SEP19-11000-C,67.99,0.006,1.0,2,1551061925018,15971322,79
2019-02-25 14:53:34.829,5.0,buy,3778.03,BTC-27SEP19-11000-C,68.63,0.0065,5.0,1,1551106414829,15990429,81
2019-02-25 14:53:34.829,12.0,buy,3778.03,BTC-27SEP19-11000-C,68.63,0.0065,12.0,0,1551106414829,15990428,80
2019-02-25 20:14:23.967,0.6,sell,3848.74,BTC-27SEP19-11000-C,66.99,0.006,0.6,2,1551125663967,16006870,82
2019-02-28 17:19:04.977,0.2,sell,3804.16,BTC-27SEP19-11000-C,66.12,0.005,0.2,2,1551374344977,16130092,83
2019-03-05 04:16:30.446,0.1,sell,3699.93,BTC-27SEP19-11000-C,68.06,0.005,0.1,3,1551759390446,16248905,84
2019-03-05 22:36:34.685,12.0,buy,3832.5,BTC-27SEP19-11000-C,69.02,0.0065,12.0,0,1551825394685,16296394,85
2019-03-07 14:08:39.462,1.0,buy,3846.66,BTC-27SEP19-11000-C,69.05,0.0065,1.0,1,1551967719462,16352991,86
2019-03-07 21:14:25.235,0.2,sell,3868.95,BTC-27SEP19-11000-C,66.17,0.005,0.2,2,1551993265235,16362347,87
2019-03-08 03:32:28.320,0.1,sell,3856.5,BTC-27SEP19-11000-C,66.38,0.005,0.1,3,1552015948320,16366738,88
2019-03-08 15:55:51.026,0.5,buy,3886.43,BTC-27SEP19-11000-C,68.87,0.0065,0.5,0,1552060551026,16388796,89
2019-03-08 15:55:51.026,11.5,buy,3886.43,BTC-27SEP19-11000-C,68.87,0.0065,11.5,1,1552060551026,16388797,90
2019-03-09 14:17:27.273,1.1,buy,3902.43,BTC-27SEP19-11000-C,69.6,0.006999999999999999,1.1,0,1552141047273,16429049,91
2019-03-11 23:52:14.559,0.3,sell,3847.44,BTC-27SEP19-11000-C,67.26,0.005,0.3,2,1552348334559,16498735,92
2019-03-12 01:46:39.505,0.2,sell,3824.61,BTC-27SEP19-11000-C,67.56,0.005,0.2,3,1552355199505,16503249,93
2019-03-12 03:08:57.754,0.2,sell,3804.45,BTC-27SEP19-11000-C,67.8,0.005,0.2,3,1552360137754,16506643,94
2019-03-12 04:13:26.632,0.1,sell,3801.85,BTC-27SEP19-11000-C,67.82,0.005,0.1,3,1552364006632,16508360,95
2019-03-14 02:31:40.117,0.1,sell,3855.41,BTC-27SEP19-11000-C,67.63,0.005,0.1,3,1552530700117,16548629,96
2019-03-14 04:32:28.821,0.1,sell,3853.39,BTC-27SEP19-11000-C,67.68,0.005,0.1,3,1552537948821,16549285,97
2019-03-15 19:23:23.409,0.2,sell,3901.99,BTC-27SEP19-11000-C,67.24,0.005,0.2,3,1552677803409,16599740,98
2019-03-22 03:49:08.615,1.0,sell,3975.71,BTC-27SEP19-11000-C,68.46,0.0055,1.0,0,1553226548615,16773769,99
2019-03-22 03:49:08.615,0.2,sell,3975.71,BTC-27SEP19-11000-C,68.46,0.0055,0.2,1,1553226548615,16773770,100
2019-03-23 00:42:45.334,0.2,sell,3976.3,BTC-27SEP19-11000-C,67.58,0.005,0.2,2,1553301765334,16783504,101
2019-03-23 22:02:35.338,10.0,sell,3975.05,BTC-27SEP19-11000-C,68.71,0.0055,10.0,1,1553378555338,16795688,103
2019-03-23 22:02:35.338,2.1,sell,3975.05,BTC-27SEP19-11000-C,68.71,0.0055,2.1,0,1553378555338,16795687,102
2019-03-24 00:13:49.668,0.1,sell,3977.23,BTC-27SEP19-11000-C,67.72,0.005,0.1,2,1553386429668,16796616,104
2019-03-24 21:04:10.908,0.1,sell,3957.61,BTC-27SEP19-11000-C,68.13,0.005,0.1,3,1553461450908,16804750,105
2019-03-25 18:25:15.604,0.2,sell,3932.7,BTC-27SEP19-11000-C,68.69,0.005,0.2,3,1553538315604,16817285,106
2019-03-25 18:50:25.545,0.1,sell,3907.89,BTC-27SEP19-11000-C,68.99,0.005,0.1,3,1553539825545,16819156,107
2019-03-25 18:57:05.402,0.1,sell,3907.42,BTC-27SEP19-11000-C,69.0,0.005,0.1,3,1553540225402,16819423,108
2019-03-27 20:51:57.354,0.5,sell,4007.51,BTC-27SEP19-11000-C,68.27,0.005,0.5,3,1553719917354,16869245,109
2019-03-27 20:58:15.627,0.5,sell,4008.21,BTC-27SEP19-11000-C,68.26,0.005,0.5,3,1553720295627,16869288,110
2019-03-28 09:56:33.310,0.5,sell,4008.92,BTC-27SEP19-11000-C,69.37,0.0055,0.5,0,1553766993310,16923469,111
2019-03-30 03:36:32.779,0.1,sell,4096.22,BTC-27SEP19-11000-C,68.39,0.0055,0.1,1,1553916992779,16968730,112
2019-04-01 11:01:09.641,6.9,sell,4114.27,BTC-27SEP19-11000-C,72.11,0.0075,6.9,0,1554116469641,17003730,113
2019-04-02 04:53:57.046,0.6,buy,4754.98,BTC-27SEP19-11000-C,63.43,0.0075,0.6,1,1554180837046,17039325,114
2019-04-02 05:39:38.463,0.4,sell,4791.7,BTC-27SEP19-11000-C,56.75,0.004,0.4,2,1554183578463,17070520,115
2019-04-03 01:41:07.941,10.0,buy,4959.1,BTC-27SEP19-11000-C,66.33,0.0115,10.0,0,1554255667941,17165630,116
2019-04-03 02:29:45.185,1.0,buy,5022.53,BTC-27SEP19-11000-C,68.66,0.0145,1.0,0,1554258585185,17170173,117
2019-04-03 19:06:57.586,0.5,sell,5157.84,BTC-27SEP19-11000-C,74.79,0.024,0.5,0,1554318417586,17225542,118
2019-04-06 22:36:52.082,1.1,buy,5030.26,BTC-27SEP19-11000-C,74.71,0.0215,1.1,2,1554590212082,17440601,119
2019-04-06 22:36:52.082,3.9,buy,5030.26,BTC-27SEP19-11000-C,74.71,0.0215,3.9,3,1554590212082,17440602,120
2019-04-07 20:04:23.351,0.2,sell,5139.9,BTC-27SEP19-11000-C,69.64,0.017,0.2,2,1554667463351,17478168,121
2019-04-08 06:33:52.612,231.0,sell,5258.63,BTC-27SEP19-11000-C,71.15,0.021,231.0,0,1554705232612,17515416,122
2019-04-08 06:33:59.728,231.0,sell,5258.59,BTC-27SEP19-11000-C,71.15,0.021,231.0,1,1554705239728,17515422,123
2019-04-08 15:10:51.398,0.9,sell,5232.15,BTC-27SEP19-11000-C,71.2,0.02,0.9,2,1554736251398,17534165,124
2019-04-10 01:34:34.557,0.5,buy,5228.0,BTC-27SEP19-11000-C,74.76,0.024,0.5,0,1554860074557,17589967,125
2019-04-10 15:28:48.778,6.0,sell,5265.43,BTC-27SEP19-11000-C,70.6,0.019,6.0,2,1554910128778,17602732,126
2019-04-10 18:30:23.443,0.3,buy,5328.76,BTC-27SEP19-11000-C,74.43,0.025,0.3,0,1554921023443,17610664,127
2019-04-10 18:34:40.847,0.2,buy,5452.36,BTC-27SEP19-11000-C,73.43,0.026,0.2,0,1554921280847,17615600,128
2019-04-11 18:26:01.370,100.3,sell,5065.83,BTC-27SEP19-11000-C,75.23,0.0205,100.3,2,1555007161370,17710315,129
2019-04-12 05:43:47.776,10.0,sell,5004.5,BTC-27SEP19-11000-C,72.94,0.017,10.0,2,1555047827776,17738274,130
2019-04-12 14:26:48.351,0.2,buy,5078.05,BTC-27SEP19-11000-C,72.54,0.0175,0.2,0,1555079208351,17750197,131
2019-04-12 14:27:08.838,0.1,buy,5077.64,BTC-27SEP19-11000-C,73.0,0.018000000000000002,0.1,0,1555079228838,17750201,132
2019-04-12 17:00:25.415,5.9,sell,5083.72,BTC-27SEP19-11000-C,70.63,0.0155,5.9,2,1555088425415,17752408,133
2019-04-12 22:35:11.493,0.2,buy,5072.84,BTC-27SEP19-11000-C,76.1,0.0215,0.2,0,1555108511493,17761876,134
2019-04-13 20:29:15.566,0.1,buy,5080.32,BTC-27SEP19-11000-C,89.81,0.0405,0.1,0,1555187355566,17784236,135
2019-04-15 07:14:15.473,10.0,buy,5153.36,BTC-27SEP19-11000-C,72.93,0.018000000000000002,10.0,2,1555312455473,17814994,136
2019-04-15 22:29:24.156,0.2,buy,5046.01,BTC-27SEP19-11000-C,77.03,0.0215,0.2,0,1555367364156,17847443,137
2019-04-16 12:22:47.001,10.0,buy,5072.3,BTC-27SEP19-11000-C,73.06,0.017,10.0,2,1555417367001,17856638,138
2019-04-16 17:34:17.092,10.0,sell,5210.14,BTC-27SEP19-11000-C,72.58,0.0185,10.0,0,1555436057092,17871716,139
2019-04-18 14:44:21.726,8.1,sell,5243.17,BTC-27SEP19-11000-C,71.05,0.017,8.1,2,1555598661726,17924005,140
2019-04-22 22:54:33.944,0.2,sell,5394.13,BTC-27SEP19-11000-C,74.34,0.022000000000000002,0.2,0,1555973673944,18071098,141
2019-04-23 05:19:27.917,10.0,sell,5515.16,BTC-27SEP19-11000-C,72.46,0.0215,10.0,2,1555996767917,18096695,142
2019-04-24 07:59:05.288,10.0,buy,5465.96,BTC-27SEP19-11000-C,74.04,0.022000000000000002,10.0,0,1556092745288,18158171,143
2019-04-24 08:58:19.771,0.2,sell,5484.02,BTC-27SEP19-11000-C,73.11,0.021,0.2,2,1556096299771,18163052,144
2019-04-24 09:00:30.619,0.5,sell,5476.11,BTC-27SEP19-11000-C,73.19,0.021,0.5,3,1556096430619,18163161,145
2019-04-25 03:27:57.841,0.2,buy,5433.92,BTC-27SEP19-11000-C,73.92,0.021,0.2,3,1556162877841,18205007,146
2019-04-25 17:07:33.339,0.2,buy,5492.97,BTC-27SEP19-11000-C,73.8,0.0215,0.2,0,1556212053339,18226043,147
2019-04-25 22:12:12.446,1.0,sell,4996.56,BTC-27SEP19-11000-C,76.98,0.0175,1.0,2,1556230332446,18257592,148
2019-04-25 22:12:12.474,1.0,sell,4996.56,BTC-27SEP19-11000-C,76.98,0.0175,1.0,3,1556230332474,18257593,149
2019-04-25 23:01:19.244,8.0,sell,5104.81,BTC-27SEP19-11000-C,75.88,0.0175,8.0,3,1556233279244,18280626,150
2019-04-26 10:21:35.652,10.0,sell,5179.87,BTC-27SEP19-11000-C,75.25,0.018000000000000002,10.0,0,1556274095652,18322940,151
2019-04-26 16:29:13.940,10.0,sell,5051.03,BTC-27SEP19-11000-C,75.67,0.0165,10.0,2,1556296153940,18339044,152
2019-04-29 11:20:16.595,10.0,sell,5148.52,BTC-27SEP19-11000-C,74.89,0.016,10.0,2,1556536816595,18416434,153
2019-04-30 13:47:31.027,0.2,buy,5251.87,BTC-27SEP19-11000-C,74.79,0.017,0.2,0,1556632051027,18471007,154
2019-05-01 02:21:53.873,0.2,buy,5327.3,BTC-27SEP19-11000-C,74.51,0.0175,0.2,0,1556677313873,18495083,155
2019-05-02 06:24:18.694,0.1,buy,5327.05,BTC-27SEP19-11000-C,75.05,0.0175,0.1,1,1556778258694,18533357,156
2019-05-02 13:58:38.356,10.0,buy,5368.99,BTC-27SEP19-11000-C,74.58,0.0175,10.0,1,1556805518356,18551693,157
2019-05-03 02:53:51.677,1.0,buy,5479.28,BTC-27SEP19-11000-C,73.45,0.018000000000000002,1.0,0,1556852031677,18591253,158
2019-05-03 04:35:54.968,10.0,buy,5479.51,BTC-27SEP19-11000-C,73.89,0.0185,10.0,0,1556858154968,18594801,159
2019-05-05 16:03:59.930,10.0,sell,5704.19,BTC-27SEP19-11000-C,74.5,0.023,10.0,0,1557072239930,18880365,160
2019-05-05 16:04:05.417,10.0,sell,5704.22,BTC-27SEP19-11000-C,74.1,0.0225,10.0,2,1557072245417,18880367,161
2019-05-05 16:04:06.802,5.0,sell,5704.21,BTC-27SEP19-11000-C,73.7,0.022000000000000002,5.0,2,1557072246802,18880373,162
2019-05-05 16:06:56.132,5.0,sell,5692.12,BTC-27SEP19-11000-C,73.85,0.022000000000000002,5.0,3,1557072416132,18880746,163
2019-05-05 20:58:09.601,0.2,buy,5754.71,BTC-27SEP19-11000-C,76.2,0.026000000000000002,0.2,0,1557089889601,18899515,164
2019-05-06 10:00:10.800,10.0,buy,5628.0,BTC-27SEP19-11000-C,74.62,0.0215,10.0,2,1557136810800,18946463,165
2019-05-06 13:32:11.044,18.0,buy,5634.94,BTC-27SEP19-11000-C,76.2,0.0235,18.0,0,1557149531044,18951972,166
2019-05-06 13:32:11.047,13.2,sell,5634.94,BTC-27SEP19-11000-C,76.6,0.024,13.2,0,1557149531047,18951973,167
2019-05-06 13:32:11.124,13.2,sell,5634.94,BTC-27SEP19-11000-C,76.6,0.024,13.2,1,1557149531124,18951996,168
2019-05-06 13:37:36.502,10.0,sell,5631.41,BTC-27SEP19-11000-C,74.98,0.022000000000000002,10.0,2,1557149856502,18952153,169
2019-05-06 13:41:52.416,10.0,buy,5633.54,BTC-27SEP19-11000-C,74.94,0.022000000000000002,10.0,3,1557150112416,18952198,170
2019-05-06 16:43:57.232,10.0,buy,5712.92,BTC-27SEP19-11000-C,74.2,0.0225,10.0,0,1557161037232,18963147,171
2019-05-06 16:43:57.298,10.0,sell,5712.92,BTC-27SEP19-11000-C,74.2,0.0225,10.0,1,1557161037298,18963148,172
2019-05-06 16:44:31.832,1.0,sell,5713.67,BTC-27SEP19-11000-C,74.19,0.0225,1.0,1,1557161071832,18963314,173
2019-05-07 08:52:27.085,3.0,sell,5863.05,BTC-27SEP19-11000-C,73.79,0.0245,3.0,0,1557219147085,19034074,174
2019-05-09 21:36:42.056,0.1,buy,6123.02,BTC-27SEP19-11000-C,75.96,0.03,0.1,0,1557437802056,19267751,175
2019-05-09 22:29:22.714,0.1,buy,6135.67,BTC-27SEP19-11000-C,76.2,0.0305,0.1,0,1557440962714,19273260,176
2019-05-09 22:35:33.316,0.1,sell,6143.24,BTC-27SEP19-11000-C,75.82,0.03,0.1,2,1557441333316,19273503,177
2019-05-09 23:01:06.754,0.1,buy,6166.37,BTC-27SEP19-11000-C,76.23,0.031,0.1,0,1557442866754,19276640,178
2019-05-09 23:01:06.756,0.1,sell,6166.37,BTC-27SEP19-11000-C,76.23,0.031,0.1,1,1557442866756,19276641,179
2019-05-09 23:05:31.631,0.2,buy,6169.3,BTC-27SEP19-11000-C,76.59,0.0315,0.2,0,1557443131631,19277230,180
2019-05-10 17:18:05.144,0.3,buy,6382.63,BTC-27SEP19-11000-C,76.23,0.035,0.3,1,1557508685144,19384346,182
2019-05-10 17:18:05.144,0.1,buy,6382.63,BTC-27SEP19-11000-C,76.23,0.035,0.1,0,1557508685144,19384345,181
2019-05-10 21:29:38.099,0.1,buy,6323.06,BTC-27SEP19-11000-C,76.85,0.0345,0.1,2,1557523778099,19409884,183
2019-05-11 03:00:59.833,9.7,buy,6540.21,BTC-27SEP19-11000-C,77.66,0.040999999999999995,9.7,0,1557543659833,19434166,184
2019-05-11 03:01:19.302,30.0,buy,6538.52,BTC-27SEP19-11000-C,77.71,0.040999999999999995,30.0,1,1557543679302,19434451,185
2019-05-11 05:59:29.483,1.0,sell,6716.45,BTC-27SEP19-11000-C,73.64,0.038,1.0,3,1557554369483,19475974,187
2019-05-11 05:59:29.483,1.0,sell,6716.45,BTC-27SEP19-11000-C,73.64,0.038,1.0,2,1557554369483,19475973,186
2019-05-11 06:25:15.592,0.1,buy,6935.66,BTC-27SEP19-11000-C,74.92,0.045,0.1,0,1557555915592,19494469,188
2019-05-11 08:38:32.640,1.0,buy,6735.17,BTC-27SEP19-11000-C,74.4,0.04,1.0,2,1557563912640,19536750,189
2019-05-11 14:44:06.446,1.0,sell,6791.02,BTC-27SEP19-11000-C,79.44,0.051,1.0,0,1557585846446,19574714,190
2019-05-11 16:22:37.302,0.1,buy,6990.79,BTC-27SEP19-11000-C,78.56,0.055,0.1,0,1557591757302,19601962,191
2019-05-11 21:03:50.246,2.0,sell,6963.26,BTC-27SEP19-11000-C,78.36,0.054000000000000006,2.0,2,1557608630246,19638535,192
2019-05-11 21:04:18.560,12.0,sell,6960.49,BTC-27SEP19-11000-C,76.53,0.0505,12.0,2,1557608658560,19638607,193
2019-05-11 21:04:46.343,2.0,buy,6959.83,BTC-27SEP19-11000-C,79.96,0.057,2.0,0,1557608686343,19638616,194
2019-05-11 22:46:53.189,0.1,buy,7230.87,BTC-27SEP19-11000-C,79.52,0.065,0.1,0,1557614813189,19684332,195
2019-05-12 00:38:18.329,8.700000000000001,buy,6969.44,BTC-27SEP19-11000-C,79.41,0.055999999999999994,8.700000000000001,2,1557621498329,19754915,196
2019-05-12 01:10:35.508,1.0,buy,7161.12,BTC-27SEP19-11000-C,88.72,0.0805,1.0,0,1557623435508,19770268,197
2019-05-12 08:16:59.701,0.1,sell,7368.82,BTC-27SEP19-11000-C,83.82,0.075,0.1,2,1557649019701,19853667,198
2019-05-12 14:19:12.572,0.1,buy,7141.61,BTC-27SEP19-11000-C,85.46,0.0725,0.1,2,1557670752572,19984285,199
2019-05-12 18:00:30.638,0.1,buy,6932.12,BTC-27SEP19-11000-C,81.17,0.0585,0.1,2,1557684030638,20045964,200
2019-05-12 19:50:57.023,0.1,buy,7004.41,BTC-27SEP19-11000-C,81.13,0.06,0.1,0,1557690657023,20066810,201
2019-05-12 20:31:13.626,0.1,buy,7122.81,BTC-27SEP19-11000-C,80.47,0.062,0.1,0,1557693073626,20073179,202
2019-05-13 12:23:00.153,1.0,sell,7324.2,BTC-27SEP19-11000-C,81.51,0.0695,1.0,0,1557750180153,20172516,203
2019-05-13 13:46:48.609,0.5,sell,7404.15,BTC-27SEP19-11000-C,80.65,0.07,0.5,0,1557755208609,20186192,204
2019-05-13 14:59:22.062,50.0,buy,7511.75,BTC-27SEP19-11000-C,81.55,0.075,50.0,0,1557759562062,20203555,205
2019-05-13 17:09:15.188,0.2,buy,7910.73,BTC-27SEP19-11000-C,89.85,0.1075,0.2,0,1557767355188,20273754,206
2019-05-13 22:13:58.739,2.6,buy,8100.26,BTC-27SEP19-11000-C,90.12,0.115,2.6,0,1557785638739,20334127,207
2019-05-13 22:21:47.819,7.4,buy,8025.8,BTC-27SEP19-11000-C,90.12,0.1125,7.4,2,1557786107819,20335841,208
2019-05-14 08:27:01.461,0.1,buy,8245.85,BTC-27SEP19-11000-C,95.65,0.1345,0.1,0,1557822421461,20468730,209
2019-05-14 08:53:27.893,10.0,sell,8082.48,BTC-27SEP19-11000-C,96.12,0.13,10.0,2,1557824007893,20475649,210
2019-05-14 08:55:05.127,10.0,sell,8005.38,BTC-27SEP19-11000-C,96.74,0.1285,10.0,2,1557824105127,20477645,211
2019-05-14 14:44:34.201,10.0,sell,7999.34,BTC-27SEP19-11000-C,95.85,0.125,10.0,2,1557845074201,20533045,212
2019-05-14 14:44:41.248,10.0,sell,7995.61,BTC-27SEP19-11000-C,95.69,0.1245,10.0,2,1557845081248,20533059,213
2019-05-14 16:04:49.222,10.0,sell,7813.44,BTC-27SEP19-11000-C,96.14,0.1185,10.0,2,1557849889222,20549283,214
2019-05-14 19:25:09.153,0.2,sell,7779.86,BTC-27SEP19-11000-C,93.56,0.1115,0.2,2,1557861909153,20597149,215
2019-05-14 21:00:53.432,9.8,sell,7723.84,BTC-27SEP19-11000-C,94.42,0.1115,9.8,3,1557867653432,20615490,216
2019-05-15 15:32:09.815,0.5,sell,7995.89,BTC-27SEP19-11000-C,91.54,0.114,0.5,0,1557934329815,20730275,217
2019-05-15 19:43:29.826,0.5,buy,8188.77,BTC-27SEP19-11000-C,89.4,0.115,0.5,0,1557949409826,20768986,218
2019-05-15 19:44:47.364,0.5,buy,8181.25,BTC-27SEP19-11000-C,86.94,0.109,0.5,2,1557949487364,20769101,219
2019-05-16 10:12:44.588,1.0,sell,7899.25,BTC-27SEP19-11000-C,94.95,0.11900000000000001,1.0,0,1558001564588,20898990,220
2019-05-16 10:14:34.065,1.0,sell,7867.92,BTC-27SEP19-11000-C,94.92,0.11800000000000001,1.0,2,1558001674065,20900089,221
2019-05-16 10:15:14.511,4.0,sell,7807.69,BTC-27SEP19-11000-C,95.9,0.11800000000000001,4.0,3,1558001714511,20900977,222
2019-05-16 10:15:17.047,4.0,sell,7805.55,BTC-27SEP19-11000-C,95.94,0.11800000000000001,4.0,3,1558001717047,20901022,223
2019-05-16 10:15:29.274,1.0,sell,7774.52,BTC-27SEP19-11000-C,96.37,0.11800000000000001,1.0,3,1558001729274,20901527,224
2019-05-16 20:59:29.740,3.0,sell,7724.63,BTC-27SEP19-11000-C,96.22,0.1155,3.0,2,1558040369740,20979943,225
2019-05-16 20:59:52.210,7.0,sell,7695.69,BTC-27SEP19-11000-C,96.67,0.1155,7.0,3,1558040392210,20980360,226
2019-05-19 03:46:03.100,0.1,buy,7916.91,BTC-27SEP19-11000-C,95.29,0.1155,0.1,3,1558237563100,21363160,227
2019-05-19 15:45:41.737,4.0,sell,7933.16,BTC-27SEP19-11000-C,91.99,0.1115,4.0,2,1558280741737,21432322,228
2019-05-19 19:39:08.438,0.6,sell,8024.29,BTC-27SEP19-11000-C,89.97,0.11,0.6,2,1558294748438,21447872,229
2019-05-19 22:39:49.366,1.0,buy,8190.28,BTC-27SEP19-11000-C,91.73,0.12,1.0,0,1558305589366,21463222,230
2019-05-20 04:37:32.194,10.0,sell,8061.28,BTC-27SEP19-11000-C,92.31,0.1175,10.0,2,1558327052194,21527711,231
2019-05-20 04:46:37.322,10.0,sell,8074.21,BTC-27SEP19-11000-C,91.88,0.11699999999999999,10.0,2,1558327597322,21528326,232
2019-05-20 05:14:07.867,10.0,sell,7987.54,BTC-27SEP19-11000-C,90.94,0.11199999999999999,10.0,2,1558329247867,21530248,233
2019-05-20 07:36:35.838,10.0,buy,7977.27,BTC-27SEP19-11000-C,91.23,0.11199999999999999,10.0,3,1558337795838,21541567,234
2019-05-20 07:36:48.530,2.4,buy,7976.88,BTC-27SEP19-11000-C,91.46,0.1125,2.4,0,1558337808530,21541572,235
2019-05-20 07:46:57.399,10.0,buy,7908.75,BTC-27SEP19-11000-C,91.38,0.11,10.0,2,1558338417399,21543180,236
2019-05-20 14:07:12.286,10.0,buy,7760.16,BTC-27SEP19-11000-C,94.97,0.1125,10.0,0,1558361232286,21591326,237
2019-05-20 16:51:32.401,0.7000000000000001,sell,7862.0,BTC-27SEP19-11000-C,90.93,0.1065,0.7000000000000001,2,1558371092401,21603067,238
2019-05-20 16:51:32.404,0.3,buy,7862.0,BTC-27SEP19-11000-C,90.93,0.1065,0.3,3,1558371092404,21603068,239
2019-05-20 16:52:33.540,4.0,sell,7865.7,BTC-27SEP19-11000-C,90.67,0.106,4.0,2,1558371153540,21603108,240
2019-05-20 20:40:04.707,1.0,buy,7839.23,BTC-27SEP19-11000-C,95.27,0.1155,1.0,0,1558384804707,21618814,241
2019-05-21 05:03:20.331,10.0,sell,7874.48,BTC-27SEP19-11000-C,90.89,0.106,10.0,2,1558415000331,21669721,242
2019-05-21 05:03:20.331,25.0,sell,7874.48,BTC-27SEP19-11000-C,90.89,0.106,25.0,3,1558415000331,21669722,243
2019-05-21 08:33:39.328,0.1,buy,7963.8,BTC-27SEP19-11000-C,95.68,0.12,0.1,0,1558427619328,21677171,244
2019-05-22 02:54:14.435,5.0,buy,7959.7,BTC-27SEP19-11000-C,89.31,0.105,5.0,2,1558493654435,21742626,245
2019-05-22 05:13:31.020,10.0,buy,7943.32,BTC-27SEP19-11000-C,91.49,0.109,10.0,0,1558502011020,21747892,246
2019-05-22 07:25:06.528,1.0,buy,7915.92,BTC-27SEP19-11000-C,90.72,0.1065,1.0,2,1558509906528,21750897,247
2019-05-22 21:50:01.378,26.2,sell,7693.33,BTC-27SEP19-11000-C,87.21,0.0915,26.2,2,1558561801378,21825811,248
2019-05-22 23:20:48.792,26.3,sell,7708.34,BTC-27SEP19-11000-C,86.88,0.091,26.3,2,1558567248792,21846535,249
2019-05-23 02:03:32.526,26.0,sell,7624.19,BTC-27SEP19-11000-C,86.62,0.0875,26.0,2,1558577012526,21861295,250
2019-05-23 07:08:58.895,25.0,sell,7638.09,BTC-27SEP19-11000-C,87.1,0.08900000000000001,25.0,1,1558595338895,21876502,252
2019-05-23 07:08:58.895,10.0,sell,7638.09,BTC-27SEP19-11000-C,87.1,0.08900000000000001,10.0,0,1558595338895,21876501,251
2019-05-23 07:59:51.365,0.1,sell,7596.04,BTC-27SEP19-11000-C,86.21,0.0855,0.1,2,1558598391365,21878312,253
2019-05-23 14:01:14.744,13.0,sell,7667.49,BTC-27SEP19-11000-C,87.84,0.091,13.0,0,1558620074744,21902168,254
2019-05-23 14:33:43.940,10.0,sell,7733.89,BTC-27SEP19-11000-C,87.79,0.0925,10.0,0,1558622023940,21906685,255
2019-05-23 17:37:57.137,3.2,sell,7767.13,BTC-27SEP19-11000-C,88.51,0.094,3.2,0,1558633077137,21923810,256
2019-05-23 17:38:11.447,3.0,sell,7767.37,BTC-27SEP19-11000-C,88.02,0.093,3.0,2,1558633091447,21923814,257
2019-05-23 17:38:25.888,1.0,sell,7773.3,BTC-27SEP19-11000-C,87.93,0.093,1.0,3,1558633105888,21923825,258
2019-05-23 22:15:48.674,10.0,sell,7893.47,BTC-27SEP19-11000-C,87.87,0.0965,10.0,0,1558649748674,21941913,259
2019-05-23 22:47:51.580,26.1,sell,7940.13,BTC-27SEP19-11000-C,87.37,0.0975,26.1,0,1558651671580,21945898,260
2019-05-23 22:47:51.580,9.9,sell,7940.13,BTC-27SEP19-11000-C,87.37,0.0975,9.9,1,1558651671580,21945899,261
2019-05-24 04:13:39.710,3.5,sell,7865.2,BTC-27SEP19-11000-C,87.28,0.0955,3.5,3,1558671219710,21961830,263
2019-05-24 04:13:39.710,10.0,sell,7865.2,BTC-27SEP19-11000-C,87.28,0.0955,10.0,2,1558671219710,21961829,262
2019-05-24 04:13:39.710,22.6,sell,7865.2,BTC-27SEP19-11000-C,87.28,0.0955,22.6,3,1558671219710,21961831,264
2019-05-24 04:16:11.245,1.0,buy,7867.41,BTC-27SEP19-11000-C,87.27,0.0955,1.0,3,1558671371245,21961852,265
2019-05-24 04:16:34.199,1.0,buy,7868.24,BTC-27SEP19-11000-C,87.27,0.0955,1.0,3,1558671394199,21961853,266
2019-05-24 09:18:33.016,0.1,sell,7976.32,BTC-27SEP19-11000-C,88.17,0.101,0.1,0,1558689513016,21976536,267
2019-05-25 18:24:27.929,0.2,sell,8084.34,BTC-27SEP19-11000-C,85.9,0.0995,0.2,2,1558808667929,22066101,268
2019-05-26 20:26:43.500,1.0,buy,8688.52,BTC-27SEP19-11000-C,92.65,0.14,1.0,0,1558902403500,22185546,269
2019-05-27 07:19:59.509,1.0,buy,8803.65,BTC-27SEP19-11000-C,90.32,0.14,1.0,1,1558941599509,22279195,270
2019-05-27 14:28:16.438,0.2,sell,8794.53,BTC-27SEP19-11000-C,91.54,0.14300000000000002,0.2,0,1558967296438,22306248,271
2019-05-27 14:36:43.469,0.2,sell,8797.25,BTC-27SEP19-11000-C,91.71,0.1435,0.2,0,1558967803469,22306596,272
2019-05-27 14:37:07.900,0.1,sell,8797.87,BTC-27SEP19-11000-C,91.68,0.1435,0.1,1,1558967827900,22306604,273
2019-05-27 15:28:01.054,0.1,buy,8865.55,BTC-27SEP19-11000-C,91.93,0.147,0.1,0,1558970881054,22312874,274
2019-05-27 20:54:09.202,0.1,buy,8740.13,BTC-27SEP19-11000-C,91.2,0.1405,0.1,2,1558990449202,22357300,275
2019-05-28 07:24:19.103,5.0,sell,8711.52,BTC-27SEP19-11000-C,89.89,0.1365,5.0,2,1559028259103,22388493,276
2019-05-28 17:14:57.540,5.0,buy,8669.4,BTC-27SEP19-11000-C,91.48,0.1375,5.0,0,1559063697540,22428337,277
2019-05-28 17:15:03.297,5.0,buy,8668.4,BTC-27SEP19-11000-C,91.72,0.138,5.0,0,1559063703297,22428338,278
2019-05-28 19:00:27.479,5.0,buy,8746.57,BTC-27SEP19-11000-C,89.66,0.136,5.0,2,1559070027479,22437845,279
2019-05-29 10:35:47.560,15.0,sell,8666.56,BTC-27SEP19-11000-C,87.89,0.1225,15.0,2,1559126147560,22500897,280
2019-05-29 11:33:39.442,0.1,buy,8643.74,BTC-27SEP19-11000-C,89.62,0.1255,0.1,0,1559129619442,22504417,281
2019-05-29 13:08:07.148,10.2,buy,8639.72,BTC-27SEP19-11000-C,88.08,0.122,10.2,2,1559135287148,22507916,282
2019-05-29 14:17:37.542,0.1,buy,8714.81,BTC-27SEP19-11000-C,90.18,0.1295,0.1,0,1559139457542,22518326,283
2019-05-29 14:21:45.986,0.1,buy,8713.84,BTC-27SEP19-11000-C,90.25,0.1295,0.1,1,1559139705986,22518499,284
2019-05-29 14:25:52.685,0.1,buy,8715.81,BTC-27SEP19-11000-C,90.19,0.1295,0.1,1,1559139952685,22518863,285
2019-05-29 20:13:09.682,12.6,sell,8708.9,BTC-27SEP19-11000-C,85.27,0.1175,12.6,2,1559160789682,22536509,286
2019-05-29 20:13:09.682,3.5,sell,8708.9,BTC-27SEP19-11000-C,85.27,0.1175,3.5,3,1559160789682,22536510,287
2019-05-30 14:09:46.172,0.1,buy,8721.45,BTC-27SEP19-11000-C,88.5,0.126,0.1,0,1559225386172,22604675,288
2019-05-30 14:12:00.401,0.1,buy,8723.92,BTC-27SEP19-11000-C,88.49,0.126,0.1,1,1559225520401,22604735,289
2019-05-30 20:26:11.342,0.5,sell,8405.85,BTC-27SEP19-11000-C,88.15,0.111,0.5,2,1559247971342,22688218,290
2019-05-30 22:33:41.862,0.2,sell,8261.24,BTC-27SEP19-11000-C,88.65,0.107,0.2,2,1559255621862,22745416,291
2019-05-31 06:04:35.993,15.0,buy,8247.62,BTC-27SEP19-11000-C,89.61,0.10800000000000001,15.0,0,1559282675993,22775813,292
2019-05-31 11:09:19.460,4.9,sell,8234.1,BTC-27SEP19-11000-C,88.02,0.1045,4.9,2,1559300959460,22791311,293
2019-05-31 11:09:19.531,4.9,sell,8234.1,BTC-27SEP19-11000-C,88.02,0.1045,4.9,3,1559300959531,22791312,294
2019-05-31 11:09:31.379,0.2,sell,8232.88,BTC-27SEP19-11000-C,88.03,0.1045,0.2,3,1559300971379,22791345,295
2019-05-31 16:11:40.010,2.0,sell,8318.31,BTC-27SEP19-11000-C,85.09,0.101,2.0,2,1559319100010,22817068,296
2019-06-01 05:27:47.880,12.0,buy,8525.07,BTC-27SEP19-11000-C,86.76,0.115,12.0,0,1559366867880,22865667,297
2019-06-03 06:32:59.149,25.0,sell,8551.94,BTC-27SEP19-11000-C,81.8,0.101,25.0,2,1559543579149,22988656,298
2019-06-03 06:38:13.639,17.7,buy,8517.4,BTC-27SEP19-11000-C,81.88,0.0995,17.7,2,1559543893639,22991651,299
2019-06-03 06:38:14.693,7.3,buy,8517.39,BTC-27SEP19-11000-C,81.89,0.0995,7.3,3,1559543894693,22991653,300
2019-06-03 06:44:02.415,3.0,sell,8510.14,BTC-27SEP19-11000-C,81.52,0.0985,3.0,2,1559544242415,22993952,301
2019-06-03 06:44:02.415,9.0,sell,8510.14,BTC-27SEP19-11000-C,81.52,0.0985,9.0,3,1559544242415,22993953,302
2019-06-03 06:44:15.496,12.0,sell,8514.29,BTC-27SEP19-11000-C,80.99,0.0975,12.0,2,1559544255496,22993990,303
2019-06-03 09:01:59.017,0.2,sell,8459.84,BTC-27SEP19-11000-C,81.0,0.096,0.2,2,1559552519017,23011848,304
2019-06-03 23:34:48.753,0.1,buy,8113.74,BTC-27SEP19-11000-C,85.48,0.0935,0.1,2,1559604888753,23105464,305
2019-06-04 00:18:59.254,0.1,buy,7953.18,BTC-27SEP19-11000-C,88.44,0.0935,0.1,3,1559607539254,23134769,306
2019-06-04 00:32:08.913,3.0,buy,7944.21,BTC-27SEP19-11000-C,85.33,0.087,3.0,2,1559608328913,23140055,307
2019-06-04 07:08:38.766,0.1,sell,7837.92,BTC-27SEP19-11000-C,84.01,0.0795,0.1,2,1559632118766,23179377,308
2019-06-04 12:20:25.775,0.1,buy,7919.52,BTC-27SEP19-11000-C,87.35,0.08800000000000001,0.1,0,1559650825775,23204336,309
2019-06-04 13:23:58.115,0.1,buy,7984.86,BTC-27SEP19-11000-C,86.96,0.0895,0.1,0,1559654638115,23210221,310
2019-06-04 13:27:55.122,0.1,buy,7992.95,BTC-27SEP19-11000-C,86.16,0.08800000000000001,0.1,2,1559654875122,23210592,311
2019-06-04 17:46:59.556,0.1,buy,7642.06,BTC-27SEP19-11000-C,85.63,0.0745,0.1,2,1559670419556,23255081,312
2019-06-04 18:36:43.069,0.1,buy,7690.69,BTC-27SEP19-11000-C,85.21,0.075,0.1,0,1559673403069,23268160,313
2019-06-04 20:03:26.990,10.0,sell,7581.04,BTC-27SEP19-11000-C,80.35,0.0625,10.0,2,1559678606990,23289877,314
2019-06-04 20:03:26.990,3.0,sell,7581.04,BTC-27SEP19-11000-C,80.35,0.0625,3.0,3,1559678606990,23289878,315
2019-06-04 20:06:59.188,10.0,sell,7593.62,BTC-27SEP19-11000-C,80.15,0.0625,10.0,3,1559678819188,23290402,316
2019-06-04 20:06:59.188,3.0,sell,7593.62,BTC-27SEP19-11000-C,80.15,0.0625,3.0,3,1559678819188,23290403,317
2019-06-04 22:03:22.937,0.1,buy,7508.29,BTC-27SEP19-11000-C,84.34,0.068,0.1,0,1559685802937,23307922,318
2019-06-05 02:27:29.485,1.0,buy,7844.39,BTC-27SEP19-11000-C,80.99,0.07200000000000001,1.0,0,1559701649485,23330954,319
2019-06-05 15:37:43.511,3.0,sell,7628.24,BTC-27SEP19-11000-C,81.06,0.0645,3.0,2,1559749063511,23376321,320
2019-06-05 15:37:43.511,13.4,sell,7628.24,BTC-27SEP19-11000-C,81.06,0.0645,13.4,3,1559749063511,23376322,321
2019-06-05 15:37:43.511,8.6,sell,7628.24,BTC-27SEP19-11000-C,81.06,0.0645,8.6,3,1559749063511,23376323,322
2019-06-05 15:38:02.311,1.4,sell,7628.63,BTC-27SEP19-11000-C,81.07,0.0645,1.4,3,1559749082311,23376366,323
2019-06-05 15:38:28.671,10.0,buy,7640.27,BTC-27SEP19-11000-C,81.18,0.065,10.0,0,1559749108671,23376464,324
2019-06-05 15:39:03.779,10.0,buy,7634.82,BTC-27SEP19-11000-C,80.96,0.0645,10.0,2,1559749143779,23376490,325
2019-06-05 19:08:16.000,0.1,buy,7837.88,BTC-27SEP19-11000-C,82.58,0.0745,0.1,0,1559761696000,23393517,326
2019-06-05 19:30:11.471,0.1,sell,7829.71,BTC-27SEP19-11000-C,82.36,0.07400000000000001,0.1,2,1559763011471,23394735,327
2019-06-06 01:53:17.677,14.5,buy,7829.2,BTC-27SEP19-11000-C,81.83,0.073,14.5,2,1559785997677,23435998,328
2019-06-06 11:36:07.957,4.6000000000000005,sell,7829.92,BTC-27SEP19-11000-C,78.2,0.065,4.6000000000000005,2,1559820967957,23452105,329
2019-06-06 12:22:06.918,2.0,sell,7752.54,BTC-27SEP19-11000-C,77.08,0.0605,2.0,2,1559823726918,23459969,330
2019-06-06 15:12:48.952,4.9,sell,7699.09,BTC-27SEP19-11000-C,77.37,0.0585,4.9,2,1559833968952,23484171,331
2019-06-06 18:29:46.917,0.1,buy,7505.58,BTC-27SEP19-11000-C,79.69,0.057,0.1,2,1559845786917,23510193,332
2019-06-06 20:15:08.347,0.1,buy,7649.64,BTC-27SEP19-11000-C,79.28,0.0605,0.1,0,1559852108347,23525217,333
2019-06-06 23:36:41.530,12.2,buy,7742.6,BTC-27SEP19-11000-C,79.29,0.063,12.2,0,1559864201530,23538734,334
2019-06-07 06:16:56.237,2.0,buy,7951.45,BTC-27SEP19-11000-C,76.18,0.0635,2.0,0,1559888216237,23562741,335
2019-06-07 06:19:03.506,0.1,buy,7946.1,BTC-27SEP19-11000-C,77.11,0.065,0.1,0,1559888343506,23563391,336
2019-06-07 07:09:44.840,0.5,buy,7975.93,BTC-27SEP19-11000-C,75.9,0.0635,0.5,2,1559891384840,23568665,337
2019-06-07 09:33:20.127,4.9,sell,7943.79,BTC-27SEP19-11000-C,75.59,0.062,4.9,2,1559900000127,23581819,338
2019-06-07 09:33:20.127,2.0,sell,7943.79,BTC-27SEP19-11000-C,75.59,0.062,2.0,3,1559900000127,23581820,339
2019-06-07 09:33:20.127,16.7,sell,7943.79,BTC-27SEP19-11000-C,75.06,0.061,16.7,2,1559900000127,23581821,340
2019-06-07 12:57:33.497,0.9,sell,7925.2,BTC-27SEP19-11000-C,77.69,0.0655,0.9,0,1559912253497,23587256,341
2019-06-07 13:53:45.698,0.1,sell,7984.42,BTC-27SEP19-11000-C,76.83,0.0655,0.1,1,1559915625698,23589458,342
2019-06-07 13:53:45.698,1.0,sell,7984.42,BTC-27SEP19-11000-C,76.83,0.0655,1.0,1,1559915625698,23589459,343
2019-06-07 16:19:13.187,0.1,buy,8019.14,BTC-27SEP19-11000-C,76.53,0.066,0.1,0,1559924353187,23594889,344
2019-06-07 21:56:56.013,3.0,sell,7955.32,BTC-27SEP19-11000-C,74.15,0.0595,3.0,2,1559944616013,23625812,345
2019-06-07 21:57:24.104,4.9,sell,7956.03,BTC-27SEP19-11000-C,73.85,0.059000000000000004,4.9,2,1559944644104,23625815,346
2019-06-07 21:57:24.104,11.0,sell,7956.03,BTC-27SEP19-11000-C,73.85,0.059000000000000004,11.0,3,1559944644104,23625816,347
2019-06-08 02:32:37.096,2.0,sell,7949.76,BTC-27SEP19-11000-C,72.71,0.055999999999999994,2.0,3,1559961157096,23636681,349
2019-06-08 02:32:37.096,4.9,sell,7949.76,BTC-27SEP19-11000-C,72.71,0.055999999999999994,4.9,2,1559961157096,23636680,348
2019-06-08 02:32:37.096,10.4,sell,7949.76,BTC-27SEP19-11000-C,72.16,0.055,10.4,2,1559961157096,23636683,351
2019-06-08 02:32:37.096,2.0,sell,7949.76,BTC-27SEP19-11000-C,72.71,0.055999999999999994,2.0,3,1559961157096,23636682,350
2019-06-08 10:24:47.831,5.0,sell,8004.45,BTC-27SEP19-11000-C,73.82,0.059000000000000004,5.0,0,1559989487831,23653325,352
2019-06-08 10:24:47.831,4.0,sell,8004.45,BTC-27SEP19-11000-C,73.82,0.059000000000000004,4.0,1,1559989487831,23653326,353
2019-06-08 10:24:47.831,10.0,sell,8004.45,BTC-27SEP19-11000-C,73.82,0.059000000000000004,10.0,1,1559989487831,23653327,354
2019-06-08 10:25:06.953,5.0,buy,8004.57,BTC-27SEP19-11000-C,73.81,0.059000000000000004,5.0,1,1559989506953,23653335,355
2019-06-08 10:25:52.197,2.8000000000000003,sell,8009.03,BTC-27SEP19-11000-C,72.97,0.0575,2.8000000000000003,2,1559989552197,23653352,356
2019-06-08 23:39:48.312,7.4,buy,7927.93,BTC-27SEP19-11000-C,74.52,0.0575,7.4,3,1560037188312,23685738,357
2019-06-08 23:41:51.551,4.0,buy,7929.07,BTC-27SEP19-11000-C,74.52,0.0575,4.0,3,1560037311551,23685764,358
2019-06-10 06:09:39.825,0.1,buy,7682.05,BTC-27SEP19-11000-C,75.73,0.052000000000000005,0.1,2,1560146979825,23802427,359
2019-06-10 20:19:40.058,0.5,buy,7981.41,BTC-27SEP19-11000-C,73.78,0.0575,0.5,0,1560197980058,23875727,360
2019-06-13 02:53:34.598,0.2,sell,8112.82,BTC-27SEP19-11000-C,75.21,0.0615,0.2,0,1560394414598,24049804,361
2019-06-13 12:48:03.264,10.0,buy,8084.45,BTC-27SEP19-11000-C,75.48,0.061,10.0,2,1560430083264,24067966,362
2019-06-13 21:20:17.086,10.0,sell,8288.41,BTC-27SEP19-11000-C,74.11,0.0645,10.0,0,1560460817086,24095794,363
2019-06-13 21:21:20.687,10.0,buy,8288.6,BTC-27SEP19-11000-C,73.82,0.064,10.0,2,1560460880687,24095838,364
2019-06-14 13:26:34.213,0.1,buy,8376.22,BTC-27SEP19-11000-C,76.29,0.071,0.1,0,1560518794213,24137646,365
2019-06-14 14:08:45.068,10.0,sell,8422.5,BTC-27SEP19-11000-C,73.45,0.067,10.0,2,1560521325068,24142889,366
2019-06-14 15:37:32.921,11.0,sell,8449.58,BTC-27SEP19-11000-C,72.8,0.0665,11.0,2,1560526652921,24147916,367
2019-06-14 15:37:32.921,10.0,sell,8449.58,BTC-27SEP19-11000-C,72.8,0.0665,10.0,3,1560526652921,24147917,368
2019-06-14 15:56:19.303,11.0,sell,8429.36,BTC-27SEP19-11000-C,72.82,0.066,11.0,2,1560527779303,24148596,369
2019-06-14 22:51:46.254,19.1,sell,8678.97,BTC-27SEP19-11000-C,72.57,0.0725,19.1,0,1560552706254,24181655,370
2019-06-14 23:03:44.852,15.7,sell,8648.83,BTC-27SEP19-11000-C,72.71,0.07200000000000001,15.7,2,1560553424852,24182379,371
2019-06-14 23:17:31.138,2.0,sell,8655.47,BTC-27SEP19-11000-C,72.92,0.0725,2.0,0,1560554251138,24182930,372
2019-06-15 13:30:12.174,0.1,sell,8641.39,BTC-27SEP19-11000-C,73.97,0.075,0.1,0,1560605412174,24212319,373
2019-06-15 13:42:25.473,0.9,sell,8646.78,BTC-27SEP19-11000-C,73.9,0.075,0.9,1,1560606145473,24212844,374
2019-06-15 14:19:29.714,17.5,sell,8669.45,BTC-27SEP19-11000-C,71.3,0.0705,17.5,2,1560608369714,24213766,375
2019-06-15 15:35:14.801,13.3,sell,8787.2,BTC-27SEP19-11000-C,71.35,0.0745,13.3,0,1560612914801,24219120,376
2019-06-15 15:43:59.886,7.2,sell,8816.19,BTC-27SEP19-11000-C,71.35,0.0755,7.2,0,1560613439886,24221562,377
2019-06-15 16:18:15.826,11.1,sell,8824.22,BTC-27SEP19-11000-C,71.43,0.076,11.1,0,1560615495826,24225910,378
2019-06-15 16:51:12.784,0.2,buy,8873.55,BTC-27SEP19-11000-C,75.22,0.0855,0.2,0,1560617472784,24231548,379
2019-06-16 03:59:33.013,0.1,buy,9010.7,BTC-27SEP19-11000-C,78.39,0.098,0.1,0,1560657573013,24276081,380
2019-06-16 05:33:54.159,0.8,sell,9204.27,BTC-27SEP19-11000-C,75.58,0.1,0.8,0,1560663234159,24293570,381
2019-06-16 05:38:44.146,0.3,sell,9183.63,BTC-27SEP19-11000-C,75.92,0.1,0.3,1,1560663524146,24294050,382
2019-06-16 14:13:25.443,5.8,sell,9322.54,BTC-27SEP19-11000-C,80.69,0.1155,5.8,0,1560694405443,24371002,383
2019-06-16 18:08:56.593,0.1,sell,9030.47,BTC-27SEP19-11000-C,79.8,0.1035,0.1,2,1560708536593,24398488,384
2019-06-16 19:47:52.342,7.5,buy,8928.46,BTC-27SEP19-11000-C,80.52,0.1035,7.5,3,1560714472342,24413412,385
2019-06-16 21:11:16.375,14.4,buy,8991.76,BTC-27SEP19-11000-C,80.01,0.1045,14.4,0,1560719476375,24428200,386
2019-06-16 21:11:24.214,14.4,buy,8990.94,BTC-27SEP19-11000-C,80.03,0.1045,14.4,1,1560719484214,24428215,387
2019-06-18 00:32:20.379,6.0,buy,9306.48,BTC-27SEP19-11000-C,81.99,0.1165,6.0,0,1560817940379,24602953,388
2019-06-18 00:32:20.483,4.0,buy,9306.53,BTC-27SEP19-11000-C,81.99,0.1165,4.0,1,1560817940483,24602955,389
2019-06-18 00:32:20.483,2.0,buy,9306.53,BTC-27SEP19-11000-C,81.99,0.1165,2.0,1,1560817940483,24602956,390
2019-06-18 04:22:06.295,6.0,sell,9285.07,BTC-27SEP19-11000-C,82.12,0.1155,6.0,2,1560831726295,24616399,391
2019-06-18 17:24:40.179,0.3,buy,8969.8,BTC-27SEP19-11000-C,83.86,0.10800000000000001,0.3,2,1560878680179,24675044,392
2019-06-19 12:04:59.789,5.1000000000000005,sell,9141.15,BTC-27SEP19-11000-C,79.22,0.10400000000000001,5.1000000000000005,2,1560945899789,24731694,393
2019-06-20 15:48:13.210,1.0,buy,9366.17,BTC-27SEP19-11000-C,80.39,0.115,1.0,0,1561045693210,24821100,394
