date_utc,amount,direction,indexPrice,instrument,iv,price,quantity,tickDirection,timeStamp,tradeId,tradeSeq
2019-02-18 02:55:49.737,0.2,buy,3670.55,BTC-27SEP19-11000-C,65.16,0.0045,0.2,2,1550458549737,15484600,65
2019-02-18 16:08:39.997,0.2,buy,3828.25,BTC-27SEP19-11000-C,63.2,0.0045,0.2,3,1550506119997,15548925,66
2019-02-18 17:27:33.730,0.1,buy,3870.01,BTC-27SEP19-11000-C,64.44,0.0055,0.1,0,1550510853730,15569584,67
2019-02-21 12:11:51.365,10.0,buy,3893.27,BTC-27SEP19-11000-C,67.51,0.0075,10.0,0,1550751111365,15742139,68
2019-02-21 12:33:44.908,2.0,sell,3897.06,BTC-27SEP19-11000-C,57.63,0.0025,2.0,2,1550752424908,15742767,69
2019-02-21 12:33:44.908,1.0,sell,3897.06,BTC-27SEP19-11000-C,57.63,0.0025,1.0,3,1550752424908,15742768,70
2019-02-21 12:33:44.973,3.0,buy,3897.06,BTC-27SEP19-11000-C,57.63,0.0025,3.0,3,1550752424973,15742769,71
2019-02-21 12:33:47.088,3.0,buy,3897.06,BTC-27SEP19-11000-C,57.63,0.0025,3.0,3,1550752427088,15742781,72
2019-02-21 12:33:50.997,1.0,buy,3897.06,BTC-27SEP19-11000-C,57.63,0.0025,1.0,3,1550752430997,15742782,73
2019-02-23 08:27:43.492,1.0,sell,3927.25,BTC-27SEP19-11000-C,65.22,0.006,1.0,0,1550910463492,15797649,74
2019-02-24 03:18:07.901,1.0,sell,4159.87,BTC-27SEP19-11000-C,64.18,0.006999999999999999,1.0,0,1550978287901,15861790,75
2019-02-24 03:18:10.047,1.0,sell,4160.12,BTC-27SEP19-11000-C,64.17,0.006999999999999999,1.0,1,1550978290047,15861793,76
2019-02-24 04:13:48.985,5.0,sell,4163.55,BTC-27SEP19-11000-C,64.17,0.006999999999999999,5.0,1,1550981628985,15865979,77
2019-02-24 11:27:01.354,0.2,buy,4140.41,BTC-27SEP19-11000-C,67.58,0.0095,0.2,0,1551007621354,15877371,78
2019-02-25 02:32:05.018,1.0,sell,3760.61,BTC-27SEP19-11000-C,67.99,0.006,1.0,2,1551061925018,15971322,79
2019-02-25 14:53:34.829,5.0,buy,3778.03,BTC-27SEP19-11000-C,68.63,0.0065,5.0,1,1551106414829,15990429,81
2019-02-25 14:53:34.829,12.0,buy,3778.03,BTC-27SEP19-11000-C,68.63,0.0065,12.0,0,1551106414829,15990428,80
2019-02-25 20:14:23.967,0.6,sell,3848.74,BTC-27SEP19-11000-C,66.99,0.006,0.6,2,1551125663967,16006870,82
2019-02-28 17:19:04.977,0.2,sell,3804.16,BTC-27SEP19-11000-C,66.12,0.005,0.2,2,1551374344977,16130092,83
2019-03-05 04:16:30.446,0.1,sell,3699.93,BTC-27SEP19-11000-C,68.06,0.005,0.1,3,1551759390446,16248905,84
2019-03-05 22:36:34.685,12.0,buy,3832.5,BTC-27SEP19-11000-C,69.02,0.0065,12.0,0,1551825394685,16296394,85
2019-03-07 14:08:39.462,1.0,buy,3846.66,BTC-27SEP19-11000-C,69.05,0.0065,1.0,1,1551967719462,16352991,86
2019-03-07 21:14:25.235,0.2,sell,3868.95,BTC-27SEP19-11000-C,66.17,0.005,0.2,2,1551993265235,16362347,87
2019-03-08 03:32:28.320,0.1,sell,3856.5,BTC-27SEP19-11000-C,66.38,0.005,0.1,3,1552015948320,16366738,88
2019-03-08 15:55:51.026,0.5,buy,3886.43,BTC-27SEP19-11000-C,68.87,0.0065,0.5,0,1552060551026,16388796,89
2019-03-08 15:55:51.026,11.5,buy,3886.43,BTC-27SEP19-11000-C,68.87,0.0065,11.5,1,1552060551026,16388797,90
2019-03-09 14:17:27.273,1.1,buy,3902.43,BTC-27SEP19-11000-C,69.6,0.006999999999999999,1.1,0,1552141047273,16429049,91
2019-03-11 23:52:14.559,0.3,sell,3847.44,BTC-27SEP19-11000-C,67.26,0.005,0.3,2,1552348334559,16498735,92
2019-03-12 01:46:39.505,0.2,sell,3824.61,BTC-27SEP19-11000-C,67.56,0.005,0.2,3,1552355199505,16503249,93
2019-03-12 03:08:57.754,0.2,sell,3804.45,BTC-27SEP19-11000-C,67.8,0.005,0.2,3,1552360137754,16506643,94
2019-03-12 04:13:26.632,0.1,sell,3801.85,BTC-27SEP19-11000-C,67.82,0.005,0.1,3,1552364006632,16508360,95
2019-03-14 02:31:40.117,0.1,sell,3855.41,BTC-27SEP19-11000-C,67.63,0.005,0.1,3,1552530700117,16548629,96
2019-03-14 04:32:28.821,0.1,sell,3853.39,BTC-27SEP19-11000-C,67.68,0.005,0.1,3,1552537948821,16549285,97
2019-03-15 19:23:23.409,0.2,sell,3901.99,BTC-27SEP19-11000-C,67.24,0.005,0.2,3,1552677803409,16599740,98
2019-03-22 03:49:08.615,1.0,sell,3975.71,BTC-27SEP19-11000-C,68.46,0.0055,1.0,0,1553226548615,16773769,99
2019-03-22 03:49:08.615,0.2,sell,3975.71,BTC-27SEP19-11000-C,68.46,0.0055,0.2,1,1553226548615,16773770,100
2019-03-23 00:42:45.334,0.2,sell,3976.3,BTC-27SEP19-11000-C,67.58,0.005,0.2,2,1553301765334,16783504,101
2019-03-23 22:02:35.338,2.1,sell,3975.05,BTC-27SEP19-11000-C,68.71,0.0055,2.1,0,1553378555338,16795687,102
2019-03-23 22:02:35.338,10.0,sell,3975.05,BTC-27SEP19-11000-C,68.71,0.0055,10.0,1,1553378555338,16795688,103
2019-03-24 00:13:49.668,0.1,sell,3977.23,BTC-27SEP19-11000-C,67.72,0.005,0.1,2,1553386429668,16796616,104
