date_utc,amount,direction,indexPrice,instrument,iv,price,quantity,tickDirection,timeStamp,tradeId,tradeSeq
2019-02-18 02:55:49.737,0.2,buy,3670.55,BTC-27SEP19-11000-C,65.16,0.0045,0.2,2,1550458549737,15484600,65
2019-02-18 16:08:39.997,0.2,buy,3828.25,BTC-27SEP19-11000-C,63.2,0.0045,0.2,3,1550506119997,15548925,66
2019-02-18 17:27:33.730,0.1,buy,3870.01,BTC-27SEP19-11000-C,64.44,0.0055,0.1,0,1550510853730,15569584,67
2019-02-21 12:11:51.365,10.0,buy,3893.27,BTC-27SEP19-11000-C,67.51,0.0075,10.0,0,1550751111365,15742139,68
2019-02-21 12:33:44.908,2.0,sell,3897.06,BTC-27SEP19-11000-C,57.63,0.0025,2.0,2,1550752424908,15742767,69
2019-02-21 12:33:44.908,1.0,sell,3897.06,BTC-27SEP19-11000-C,57.63,0.0025,1.0,3,1550752424908,15742768,70
2019-02-21 12:33:44.973,3.0,buy,3897.06,BTC-27SEP19-11000-C,57.63,0.0025,3.0,3,1550752424973,15742769,71
2019-02-21 12:33:47.088,3.0,buy,3897.06,BTC-27SEP19-11000-C,57.63,0.0025,3.0,3,1550752427088,15742781,72
2019-02-21 12:33:50.997,1.0,buy,3897.06,BTC-27SEP19-11000-C,57.63,0.0025,1.0,3,1550752430997,15742782,73
2019-02-23 08:27:43.492,1.0,sell,3927.25,BTC-27SEP19-11000-C,65.22,0.006,1.0,0,1550910463492,15797649,74
2019-02-24 03:18:07.901,1.0,sell,4159.87,BTC-27SEP19-11000-C,64.18,0.006999999999999999,1.0,0,1550978287901,15861790,75
2019-02-24 03:18:10.047,1.0,sell,4160.12,BTC-27SEP19-11000-C,64.17,0.006999999999999999,1.0,1,1550978290047,15861793,76
2019-02-24 04:13:48.985,5.0,sell,4163.55,BTC-27SEP19-11000-C,64.17,0.006999999999999999,5.0,1,1550981628985,15865979,77
2019-02-24 11:27:01.354,0.2,buy,4140.41,BTC-27SEP19-11000-C,67.58,0.0095,0.2,0,1551007621354,15877371,78
2019-02-25 02:32:05.018,1.0,sell,3760.61,BTC-27SEP19-11000-C,67.99,0.006,1.0,2,1551061925018,15971322,79
2019-02-25 14:53:34.829,5.0,buy,3778.03,BTC-27SEP19-11000-C,68.63,0.0065,5.0,1,1551106414829,15990429,81
2019-02-25 14:53:34.829,12.0,buy,3778.03,BTC-27SEP19-11000-C,68.63,0.0065,12.0,0,1551106414829,15990428,80
2019-02-25 20:14:23.967,0.6,sell,3848.74,BTC-27SEP19-11000-C,66.99,0.006,0.6,2,1551125663967,16006870,82
2019-02-28 17:19:04.977,0.2,sell,3804.16,BTC-27SEP19-11000-C,66.12,0.005,0.2,2,1551374344977,16130092,83
2019-03-05 04:16:30.446,0.1,sell,3699.93,BTC-27SEP19-11000-C,68.06,0.005,0.1,3,1551759390446,16248905,84
2019-03-05 22:36:34.685,12.0,buy,3832.5,BTC-27SEP19-11000-C,69.02,0.0065,12.0,0,1551825394685,16296394,85
2019-03-07 14:08:39.462,1.0,buy,3846.66,BTC-27SEP19-11000-C,69.05,0.0065,1.0,1,1551967719462,16352991,86
2019-03-07 21:14:25.235,0.2,sell,3868.95,BTC-27SEP19-11000-C,66.17,0.005,0.2,2,1551993265235,16362347,87
2019-03-08 03:32:28.320,0.1,sell,3856.5,BTC-27SEP19-11000-C,66.38,0.005,0.1,3,1552015948320,16366738,88
2019-03-08 15:55:51.026,11.5,buy,3886.43,BTC-27SEP19-11000-C,68.87,0.0065,11.5,1,1552060551026,16388797,90
2019-03-08 15:55:51.026,0.5,buy,3886.43,BTC-27SEP19-11000-C,68.87,0.0065,0.5,0,1552060551026,16388796,89
2019-03-09 14:17:27.273,1.1,buy,3902.43,BTC-27SEP19-11000-C,69.6,0.006999999999999999,1.1,0,1552141047273,16429049,91
2019-03-11 23:52:14.559,0.3,sell,3847.44,BTC-27SEP19-11000-C,67.26,0.005,0.3,2,1552348334559,16498735,92
2019-03-12 01:46:39.505,0.2,sell,3824.61,BTC-27SEP19-11000-C,67.56,0.005,0.2,3,1552355199505,16503249,93
2019-03-12 03:08:57.754,0.2,sell,3804.45,BTC-27SEP19-11000-C,67.8,0.005,0.2,3,1552360137754,16506643,94
2019-03-12 04:13:26.632,0.1,sell,3801.85,BTC-27SEP19-11000-C,67.82,0.005,0.1,3,1552364006632,16508360,95
2019-03-14 02:31:40.117,0.1,sell,3855.41,BTC-27SEP19-11000-C,67.63,0.005,0.1,3,1552530700117,16548629,96
2019-03-14 04:32:28.821,0.1,sell,3853.39,BTC-27SEP19-11000-C,67.68,0.005,0.1,3,1552537948821,16549285,97
2019-03-15 19:23:23.409,0.2,sell,3901.99,BTC-27SEP19-11000-C,67.24,0.005,0.2,3,1552677803409,16599740,98
2019-03-22 03:49:08.615,0.2,sell,3975.71,BTC-27SEP19-11000-C,68.46,0.0055,0.2,1,1553226548615,16773770,100
2019-03-22 03:49:08.615,1.0,sell,3975.71,BTC-27SEP19-11000-C,68.46,0.0055,1.0,0,1553226548615,16773769,99
2019-03-23 00:42:45.334,0.2,sell,3976.3,BTC-27SEP19-11000-C,67.58,0.005,0.2,2,1553301765334,16783504,101
2019-03-23 22:02:35.338,2.1,sell,3975.05,BTC-27SEP19-11000-C,68.71,0.0055,2.1,0,1553378555338,16795687,102
2019-03-23 22:02:35.338,10.0,sell,3975.05,BTC-27SEP19-11000-C,68.71,0.0055,10.0,1,1553378555338,16795688,103
2019-03-24 00:13:49.668,0.1,sell,3977.23,BTC-27SEP19-11000-C,67.72,0.005,0.1,2,1553386429668,16796616,104
2019-03-24 21:04:10.908,0.1,sell,3957.61,BTC-27SEP19-11000-C,68.13,0.005,0.1,3,1553461450908,16804750,105
2019-03-25 18:25:15.604,0.2,sell,3932.7,BTC-27SEP19-11000-C,68.69,0.005,0.2,3,1553538315604,16817285,106
2019-03-25 18:50:25.545,0.1,sell,3907.89,BTC-27SEP19-11000-C,68.99,0.005,0.1,3,1553539825545,16819156,107
2019-03-25 18:57:05.402,0.1,sell,3907.42,BTC-27SEP19-11000-C,69.0,0.005,0.1,3,1553540225402,16819423,108
2019-03-27 20:51:57.354,0.5,sell,4007.51,BTC-27SEP19-11000-C,68.27,0.005,0.5,3,1553719917354,16869245,109
2019-03-27 20:58:15.627,0.5,sell,4008.21,BTC-27SEP19-11000-C,68.26,0.005,0.5,3,1553720295627,16869288,110
2019-03-28 09:56:33.310,0.5,sell,4008.92,BTC-27SEP19-11000-C,69.37,0.0055,0.5,0,1553766993310,16923469,111
2019-03-30 03:36:32.779,0.1,sell,4096.22,BTC-27SEP19-11000-C,68.39,0.0055,0.1,1,1553916992779,16968730,112
2019-04-01 11:01:09.641,6.9,sell,4114.27,BTC-27SEP19-11000-C,72.11,0.0075,6.9,0,1554116469641,17003730,113
2019-04-02 04:53:57.046,0.6,buy,4754.98,BTC-27SEP19-11000-C,63.43,0.0075,0.6,1,1554180837046,17039325,114
2019-04-02 05:39:38.463,0.4,sell,4791.7,BTC-27SEP19-11000-C,56.75,0.004,0.4,2,1554183578463,17070520,115
2019-04-03 01:41:07.941,10.0,buy,4959.1,BTC-27SEP19-11000-C,66.33,0.0115,10.0,0,1554255667941,17165630,116
2019-04-03 02:29:45.185,1.0,buy,5022.53,BTC-27SEP19-11000-C,68.66,0.0145,1.0,0,1554258585185,17170173,117
2019-04-03 19:06:57.586,0.5,sell,5157.84,BTC-27SEP19-11000-C,74.79,0.024,0.5,0,1554318417586,17225542,118
2019-04-06 22:36:52.082,1.1,buy,5030.26,BTC-27SEP19-11000-C,74.71,0.0215,1.1,2,1554590212082,17440601,119
2019-04-06 22:36:52.082,3.9,buy,5030.26,BTC-27SEP19-11000-C,74.71,0.0215,3.9,3,1554590212082,17440602,120
2019-04-07 20:04:23.351,0.2,sell,5139.9,BTC-27SEP19-11000-C,69.64,0.017,0.2,2,1554667463351,17478168,121
2019-04-08 06:33:52.612,231.0,sell,5258.63,BTC-27SEP19-11000-C,71.15,0.021,231.0,0,1554705232612,17515416,122
2019-04-08 06:33:59.728,231.0,sell,5258.59,BTC-27SEP19-11000-C,71.15,0.021,231.0,1,1554705239728,17515422,123
2019-04-08 15:10:51.398,0.9,sell,5232.15,BTC-27SEP19-11000-C,71.2,0.02,0.9,2,1554736251398,17534165,124
2019-04-10 01:34:34.557,0.5,buy,5228.0,BTC-27SEP19-11000-C,74.76,0.024,0.5,0,1554860074557,17589967,125
2019-04-10 15:28:48.778,6.0,sell,5265.43,BTC-27SEP19-11000-C,70.6,0.019,6.0,2,1554910128778,17602732,126
2019-04-10 18:30:23.443,0.3,buy,5328.76,BTC-27SEP19-11000-C,74.43,0.025,0.3,0,1554921023443,17610664,127
2019-04-10 18:34:40.847,0.2,buy,5452.36,BTC-27SEP19-11000-C,73.43,0.026,0.2,0,1554921280847,17615600,128
2019-04-11 18:26:01.370,100.3,sell,5065.83,BTC-27SEP19-11000-C,75.23,0.0205,100.3,2,1555007161370,17710315,129
2019-04-12 05:43:47.776,10.0,sell,5004.5,BTC-27SEP19-11000-C,72.94,0.017,10.0,2,1555047827776,17738274,130
2019-04-12 14:26:48.351,0.2,buy,5078.05,BTC-27SEP19-11000-C,72.54,0.0175,0.2,0,1555079208351,17750197,131
2019-04-12 14:27:08.838,0.1,buy,5077.64,BTC-27SEP19-11000-C,73.0,0.018000000000000002,0.1,0,1555079228838,17750201,132
2019-04-12 17:00:25.415,5.9,sell,5083.72,BTC-27SEP19-11000-C,70.63,0.0155,5.9,2,1555088425415,17752408,133
2019-04-12 22:35:11.493,0.2,buy,5072.84,BTC-27SEP19-11000-C,76.1,0.0215,0.2,0,1555108511493,17761876,134
2019-04-13 20:29:15.566,0.1,buy,5080.32,BTC-27SEP19-11000-C,89.81,0.0405,0.1,0,1555187355566,17784236,135
2019-04-15 07:14:15.473,10.0,buy,5153.36,BTC-27SEP19-11000-C,72.93,0.018000000000000002,10.0,2,1555312455473,17814994,136
2019-04-15 22:29:24.156,0.2,buy,5046.01,BTC-27SEP19-11000-C,77.03,0.0215,0.2,0,1555367364156,17847443,137
2019-04-16 12:22:47.001,10.0,buy,5072.3,BTC-27SEP19-11000-C,73.06,0.017,10.0,2,1555417367001,17856638,138
2019-04-16 17:34:17.092,10.0,sell,5210.14,BTC-27SEP19-11000-C,72.58,0.0185,10.0,0,1555436057092,17871716,139
2019-04-18 14:44:21.726,8.1,sell,5243.17,BTC-27SEP19-11000-C,71.05,0.017,8.1,2,1555598661726,17924005,140
2019-04-22 22:54:33.944,0.2,sell,5394.13,BTC-27SEP19-11000-C,74.34,0.022000000000000002,0.2,0,1555973673944,18071098,141
2019-04-23 05:19:27.917,10.0,sell,5515.16,BTC-27SEP19-11000-C,72.46,0.0215,10.0,2,1555996767917,18096695,142
2019-04-24 07:59:05.288,10.0,buy,5465.96,BTC-27SEP19-11000-C,74.04,0.022000000000000002,10.0,0,1556092745288,18158171,143
2019-04-24 08:58:19.771,0.2,sell,5484.02,BTC-27SEP19-11000-C,73.11,0.021,0.2,2,1556096299771,18163052,144
2019-04-24 09:00:30.619,0.5,sell,5476.11,BTC-27SEP19-11000-C,73.19,0.021,0.5,3,1556096430619,18163161,145
2019-04-25 03:27:57.841,0.2,buy,5433.92,BTC-27SEP19-11000-C,73.92,0.021,0.2,3,1556162877841,18205007,146
2019-04-25 17:07:33.339,0.2,buy,5492.97,BTC-27SEP19-11000-C,73.8,0.0215,0.2,0,1556212053339,18226043,147
2019-04-25 22:12:12.446,1.0,sell,4996.56,BTC-27SEP19-11000-C,76.98,0.0175,1.0,2,1556230332446,18257592,148
2019-04-25 22:12:12.474,1.0,sell,4996.56,BTC-27SEP19-11000-C,76.98,0.0175,1.0,3,1556230332474,18257593,149
2019-04-25 23:01:19.244,8.0,sell,5104.81,BTC-27SEP19-11000-C,75.88,0.0175,8.0,3,1556233279244,18280626,150
2019-04-26 10:21:35.652,10.0,sell,5179.87,BTC-27SEP19-11000-C,75.25,0.018000000000000002,10.0,0,1556274095652,18322940,151
2019-04-26 16:29:13.940,10.0,sell,5051.03,BTC-27SEP19-11000-C,75.67,0.0165,10.0,2,1556296153940,18339044,152
2019-04-29 11:20:16.595,10.0,sell,5148.52,BTC-27SEP19-11000-C,74.89,0.016,10.0,2,1556536816595,18416434,153
2019-04-30 13:47:31.027,0.2,buy,5251.87,BTC-27SEP19-11000-C,74.79,0.017,0.2,0,1556632051027,18471007,154
2019-05-01 02:21:53.873,0.2,buy,5327.3,BTC-27SEP19-11000-C,74.51,0.0175,0.2,0,1556677313873,18495083,155
2019-05-02 06:24:18.694,0.1,buy,5327.05,BTC-27SEP19-11000-C,75.05,0.0175,0.1,1,1556778258694,18533357,156
2019-05-02 13:58:38.356,10.0,buy,5368.99,BTC-27SEP19-11000-C,74.58,0.0175,10.0,1,1556805518356,18551693,157
2019-05-03 02:53:51.677,1.0,buy,5479.28,BTC-27SEP19-11000-C,73.45,0.018000000000000002,1.0,0,1556852031677,18591253,158
2019-05-03 04:35:54.968,10.0,buy,5479.51,BTC-27SEP19-11000-C,73.89,0.0185,10.0,0,1556858154968,18594801,159
2019-05-05 16:03:59.930,10.0,sell,5704.19,BTC-27SEP19-11000-C,74.5,0.023,10.0,0,1557072239930,18880365,160
2019-05-05 16:04:05.417,10.0,sell,5704.22,BTC-27SEP19-11000-C,74.1,0.0225,10.0,2,1557072245417,18880367,161
2019-05-05 16:04:06.802,5.0,sell,5704.21,BTC-27SEP19-11000-C,73.7,0.022000000000000002,5.0,2,1557072246802,18880373,162
2019-05-05 16:06:56.132,5.0,sell,5692.12,BTC-27SEP19-11000-C,73.85,0.022000000000000002,5.0,3,1557072416132,18880746,163
2019-05-05 20:58:09.601,0.2,buy,5754.71,BTC-27SEP19-11000-C,76.2,0.026000000000000002,0.2,0,1557089889601,18899515,164
2019-05-06 10:00:10.800,10.0,buy,5628.0,BTC-27SEP19-11000-C,74.62,0.0215,10.0,2,1557136810800,18946463,165
2019-05-06 13:32:11.044,18.0,buy,5634.94,BTC-27SEP19-11000-C,76.2,0.0235,18.0,0,1557149531044,18951972,166
2019-05-06 13:32:11.047,13.2,sell,5634.94,BTC-27SEP19-11000-C,76.6,0.024,13.2,0,1557149531047,18951973,167
2019-05-06 13:32:11.124,13.2,sell,5634.94,BTC-27SEP19-11000-C,76.6,0.024,13.2,1,1557149531124,18951996,168
2019-05-06 13:37:36.502,10.0,sell,5631.41,BTC-27SEP19-11000-C,74.98,0.022000000000000002,10.0,2,1557149856502,18952153,169
2019-05-06 13:41:52.416,10.0,buy,5633.54,BTC-27SEP19-11000-C,74.94,0.022000000000000002,10.0,3,1557150112416,18952198,170
2019-05-06 16:43:57.232,10.0,buy,5712.92,BTC-27SEP19-11000-C,74.2,0.0225,10.0,0,1557161037232,18963147,171
2019-05-06 16:43:57.298,10.0,sell,5712.92,BTC-27SEP19-11000-C,74.2,0.0225,10.0,1,1557161037298,18963148,172
2019-05-06 16:44:31.832,1.0,sell,5713.67,BTC-27SEP19-11000-C,74.19,0.0225,1.0,1,1557161071832,18963314,173
2019-05-07 08:52:27.085,3.0,sell,5863.05,BTC-27SEP19-11000-C,73.79,0.0245,3.0,0,1557219147085,19034074,174
2019-05-09 21:36:42.056,0.1,buy,6123.02,BTC-27SEP19-11000-C,75.96,0.03,0.1,0,1557437802056,19267751,175
2019-05-09 22:29:22.714,0.1,buy,6135.67,BTC-27SEP19-11000-C,76.2,0.0305,0.1,0,1557440962714,19273260,176
2019-05-09 22:35:33.316,0.1,sell,6143.24,BTC-27SEP19-11000-C,75.82,0.03,0.1,2,1557441333316,19273503,177
2019-05-09 23:01:06.754,0.1,buy,6166.37,BTC-27SEP19-11000-C,76.23,0.031,0.1,0,1557442866754,19276640,178
2019-05-09 23:01:06.756,0.1,sell,6166.37,BTC-27SEP19-11000-C,76.23,0.031,0.1,1,1557442866756,19276641,179
2019-05-09 23:05:31.631,0.2,buy,6169.3,BTC-27SEP19-11000-C,76.59,0.0315,0.2,0,1557443131631,19277230,180
2019-05-10 17:18:05.144,0.1,buy,6382.63,BTC-27SEP19-11000-C,76.23,0.035,0.1,0,1557508685144,19384345,181
2019-05-10 17:18:05.144,0.3,buy,6382.63,BTC-27SEP19-11000-C,76.23,0.035,0.3,1,1557508685144,19384346,182
2019-05-10 21:29:38.099,0.1,buy,6323.06,BTC-27SEP19-11000-C,76.85,0.0345,0.1,2,1557523778099,19409884,183
2019-05-11 03:00:59.833,9.7,buy,6540.21,BTC-27SEP19-11000-C,77.66,0.040999999999999995,9.7,0,1557543659833,19434166,184
2019-05-11 03:01:19.302,30.0,buy,6538.52,BTC-27SEP19-11000-C,77.71,0.040999999999999995,30.0,1,1557543679302,19434451,185
2019-05-11 05:59:29.483,1.0,sell,6716.45,BTC-27SEP19-11000-C,73.64,0.038,1.0,2,1557554369483,19475973,186
2019-05-11 05:59:29.483,1.0,sell,6716.45,BTC-27SEP19-11000-C,73.64,0.038,1.0,3,1557554369483,19475974,187
2019-05-11 06:25:15.592,0.1,buy,6935.66,BTC-27SEP19-11000-C,74.92,0.045,0.1,0,1557555915592,19494469,188
2019-05-11 08:38:32.640,1.0,buy,6735.17,BTC-27SEP19-11000-C,74.4,0.04,1.0,2,1557563912640,19536750,189
2019-05-11 14:44:06.446,1.0,sell,6791.02,BTC-27SEP19-11000-C,79.44,0.051,1.0,0,1557585846446,19574714,190
2019-05-11 16:22:37.302,0.1,buy,6990.79,BTC-27SEP19-11000-C,78.56,0.055,0.1,0,1557591757302,19601962,191
2019-05-11 21:03:50.246,2.0,sell,6963.26,BTC-27SEP19-11000-C,78.36,0.054000000000000006,2.0,2,1557608630246,19638535,192
2019-05-11 21:04:18.560,12.0,sell,6960.49,BTC-27SEP19-11000-C,76.53,0.0505,12.0,2,1557608658560,19638607,193
2019-05-11 21:04:46.343,2.0,buy,6959.83,BTC-27SEP19-11000-C,79.96,0.057,2.0,0,1557608686343,19638616,194
2019-05-11 22:46:53.189,0.1,buy,7230.87,BTC-27SEP19-11000-C,79.52,0.065,0.1,0,1557614813189,19684332,195
2019-05-12 00:38:18.329,8.700000000000001,buy,6969.44,BTC-27SEP19-11000-C,79.41,0.055999999999999994,8.700000000000001,2,1557621498329,19754915,196
2019-05-12 01:10:35.508,1.0,buy,7161.12,BTC-27SEP19-11000-C,88.72,0.0805,1.0,0,1557623435508,19770268,197
2019-05-12 08:16:59.701,0.1,sell,7368.82,BTC-27SEP19-11000-C,83.82,0.075,0.1,2,1557649019701,19853667,198
