date_utc,amount,direction,indexPrice,instrument,iv,price,quantity,tickDirection,timeStamp,tradeId,tradeSeq
2019-02-14 00:10:45.006,1.0,buy,3577.53,BTC-28JUN19-4000-C,57.85,0.0915,1.0,2,1550103045006,15349966,331
2019-02-16 12:05:46.804,5.0,buy,3590.0,BTC-28JUN19-4000-C,57.32,0.092,5.0,0,1550318746804,15412240,332
2019-02-16 23:33:39.514,5.0,sell,3584.27,BTC-28JUN19-4000-C,55.89,0.0875,5.0,2,1550360019514,15424580,333
2019-02-16 23:37:00.523,1.0,sell,3585.17,BTC-28JUN19-4000-C,55.94,0.0875,1.0,3,1550360220523,15424629,334
2019-02-16 23:37:28.568,1.0,sell,3585.12,BTC-28JUN19-4000-C,55.93,0.0875,1.0,3,1550360248568,15424633,335
2019-02-17 03:21:41.918,1.0,buy,3589.02,BTC-28JUN19-4000-C,56.75,0.09,1.0,0,1550373701918,15427112,336
2019-02-18 02:52:28.112,2.0,buy,3669.16,BTC-28JUN19-4000-C,57.42,0.0995,2.0,0,1550458348112,15484255,337
2019-02-18 03:35:48.444,0.3,sell,3679.68,BTC-28JUN19-4000-C,56.46,0.098,0.3,2,1550460948444,15488388,338
2019-02-18 05:25:15.103,0.3,buy,3664.87,BTC-28JUN19-4000-C,57.29,0.0985,0.3,0,1550467515103,15493053,339
2019-02-18 05:25:15.103,3.5,buy,3664.87,BTC-28JUN19-4000-C,57.5,0.099,3.5,0,1550467515103,15493054,340
2019-02-18 12:38:14.077,0.4,buy,3715.74,BTC-28JUN19-4000-C,55.78,0.1,0.4,0,1550493494077,15516646,341
2019-02-18 14:26:10.839,0.1,buy,3824.32,BTC-28JUN19-4000-C,56.88,0.1135,0.1,0,1550499970839,15540858,342
2019-02-18 14:26:10.839,2.9,buy,3824.32,BTC-28JUN19-4000-C,57.51,0.115,2.9,0,1550499970839,15540859,343
2019-02-18 14:58:59.721,0.1,sell,3797.67,BTC-28JUN19-4000-C,56.7,0.1105,0.1,2,1550501939721,15543790,344
2019-02-18 16:23:56.047,1.0,buy,3858.12,BTC-28JUN19-4000-C,54.92,0.113,1.0,0,1550507036047,15551539,345
2019-02-18 23:36:04.491,5.0,buy,3859.33,BTC-28JUN19-4000-C,58.75,0.1235,5.0,0,1550532964491,15586515,346
2019-02-18 23:36:04.491,2.0,buy,3859.33,BTC-28JUN19-4000-C,58.75,0.1235,2.0,1,1550532964491,15586516,347
2019-02-19 00:38:17.422,0.1,buy,3920.19,BTC-28JUN19-4000-C,56.62,0.1255,0.1,0,1550536697422,15591795,348
2019-02-19 05:13:22.153,5.0,buy,3874.77,BTC-28JUN19-4000-C,60.09,0.129,5.0,0,1550553202153,15609733,349
2019-02-19 09:27:03.847,0.1,sell,3886.16,BTC-28JUN19-4000-C,57.54,0.1245,0.1,2,1550568423847,15616006,350
2019-02-19 09:40:09.534,0.1,sell,3875.11,BTC-28JUN19-4000-C,57.55,0.1235,0.1,2,1550569209534,15616730,351
2019-02-19 12:12:03.657,1.1,buy,3881.59,BTC-28JUN19-4000-C,58.28,0.126,1.1,0,1550578323657,15621909,352
2019-02-19 15:06:41.537,0.2,buy,3954.72,BTC-28JUN19-4000-C,59.85,0.1355,0.2,0,1550588801537,15646998,353
2019-02-19 15:06:51.530,4.8,buy,3956.04,BTC-28JUN19-4000-C,60.0,0.136,4.8,0,1550588811530,15647028,354
2019-02-19 21:28:37.687,0.4,sell,3933.96,BTC-28JUN19-4000-C,59.17,0.132,0.4,2,1550611717687,15662261,355
2019-02-19 21:37:56.321,0.1,sell,3928.23,BTC-28JUN19-4000-C,59.62,0.132,0.1,3,1550612276321,15662549,356
2019-02-20 03:18:25.963,1.0,sell,3902.28,BTC-28JUN19-4000-C,57.43,0.124,1.0,2,1550632705963,15675184,357
2019-02-20 10:25:42.450,1.0,buy,3936.89,BTC-28JUN19-4000-C,57.2,0.1275,1.0,0,1550658342450,15686280,358
2019-02-20 19:14:56.103,6.9,buy,3915.13,BTC-28JUN19-4000-C,59.73,0.1305,6.9,0,1550690096103,15708761,359
2019-02-20 19:14:56.103,2.0,buy,3915.13,BTC-28JUN19-4000-C,59.73,0.1305,2.0,1,1550690096103,15708762,360
2019-02-20 19:14:56.103,5.0,buy,3915.13,BTC-28JUN19-4000-C,59.73,0.1305,5.0,1,1550690096103,15708763,361
2019-02-20 19:58:15.688,3.0,buy,3924.0,BTC-28JUN19-4000-C,60.44,0.1335,3.0,0,1550692695688,15709473,362
