date_utc,amount,direction,indexPrice,instrument,iv,price,quantity,tickDirection,timeStamp,tradeId,tradeSeq
2019-02-14 23:39:35.158,0.5,sell,3561.35,BTC-28JUN19-3500-C,56.49,0.1375,0.5,2,1550187575158,15375889,164
2019-02-15 14:23:42.057,1.0,sell,3550.61,BTC-28JUN19-3500-C,57.47,0.1395,1.0,0,1550240622057,15392700,165
2019-02-16 04:09:59.229,0.1,buy,3598.81,BTC-28JUN19-3500-C,56.3,0.14300000000000002,0.1,0,1550290199229,15407632,166
2019-02-16 13:42:40.219,1.5,buy,3600.41,BTC-28JUN19-3500-C,57.99,0.1475,1.5,0,1550324560219,15416444,167
2019-02-17 23:31:52.104,6.0,buy,3620.74,BTC-28JUN19-3500-C,57.97,0.1485,6.0,0,1550446312104,15457877,168
2019-02-19 15:47:25.920,0.2,buy,3945.34,BTC-28JUN19-3500-C,61.18,0.1985,0.2,0,1550591245920,15650095,169
2019-02-20 19:58:21.813,3.0,buy,3924.21,BTC-28JUN19-3500-C,57.69,0.18899999999999997,3.0,2,1550692701813,15709517,170
2019-02-21 12:11:52.432,2.5,buy,3893.23,BTC-28JUN19-3500-C,60.95,0.193,2.5,0,1550751112432,15742214,173
2019-02-21 12:11:52.432,5.0,buy,3893.23,BTC-28JUN19-3500-C,60.47,0.192,5.0,0,1550751112432,15742212,171
2019-02-21 12:11:52.432,2.5,buy,3893.23,BTC-28JUN19-3500-C,60.47,0.192,2.5,1,1550751112432,15742213,172
2019-02-21 15:22:44.813,3.0,sell,3892.5,BTC-28JUN19-3500-C,57.79,0.18600000000000005,3.0,2,1550762564813,15745769,174
2019-02-21 15:22:44.817,7.0,buy,3892.5,BTC-28JUN19-3500-C,57.79,0.18600000000000005,7.0,3,1550762564817,15745770,175
2019-02-21 18:29:52.652,1.0,sell,3891.03,BTC-28JUN19-3500-C,57.47,0.1845,1.0,2,1550773792652,15748012,176
2019-02-21 18:42:50.275,1.0,sell,3886.17,BTC-28JUN19-3500-C,57.48,0.1835,1.0,2,1550774570275,15748157,177
2019-02-23 21:17:24.306,1.0,sell,4111.42,BTC-28JUN19-3500-C,59.5,0.214,1.0,0,1550956644306,15849860,178
2019-02-24 12:49:27.776,2.5,sell,4114.3,BTC-28JUN19-3500-C,59.73,0.217,2.5,0,1551012567776,15880611,179
2019-02-25 15:16:15.917,0.1,buy,3783.07,BTC-28JUN19-3500-C,62.06,0.1745,0.1,2,1551107775917,15990763,180
2019-02-25 15:19:41.813,0.1,buy,3781.21,BTC-28JUN19-3500-C,62.14,0.1745,0.1,3,1551107981813,15990831,181
2019-02-25 16:20:16.824,0.1,buy,3793.77,BTC-28JUN19-3500-C,61.98,0.1755,0.1,0,1551111616824,15992873,182
2019-02-26 03:57:40.738,3.7,buy,3825.08,BTC-28JUN19-3500-C,60.84,0.17600000000000002,3.7,0,1551153460738,16015313,183
2019-02-26 23:38:56.750,0.7000000000000001,buy,3797.62,BTC-28JUN19-3500-C,60.77,0.1725,0.7000000000000001,2,1551224336750,16044084,184
2019-02-27 14:38:27.257,1.0,buy,3805.25,BTC-28JUN19-3500-C,59.04,0.16899999999999998,1.0,2,1551278307257,16060392,185
2019-02-27 14:58:36.189,3.6,sell,3806.73,BTC-28JUN19-3500-C,58.93,0.16899999999999998,3.6,3,1551279516189,16060838,186
2019-02-27 14:58:36.285,0.4,buy,3806.73,BTC-28JUN19-3500-C,58.93,0.16899999999999998,0.4,3,1551279516285,16060839,187
2019-02-27 14:58:45.192,4.0,buy,3806.68,BTC-28JUN19-3500-C,58.93,0.16899999999999998,4.0,3,1551279525192,16060846,188
2019-02-27 14:59:18.369,4.0,buy,3806.0,BTC-28JUN19-3500-C,58.93,0.169,4.0,3,1551279558369,16060864,189
2019-02-27 21:37:41.340,0.6,sell,3739.95,BTC-28JUN19-3500-C,58.67,0.1605,0.6,2,1551303461340,16079755,190
2019-02-27 21:52:47.422,1.2,sell,3733.99,BTC-28JUN19-3500-C,58.64,0.16,1.2,2,1551304367422,16080417,191
