date_utc,amount,direction,indexPrice,instrument,iv,price,quantity,tickDirection,timeStamp,tradeId,tradeSeq
2019-02-14 00:03:42.679,1.0,buy,3576.32,BTC-27SEP19-10000-C,64.34,0.006,1.0,0,1550102622679,15349782,119
2019-02-14 04:31:54.405,1.0,sell,3582.9,BTC-27SEP19-10000-C,62.54,0.005,1.0,3,1550118714405,15353937,121
2019-02-14 04:31:54.405,10.0,sell,3582.9,BTC-27SEP19-10000-C,62.54,0.005,10.0,3,1550118714405,15353938,122
2019-02-14 04:31:54.405,10.0,sell,3582.9,BTC-27SEP19-10000-C,62.54,0.005,10.0,2,1550118714405,15353936,120
2019-02-14 18:43:10.751,10.0,sell,3574.83,BTC-27SEP19-10000-C,62.72,0.005,10.0,3,1550169790751,15372645,123
2019-02-15 04:38:00.033,0.2,buy,3581.2,BTC-27SEP19-10000-C,63.54,0.0055,0.2,0,1550205480033,15379850,124
2019-02-16 14:26:34.636,0.1,buy,3596.44,BTC-27SEP19-10000-C,64.2,0.006,0.1,0,1550327194636,15417778,125
2019-02-16 14:26:36.232,0.1,buy,3596.71,BTC-27SEP19-10000-C,64.2,0.006,0.1,1,1550327196232,15417780,126
2019-02-17 15:28:51.361,1.0,buy,3572.95,BTC-27SEP19-10000-C,63.83,0.0055,1.0,2,1550417331361,15449116,127
2019-02-17 15:29:24.588,1.0,buy,3573.41,BTC-27SEP19-10000-C,63.83,0.0055,1.0,3,1550417364588,15449139,128
2019-02-17 20:40:33.331,3.0,buy,3572.31,BTC-27SEP19-10000-C,63.8,0.0055,3.0,3,1550436033331,15452570,129
2019-02-17 20:40:33.331,17.0,buy,3572.31,BTC-27SEP19-10000-C,63.8,0.0055,17.0,3,1550436033331,15452571,130
2019-02-18 02:55:37.241,0.2,buy,3670.29,BTC-27SEP19-10000-C,62.51,0.0055,0.2,3,1550458537241,15484588,131
2019-02-18 08:52:31.993,0.5,buy,3704.9,BTC-27SEP19-10000-C,62.1,0.0055,0.5,3,1550479951993,15506336,132
2019-02-18 08:52:31.993,5.0,buy,3704.9,BTC-27SEP19-10000-C,62.1,0.0055,5.0,3,1550479951993,15506337,133
2019-02-18 08:52:49.543,5.0,buy,3704.94,BTC-27SEP19-10000-C,62.94,0.006,5.0,0,1550479969543,15506345,134
2019-02-18 08:52:49.543,20.0,buy,3704.94,BTC-27SEP19-10000-C,62.94,0.006,20.0,1,1550479969543,15506346,135
2019-02-18 08:55:10.042,5.0,buy,3703.03,BTC-27SEP19-10000-C,62.98,0.006,5.0,1,1550480110042,15506399,136
2019-02-18 08:55:10.042,20.0,buy,3703.03,BTC-27SEP19-10000-C,62.98,0.006,20.0,1,1550480110042,15506400,137
2019-02-18 08:58:30.880,10.6,sell,3695.69,BTC-27SEP19-10000-C,62.25,0.0055,10.6,2,1550480310880,15506741,138
2019-02-18 08:58:41.170,10.5,sell,3695.59,BTC-27SEP19-10000-C,62.25,0.0055,10.5,3,1550480321170,15506756,139
2019-02-18 08:58:43.257,3.9,sell,3695.59,BTC-27SEP19-10000-C,62.25,0.0055,3.9,3,1550480323257,15506760,140
2019-02-18 16:39:42.043,5.0,buy,3900.45,BTC-27SEP19-10000-C,60.27,0.006,5.0,0,1550507982043,15558790,141
2019-02-18 16:59:09.774,20.0,buy,3861.35,BTC-27SEP19-10000-C,60.68,0.006,20.0,1,1550509149774,15565106,142
2019-02-18 23:16:49.094,0.2,buy,3870.62,BTC-27SEP19-10000-C,62.77,0.0075,0.2,0,1550531809094,15585825,143
2019-02-19 00:42:43.013,5.0,buy,3931.16,BTC-27SEP19-10000-C,61.94,0.0075,5.0,1,1550536963013,15593919,144
2019-02-19 01:29:56.644,9.8,sell,3884.28,BTC-27SEP19-10000-C,62.5,0.0075,9.8,1,1550539796644,15600111,145
2019-02-19 14:24:27.496,2.0,buy,3929.9,BTC-27SEP19-10000-C,63.96,0.009000000000000001,2.0,0,1550586267496,15641894,146
2019-02-19 22:51:53.133,18.0,buy,3911.01,BTC-27SEP19-10000-C,64.93,0.0095,18.0,1,1550616713133,15667689,149
2019-02-19 22:51:53.133,5.0,buy,3911.01,BTC-27SEP19-10000-C,64.93,0.0095,5.0,1,1550616713133,15667688,148
2019-02-19 22:51:53.133,3.0,buy,3911.01,BTC-27SEP19-10000-C,64.93,0.0095,3.0,0,1550616713133,15667687,147
2019-02-20 08:08:51.575,10.0,sell,3889.8,BTC-27SEP19-10000-C,62.06,0.006999999999999999,10.0,2,1550650131575,15680586,150
2019-02-22 13:28:26.652,1.0,sell,3939.4,BTC-27SEP19-10000-C,62.91,0.008,1.0,0,1550842106652,15773621,151
2019-02-22 15:56:09.412,2.0,buy,3930.94,BTC-27SEP19-10000-C,63.8,0.0085,2.0,0,1550850969412,15782615,152
2019-02-22 15:56:35.517,8.0,buy,3931.05,BTC-27SEP19-10000-C,63.8,0.0085,8.0,1,1550850995517,15782624,153
2019-02-22 17:53:43.334,4.0,buy,3936.88,BTC-27SEP19-10000-C,64.93,0.0095,4.0,0,1550858023334,15785081,154
2019-02-24 02:38:38.150,0.1,buy,4127.3,BTC-27SEP19-10000-C,65.1,0.0115,0.1,0,1550975918150,15858368,155
2019-02-25 01:00:44.557,2.0,sell,3762.7,BTC-27SEP19-10000-C,66.92,0.0085,2.0,2,1551056444557,15969248,156
2019-02-25 01:00:44.557,1.0,sell,3762.7,BTC-27SEP19-10000-C,66.92,0.0085,1.0,3,1551056444557,15969249,157
2019-02-25 04:01:35.891,2.0,sell,3776.75,BTC-27SEP19-10000-C,66.08,0.008,2.0,2,1551067295891,15973963,158
2019-02-25 07:15:12.316,1.0,sell,3775.01,BTC-27SEP19-10000-C,66.06,0.008,1.0,3,1551078912316,15979045,159
2019-02-25 07:21:30.638,0.2,sell,3773.98,BTC-27SEP19-10000-C,66.05,0.008,0.2,3,1551079290638,15979115,160
2019-02-25 17:46:00.986,5.0,buy,3827.67,BTC-27SEP19-10000-C,67.45,0.0095,5.0,0,1551116760986,16001096,161
2019-02-25 17:55:24.111,3.0,buy,3813.22,BTC-27SEP19-10000-C,67.61,0.0095,3.0,1,1551117324111,16001584,162
2019-02-25 20:14:32.895,1.0,sell,3848.79,BTC-27SEP19-10000-C,65.87,0.0085,1.0,2,1551125672895,16006874,163
2019-02-25 20:15:06.500,0.5,sell,3848.54,BTC-27SEP19-10000-C,65.87,0.0085,0.5,3,1551125706500,16006888,164
2019-02-25 23:31:14.827,3.5,sell,3828.73,BTC-27SEP19-10000-C,66.15,0.0085,3.5,3,1551137474827,16012566,165
2019-02-26 02:52:12.590,3.0,buy,3823.27,BTC-27SEP19-10000-C,66.89,0.009000000000000001,3.0,0,1551149532590,16014884,166
2019-02-26 05:13:35.570,2.0,buy,3790.71,BTC-27SEP19-10000-C,66.64,0.0085,2.0,2,1551158015570,16018808,167
2019-02-26 12:49:58.343,2.0,sell,3784.85,BTC-27SEP19-10000-C,66.14,0.008,2.0,3,1551185398343,16029833,169
2019-02-26 12:49:58.343,1.8,sell,3784.85,BTC-27SEP19-10000-C,66.14,0.008,1.8,2,1551185398343,16029832,168
2019-02-27 20:44:38.316,0.3,sell,3722.14,BTC-27SEP19-10000-C,65.67,0.006999999999999999,0.3,2,1551300278316,16074768,170
2019-02-27 20:48:48.056,0.2,sell,3728.01,BTC-27SEP19-10000-C,64.87,0.0065,0.2,2,1551300528056,16076106,171
2019-02-27 21:41:46.599,5.0,sell,3739.9,BTC-27SEP19-10000-C,64.72,0.0065,5.0,3,1551303706599,16079828,172
2019-02-28 09:17:12.322,100.0,buy,3829.88,BTC-27SEP19-10000-C,65.77,0.008,100.0,0,1551345432322,16098850,173
2019-02-28 09:20:05.963,50.0,buy,3829.96,BTC-27SEP19-10000-C,65.77,0.008,50.0,1,1551345605963,16098966,175
2019-02-28 09:20:05.963,50.0,buy,3829.96,BTC-27SEP19-10000-C,65.77,0.008,50.0,1,1551345605963,16098965,174
2019-03-01 23:59:52.213,2.0,sell,3806.12,BTC-27SEP19-10000-C,64.15,0.0065,2.0,2,1551484792213,16161549,176
2019-03-05 03:55:06.077,0.5,sell,3696.05,BTC-27SEP19-10000-C,65.19,0.006,0.5,2,1551758106077,16248634,177
2019-03-05 05:15:02.238,0.5,sell,3706.88,BTC-27SEP19-10000-C,65.03,0.006,0.5,3,1551762902238,16249550,178
2019-03-05 09:24:44.370,3.0,buy,3720.2,BTC-27SEP19-10000-C,67.16,0.0075,3.0,0,1551777884370,16253511,179
2019-03-05 10:21:51.230,5.0,buy,3721.13,BTC-27SEP19-10000-C,67.15,0.0075,5.0,1,1551781311230,16253997,180
2019-03-07 19:02:06.007,5.0,sell,3867.99,BTC-27SEP19-10000-C,65.41,0.0075,5.0,1,1551985326007,16361309,181
2019-03-08 03:32:38.340,0.1,sell,3856.56,BTC-27SEP19-10000-C,64.15,0.0065,0.1,2,1552015958340,16366740,182
2019-03-08 15:51:19.745,10.0,sell,3884.54,BTC-27SEP19-10000-C,65.5,0.0075,10.0,0,1552060279745,16388661,183
2019-03-08 15:51:46.216,10.0,buy,3884.94,BTC-27SEP19-10000-C,66.2,0.008,10.0,0,1552060306216,16388678,184
2019-03-09 07:50:33.103,7.4,buy,3890.41,BTC-27SEP19-10000-C,66.11,0.008,7.4,1,1552117833103,16420089,185
2019-03-10 18:31:51.303,2.2,sell,3880.33,BTC-27SEP19-10000-C,65.16,0.006999999999999999,2.2,2,1552242711303,16465601,186
2019-03-11 23:52:26.863,0.2,sell,3847.63,BTC-27SEP19-10000-C,65.02,0.0065,0.2,2,1552348346863,16498740,187
2019-03-12 01:46:49.867,0.1,sell,3824.97,BTC-27SEP19-10000-C,65.33,0.0065,0.1,3,1552355209867,16503250,188
2019-03-12 03:09:04.774,0.1,sell,3804.45,BTC-27SEP19-10000-C,65.59,0.0065,0.1,3,1552360144774,16506649,189
2019-03-14 03:11:00.548,2.4,sell,3853.84,BTC-27SEP19-10000-C,66.2,0.006999999999999999,2.4,0,1552533060548,16548870,190
2019-03-15 00:54:35.152,5.0,buy,3859.56,BTC-27SEP19-10000-C,68.37,0.0085,5.0,0,1552611275152,16575309,191
2019-03-15 09:17:28.407,1.0,buy,3854.59,BTC-27SEP19-10000-C,69.1,0.009000000000000001,1.0,0,1552641448407,16581956,192
2019-03-15 13:19:39.876,10.0,buy,3884.18,BTC-27SEP19-10000-C,66.66,0.0075,10.0,2,1552655979876,16591418,193
2019-03-16 01:09:01.322,0.3,buy,3909.79,BTC-27SEP19-10000-C,67.09,0.008,0.3,0,1552698541322,16604634,194
2019-03-16 03:31:49.734,0.2,buy,3935.19,BTC-27SEP19-10000-C,66.7,0.008,0.2,1,1552707109734,16610596,195
2019-03-18 14:00:07.729,1.0,buy,3965.17,BTC-27SEP19-10000-C,66.75,0.008,1.0,1,1552917607729,16690042,196
2019-03-18 16:39:24.932,2.5,buy,3966.76,BTC-27SEP19-10000-C,66.81,0.008,2.5,1,1552927164932,16691794,197
2019-03-18 16:40:56.033,3.0,sell,3967.14,BTC-27SEP19-10000-C,66.09,0.0075,3.0,2,1552927256033,16691796,198
2019-03-19 08:16:43.942,5.0,sell,3960.44,BTC-27SEP19-10000-C,65.44,0.006999999999999999,5.0,2,1552983403942,16701068,199
2019-03-19 17:33:42.722,3.0,buy,4006.76,BTC-27SEP19-10000-C,66.34,0.008,3.0,0,1553016822722,16712905,200
2019-03-21 03:35:00.161,0.2,sell,4030.15,BTC-27SEP19-10000-C,64.17,0.0065,0.2,2,1553139300161,16748154,201
2019-03-22 03:18:34.496,1.3,buy,3980.1,BTC-27SEP19-10000-C,66.6,0.0075,1.3,0,1553224714496,16773606,202
2019-03-22 13:42:14.641,5.0,buy,3989.52,BTC-27SEP19-10000-C,66.53,0.0075,5.0,1,1553262134641,16778479,203
2019-03-22 20:25:20.924,1.0,buy,3985.98,BTC-27SEP19-10000-C,65.93,0.006999999999999999,1.0,2,1553286320924,16781468,204
2019-03-23 00:42:54.914,0.1,sell,3976.61,BTC-27SEP19-10000-C,65.2,0.0065,0.1,2,1553301774914,16783505,205
2019-03-27 07:09:54.189,1.0,sell,3982.84,BTC-27SEP19-10000-C,65.41,0.006,1.0,2,1553670594189,16854586,206
2019-03-27 07:09:54.189,9.0,sell,3982.84,BTC-27SEP19-10000-C,65.41,0.006,9.0,3,1553670594189,16854587,207
