date_utc,amount,direction,indexPrice,instrument,iv,price,quantity,tickDirection,timeStamp,tradeId,tradeSeq
2019-02-14 00:03:42.679,1.0,buy,3576.32,BTC-27SEP19-10000-C,64.34,0.006,1.0,0,1550102622679,15349782,119
2019-02-14 04:31:54.405,1.0,sell,3582.9,BTC-27SEP19-10000-C,62.54,0.005,1.0,3,1550118714405,15353937,121
2019-02-14 04:31:54.405,10.0,sell,3582.9,BTC-27SEP19-10000-C,62.54,0.005,10.0,3,1550118714405,15353938,122
2019-02-14 04:31:54.405,10.0,sell,3582.9,BTC-27SEP19-10000-C,62.54,0.005,10.0,2,1550118714405,15353936,120
2019-02-14 18:43:10.751,10.0,sell,3574.83,BTC-27SEP19-10000-C,62.72,0.005,10.0,3,1550169790751,15372645,123
2019-02-15 04:38:00.033,0.2,buy,3581.2,BTC-27SEP19-10000-C,63.54,0.0055,0.2,0,1550205480033,15379850,124
2019-02-16 14:26:34.636,0.1,buy,3596.44,BTC-27SEP19-10000-C,64.2,0.006,0.1,0,1550327194636,15417778,125
2019-02-16 14:26:36.232,0.1,buy,3596.71,BTC-27SEP19-10000-C,64.2,0.006,0.1,1,1550327196232,15417780,126
2019-02-17 15:28:51.361,1.0,buy,3572.95,BTC-27SEP19-10000-C,63.83,0.0055,1.0,2,1550417331361,15449116,127
2019-02-17 15:29:24.588,1.0,buy,3573.41,BTC-27SEP19-10000-C,63.83,0.0055,1.0,3,1550417364588,15449139,128
2019-02-17 20:40:33.331,17.0,buy,3572.31,BTC-27SEP19-10000-C,63.8,0.0055,17.0,3,1550436033331,15452571,130
2019-02-17 20:40:33.331,3.0,buy,3572.31,BTC-27SEP19-10000-C,63.8,0.0055,3.0,3,1550436033331,15452570,129
2019-02-18 02:55:37.241,0.2,buy,3670.29,BTC-27SEP19-10000-C,62.51,0.0055,0.2,3,1550458537241,15484588,131
2019-02-18 08:52:31.993,0.5,buy,3704.9,BTC-27SEP19-10000-C,62.1,0.0055,0.5,3,1550479951993,15506336,132
2019-02-18 08:52:31.993,5.0,buy,3704.9,BTC-27SEP19-10000-C,62.1,0.0055,5.0,3,1550479951993,15506337,133
2019-02-18 08:52:49.543,20.0,buy,3704.94,BTC-27SEP19-10000-C,62.94,0.006,20.0,1,1550479969543,15506346,135
2019-02-18 08:52:49.543,5.0,buy,3704.94,BTC-27SEP19-10000-C,62.94,0.006,5.0,0,1550479969543,15506345,134
2019-02-18 08:55:10.042,20.0,buy,3703.03,BTC-27SEP19-10000-C,62.98,0.006,20.0,1,1550480110042,15506400,137
2019-02-18 08:55:10.042,5.0,buy,3703.03,BTC-27SEP19-10000-C,62.98,0.006,5.0,1,1550480110042,15506399,136
2019-02-18 08:58:30.880,10.6,sell,3695.69,BTC-27SEP19-10000-C,62.25,0.0055,10.6,2,1550480310880,15506741,138
2019-02-18 08:58:41.170,10.5,sell,3695.59,BTC-27SEP19-10000-C,62.25,0.0055,10.5,3,1550480321170,15506756,139
2019-02-18 08:58:43.257,3.9,sell,3695.59,BTC-27SEP19-10000-C,62.25,0.0055,3.9,3,1550480323257,15506760,140
2019-02-18 16:39:42.043,5.0,buy,3900.45,BTC-27SEP19-10000-C,60.27,0.006,5.0,0,1550507982043,15558790,141
2019-02-18 16:59:09.774,20.0,buy,3861.35,BTC-27SEP19-10000-C,60.68,0.006,20.0,1,1550509149774,15565106,142
2019-02-18 23:16:49.094,0.2,buy,3870.62,BTC-27SEP19-10000-C,62.77,0.0075,0.2,0,1550531809094,15585825,143
2019-02-19 00:42:43.013,5.0,buy,3931.16,BTC-27SEP19-10000-C,61.94,0.0075,5.0,1,1550536963013,15593919,144
2019-02-19 01:29:56.644,9.8,sell,3884.28,BTC-27SEP19-10000-C,62.5,0.0075,9.8,1,1550539796644,15600111,145
2019-02-19 14:24:27.496,2.0,buy,3929.9,BTC-27SEP19-10000-C,63.96,0.009000000000000001,2.0,0,1550586267496,15641894,146
2019-02-19 22:51:53.133,3.0,buy,3911.01,BTC-27SEP19-10000-C,64.93,0.0095,3.0,0,1550616713133,15667687,147
2019-02-19 22:51:53.133,5.0,buy,3911.01,BTC-27SEP19-10000-C,64.93,0.0095,5.0,1,1550616713133,15667688,148
2019-02-19 22:51:53.133,18.0,buy,3911.01,BTC-27SEP19-10000-C,64.93,0.0095,18.0,1,1550616713133,15667689,149
2019-02-20 08:08:51.575,10.0,sell,3889.8,BTC-27SEP19-10000-C,62.06,0.006999999999999999,10.0,2,1550650131575,15680586,150
2019-02-22 13:28:26.652,1.0,sell,3939.4,BTC-27SEP19-10000-C,62.91,0.008,1.0,0,1550842106652,15773621,151
2019-02-22 15:56:09.412,2.0,buy,3930.94,BTC-27SEP19-10000-C,63.8,0.0085,2.0,0,1550850969412,15782615,152
2019-02-22 15:56:35.517,8.0,buy,3931.05,BTC-27SEP19-10000-C,63.8,0.0085,8.0,1,1550850995517,15782624,153
2019-02-22 17:53:43.334,4.0,buy,3936.88,BTC-27SEP19-10000-C,64.93,0.0095,4.0,0,1550858023334,15785081,154
2019-02-24 02:38:38.150,0.1,buy,4127.3,BTC-27SEP19-10000-C,65.1,0.0115,0.1,0,1550975918150,15858368,155
2019-02-25 01:00:44.557,2.0,sell,3762.7,BTC-27SEP19-10000-C,66.92,0.0085,2.0,2,1551056444557,15969248,156
2019-02-25 01:00:44.557,1.0,sell,3762.7,BTC-27SEP19-10000-C,66.92,0.0085,1.0,3,1551056444557,15969249,157
2019-02-25 04:01:35.891,2.0,sell,3776.75,BTC-27SEP19-10000-C,66.08,0.008,2.0,2,1551067295891,15973963,158
2019-02-25 07:15:12.316,1.0,sell,3775.01,BTC-27SEP19-10000-C,66.06,0.008,1.0,3,1551078912316,15979045,159
2019-02-25 07:21:30.638,0.2,sell,3773.98,BTC-27SEP19-10000-C,66.05,0.008,0.2,3,1551079290638,15979115,160
2019-02-25 17:46:00.986,5.0,buy,3827.67,BTC-27SEP19-10000-C,67.45,0.0095,5.0,0,1551116760986,16001096,161
2019-02-25 17:55:24.111,3.0,buy,3813.22,BTC-27SEP19-10000-C,67.61,0.0095,3.0,1,1551117324111,16001584,162
2019-02-25 20:14:32.895,1.0,sell,3848.79,BTC-27SEP19-10000-C,65.87,0.0085,1.0,2,1551125672895,16006874,163
2019-02-25 20:15:06.500,0.5,sell,3848.54,BTC-27SEP19-10000-C,65.87,0.0085,0.5,3,1551125706500,16006888,164
2019-02-25 23:31:14.827,3.5,sell,3828.73,BTC-27SEP19-10000-C,66.15,0.0085,3.5,3,1551137474827,16012566,165
2019-02-26 02:52:12.590,3.0,buy,3823.27,BTC-27SEP19-10000-C,66.89,0.009000000000000001,3.0,0,1551149532590,16014884,166
2019-02-26 05:13:35.570,2.0,buy,3790.71,BTC-27SEP19-10000-C,66.64,0.0085,2.0,2,1551158015570,16018808,167
2019-02-26 12:49:58.343,2.0,sell,3784.85,BTC-27SEP19-10000-C,66.14,0.008,2.0,3,1551185398343,16029833,169
2019-02-26 12:49:58.343,1.8,sell,3784.85,BTC-27SEP19-10000-C,66.14,0.008,1.8,2,1551185398343,16029832,168
2019-02-27 20:44:38.316,0.3,sell,3722.14,BTC-27SEP19-10000-C,65.67,0.006999999999999999,0.3,2,1551300278316,16074768,170
2019-02-27 20:48:48.056,0.2,sell,3728.01,BTC-27SEP19-10000-C,64.87,0.0065,0.2,2,1551300528056,16076106,171
2019-02-27 21:41:46.599,5.0,sell,3739.9,BTC-27SEP19-10000-C,64.72,0.0065,5.0,3,1551303706599,16079828,172
2019-02-28 09:17:12.322,100.0,buy,3829.88,BTC-27SEP19-10000-C,65.77,0.008,100.0,0,1551345432322,16098850,173
2019-02-28 09:20:05.963,50.0,buy,3829.96,BTC-27SEP19-10000-C,65.77,0.008,50.0,1,1551345605963,16098966,175
2019-02-28 09:20:05.963,50.0,buy,3829.96,BTC-27SEP19-10000-C,65.77,0.008,50.0,1,1551345605963,16098965,174
2019-03-01 23:59:52.213,2.0,sell,3806.12,BTC-27SEP19-10000-C,64.15,0.0065,2.0,2,1551484792213,16161549,176
2019-03-05 03:55:06.077,0.5,sell,3696.05,BTC-27SEP19-10000-C,65.19,0.006,0.5,2,1551758106077,16248634,177
2019-03-05 05:15:02.238,0.5,sell,3706.88,BTC-27SEP19-10000-C,65.03,0.006,0.5,3,1551762902238,16249550,178
2019-03-05 09:24:44.370,3.0,buy,3720.2,BTC-27SEP19-10000-C,67.16,0.0075,3.0,0,1551777884370,16253511,179
2019-03-05 10:21:51.230,5.0,buy,3721.13,BTC-27SEP19-10000-C,67.15,0.0075,5.0,1,1551781311230,16253997,180
2019-03-07 19:02:06.007,5.0,sell,3867.99,BTC-27SEP19-10000-C,65.41,0.0075,5.0,1,1551985326007,16361309,181
2019-03-08 03:32:38.340,0.1,sell,3856.56,BTC-27SEP19-10000-C,64.15,0.0065,0.1,2,1552015958340,16366740,182
2019-03-08 15:51:19.745,10.0,sell,3884.54,BTC-27SEP19-10000-C,65.5,0.0075,10.0,0,1552060279745,16388661,183
2019-03-08 15:51:46.216,10.0,buy,3884.94,BTC-27SEP19-10000-C,66.2,0.008,10.0,0,1552060306216,16388678,184
2019-03-09 07:50:33.103,7.4,buy,3890.41,BTC-27SEP19-10000-C,66.11,0.008,7.4,1,1552117833103,16420089,185
2019-03-10 18:31:51.303,2.2,sell,3880.33,BTC-27SEP19-10000-C,65.16,0.006999999999999999,2.2,2,1552242711303,16465601,186
2019-03-11 23:52:26.863,0.2,sell,3847.63,BTC-27SEP19-10000-C,65.02,0.0065,0.2,2,1552348346863,16498740,187
2019-03-12 01:46:49.867,0.1,sell,3824.97,BTC-27SEP19-10000-C,65.33,0.0065,0.1,3,1552355209867,16503250,188
2019-03-12 03:09:04.774,0.1,sell,3804.45,BTC-27SEP19-10000-C,65.59,0.0065,0.1,3,1552360144774,16506649,189
2019-03-14 03:11:00.548,2.4,sell,3853.84,BTC-27SEP19-10000-C,66.2,0.006999999999999999,2.4,0,1552533060548,16548870,190
2019-03-15 00:54:35.152,5.0,buy,3859.56,BTC-27SEP19-10000-C,68.37,0.0085,5.0,0,1552611275152,16575309,191
2019-03-15 09:17:28.407,1.0,buy,3854.59,BTC-27SEP19-10000-C,69.1,0.009000000000000001,1.0,0,1552641448407,16581956,192
2019-03-15 13:19:39.876,10.0,buy,3884.18,BTC-27SEP19-10000-C,66.66,0.0075,10.0,2,1552655979876,16591418,193
2019-03-16 01:09:01.322,0.3,buy,3909.79,BTC-27SEP19-10000-C,67.09,0.008,0.3,0,1552698541322,16604634,194
2019-03-16 03:31:49.734,0.2,buy,3935.19,BTC-27SEP19-10000-C,66.7,0.008,0.2,1,1552707109734,16610596,195
2019-03-18 14:00:07.729,1.0,buy,3965.17,BTC-27SEP19-10000-C,66.75,0.008,1.0,1,1552917607729,16690042,196
2019-03-18 16:39:24.932,2.5,buy,3966.76,BTC-27SEP19-10000-C,66.81,0.008,2.5,1,1552927164932,16691794,197
2019-03-18 16:40:56.033,3.0,sell,3967.14,BTC-27SEP19-10000-C,66.09,0.0075,3.0,2,1552927256033,16691796,198
2019-03-19 08:16:43.942,5.0,sell,3960.44,BTC-27SEP19-10000-C,65.44,0.006999999999999999,5.0,2,1552983403942,16701068,199
2019-03-19 17:33:42.722,3.0,buy,4006.76,BTC-27SEP19-10000-C,66.34,0.008,3.0,0,1553016822722,16712905,200
2019-03-21 03:35:00.161,0.2,sell,4030.15,BTC-27SEP19-10000-C,64.17,0.0065,0.2,2,1553139300161,16748154,201
2019-03-22 03:18:34.496,1.3,buy,3980.1,BTC-27SEP19-10000-C,66.6,0.0075,1.3,0,1553224714496,16773606,202
2019-03-22 13:42:14.641,5.0,buy,3989.52,BTC-27SEP19-10000-C,66.53,0.0075,5.0,1,1553262134641,16778479,203
2019-03-22 20:25:20.924,1.0,buy,3985.98,BTC-27SEP19-10000-C,65.93,0.006999999999999999,1.0,2,1553286320924,16781468,204
2019-03-23 00:42:54.914,0.1,sell,3976.61,BTC-27SEP19-10000-C,65.2,0.0065,0.1,2,1553301774914,16783505,205
2019-03-27 07:09:54.189,9.0,sell,3982.84,BTC-27SEP19-10000-C,65.41,0.006,9.0,3,1553670594189,16854587,207
2019-03-27 07:09:54.189,1.0,sell,3982.84,BTC-27SEP19-10000-C,65.41,0.006,1.0,2,1553670594189,16854586,206
2019-03-27 20:52:09.335,0.2,sell,4007.5,BTC-27SEP19-10000-C,65.85,0.0065,0.2,0,1553719929335,16869246,208
2019-03-27 22:07:21.926,18.0,buy,4008.58,BTC-27SEP19-10000-C,68.18,0.008,18.0,0,1553724441926,16869664,209
2019-03-27 22:07:21.926,12.0,buy,4008.58,BTC-27SEP19-10000-C,68.18,0.008,12.0,1,1553724441926,16869666,211
2019-03-27 22:07:21.926,20.0,buy,4008.58,BTC-27SEP19-10000-C,68.18,0.008,20.0,1,1553724441926,16869665,210
2019-03-29 14:44:46.061,5.0,buy,4076.38,BTC-27SEP19-10000-C,68.78,0.009000000000000001,5.0,0,1553870686061,16959029,212
2019-03-30 19:36:03.078,2.0,sell,4076.6,BTC-27SEP19-10000-C,68.84,0.009000000000000001,2.0,1,1553974563078,16982824,213
2019-03-30 19:36:03.078,2.0,sell,4076.6,BTC-27SEP19-10000-C,68.84,0.009000000000000001,2.0,1,1553974563078,16982825,214
2019-03-30 22:17:48.791,4.0,sell,4081.99,BTC-27SEP19-10000-C,68.84,0.009000000000000001,4.0,1,1553984268791,16983586,215
2019-03-31 00:04:06.853,0.5,sell,4096.04,BTC-27SEP19-10000-C,68.64,0.009000000000000001,0.5,1,1553990646853,16984451,216
2019-03-31 11:31:38.587,3.5,sell,4098.4,BTC-27SEP19-10000-C,68.73,0.009000000000000001,3.5,1,1554031898587,16988163,217
2019-03-31 22:40:41.929,1.0,sell,4090.38,BTC-27SEP19-10000-C,68.34,0.0085,1.0,2,1554072041929,16992143,218
2019-04-01 07:18:26.364,10.0,sell,4126.79,BTC-27SEP19-10000-C,69.25,0.0095,10.0,0,1554103106364,17001528,219
2019-04-01 09:17:41.083,0.3,sell,4123.38,BTC-27SEP19-10000-C,68.72,0.009000000000000001,0.3,2,1554110261083,17003021,220
2019-04-01 11:17:18.908,0.3,sell,4115.07,BTC-27SEP19-10000-C,68.85,0.009000000000000001,0.3,3,1554117438908,17003955,222
2019-04-01 11:17:18.908,9.7,sell,4115.07,BTC-27SEP19-10000-C,68.85,0.009000000000000001,9.7,3,1554117438908,17003954,221
2019-04-01 11:19:24.192,0.7000000000000001,sell,4115.23,BTC-27SEP19-10000-C,68.85,0.009000000000000001,0.7000000000000001,3,1554117564192,17003976,223
2019-04-02 01:07:15.642,1.0,sell,4143.39,BTC-27SEP19-10000-C,67.31,0.008,1.0,2,1554167235642,17014594,224
2019-04-02 02:42:11.330,1.0,sell,4172.24,BTC-27SEP19-10000-C,66.86,0.008,1.0,3,1554172931330,17016941,225
2019-04-02 05:30:09.832,3.0,buy,4987.17,BTC-27SEP19-10000-C,63.36,0.0155,3.0,0,1554183009832,17065956,226
2019-04-02 05:39:50.736,0.5,sell,4786.54,BTC-27SEP19-10000-C,59.19,0.009000000000000001,0.5,2,1554183590736,17070545,227
2019-04-02 05:49:31.370,2.0,buy,4848.07,BTC-27SEP19-10000-C,65.35,0.0155,2.0,0,1554184171370,17072780,228
2019-04-02 12:44:45.328,10.0,sell,4799.21,BTC-27SEP19-10000-C,65.68,0.015,10.0,2,1554209085328,17110111,229
2019-04-02 13:51:34.721,20.0,buy,4801.3,BTC-27SEP19-10000-C,66.16,0.0155,20.0,0,1554213094721,17112394,230
2019-04-02 15:47:51.331,2.0,buy,4736.43,BTC-27SEP19-10000-C,66.8,0.0155,2.0,1,1554220071331,17121332,231
2019-04-02 18:37:21.479,0.1,sell,4733.39,BTC-27SEP19-10000-C,66.06,0.0145,0.1,2,1554230241479,17126610,232
2019-04-02 19:58:44.182,0.5,buy,4768.42,BTC-27SEP19-10000-C,66.56,0.0155,0.5,0,1554235124182,17128463,233
2019-04-02 23:46:52.495,1.7,buy,4943.89,BTC-27SEP19-10000-C,64.44,0.0155,1.7,1,1554248812495,17150304,234
2019-04-03 00:30:28.782,1.0,buy,4988.91,BTC-27SEP19-10000-C,63.97,0.0155,1.0,1,1554251428782,17157755,235
2019-04-03 01:40:07.622,25.0,buy,4943.06,BTC-27SEP19-10000-C,64.42,0.0155,25.0,1,1554255607622,17165555,236
2019-04-03 01:40:18.016,24.8,buy,4947.96,BTC-27SEP19-10000-C,64.35,0.0155,24.8,1,1554255618016,17165604,237
2019-04-03 15:24:15.672,0.3,buy,5023.84,BTC-27SEP19-10000-C,71.47,0.026,0.3,0,1554305055672,17204879,238
2019-04-03 17:17:01.231,10.0,sell,5080.34,BTC-27SEP19-10000-C,65.62,0.019,10.0,2,1554311821231,17218320,239
2019-04-03 21:37:44.600,1.0,buy,5290.9,BTC-27SEP19-10000-C,67.89,0.026000000000000002,1.0,0,1554327464600,17242062,240
2019-04-04 02:39:36.027,15.0,sell,5004.73,BTC-27SEP19-10000-C,68.3,0.021,15.0,2,1554345576027,17288035,241
2019-04-04 05:41:47.692,1.0,buy,5024.99,BTC-27SEP19-10000-C,71.61,0.026000000000000002,1.0,0,1554356507692,17293074,242
2019-04-04 06:38:23.752,25.0,sell,5050.93,BTC-27SEP19-10000-C,68.42,0.022000000000000002,25.0,2,1554359903752,17294468,243
2019-04-04 06:40:08.540,25.0,sell,5048.37,BTC-27SEP19-10000-C,68.49,0.022000000000000002,25.0,3,1554360008540,17294523,244
2019-04-04 08:20:09.195,2.0,sell,5045.83,BTC-27SEP19-10000-C,69.28,0.023,2.0,0,1554366009195,17296004,245
2019-04-04 08:20:09.195,5.7,sell,5045.83,BTC-27SEP19-10000-C,68.17,0.0215,5.7,2,1554366009195,17296005,246
2019-04-04 13:38:17.226,100.0,sell,5009.6,BTC-27SEP19-10000-C,69.31,0.0225,100.0,0,1554385097226,17308551,247
2019-04-05 09:21:57.753,0.5,buy,4954.31,BTC-27SEP19-10000-C,71.55,0.0245,0.5,0,1554456117753,17356636,248
2019-04-05 10:20:28.409,0.5,sell,4959.96,BTC-27SEP19-10000-C,71.05,0.024,0.5,2,1554459628409,17357627,249
2019-04-05 18:44:22.899,18.0,buy,5009.15,BTC-27SEP19-10000-C,72.8,0.027000000000000003,18.0,1,1554489862899,17379130,251
2019-04-05 18:44:22.899,15.0,buy,5009.15,BTC-27SEP19-10000-C,72.8,0.027000000000000003,15.0,0,1554489862899,17379129,250
2019-04-05 19:31:52.918,0.5,sell,5015.1,BTC-27SEP19-10000-C,71.36,0.025,0.5,2,1554492712918,17379909,252
2019-04-06 15:26:30.306,1.1,buy,5037.2,BTC-27SEP19-10000-C,72.62,0.0275,1.1,0,1554564390306,17399359,253
2019-04-06 22:20:59.254,5.0,buy,5048.67,BTC-27SEP19-10000-C,72.61,0.027999999999999997,5.0,0,1554589259254,17439792,254
2019-04-06 22:22:58.017,5.0,buy,5050.2,BTC-27SEP19-10000-C,72.94,0.0285,5.0,0,1554589378017,17439959,255
2019-04-07 22:04:51.585,2.0,buy,5170.83,BTC-27SEP19-10000-C,72.04,0.0295,2.0,0,1554674691585,17482765,256
2019-04-07 22:28:34.970,2.0,buy,5190.29,BTC-27SEP19-10000-C,71.72,0.0295,2.0,1,1554676114970,17484359,257
2019-04-07 22:44:03.491,2.0,buy,5219.18,BTC-27SEP19-10000-C,71.71,0.03,2.0,0,1554677043491,17486021,258
2019-04-08 01:12:55.489,1.0,buy,5298.85,BTC-27SEP19-10000-C,71.02,0.031,1.0,0,1554685975489,17501479,259
2019-04-08 04:48:09.246,0.5,sell,5294.93,BTC-27SEP19-10000-C,67.23,0.0255,0.5,2,1554698889246,17512850,260
2019-04-08 06:39:51.500,174.3,buy,5257.21,BTC-27SEP19-10000-C,71.7,0.0315,174.3,0,1554705591500,17515604,261
2019-04-08 15:08:42.876,1.0,sell,5235.69,BTC-27SEP19-10000-C,69.6,0.027000000000000003,1.0,2,1554736122876,17534139,262
2019-04-08 22:18:32.915,0.2,sell,5283.41,BTC-27SEP19-10000-C,69.41,0.0275,0.2,0,1554761912915,17545649,263
2019-04-09 00:02:57.248,0.2,sell,5274.32,BTC-27SEP19-10000-C,69.53,0.0275,0.2,1,1554768177248,17549845,264
2019-04-09 14:54:06.249,10.0,sell,5202.35,BTC-27SEP19-10000-C,71.17,0.028,10.0,0,1554821646249,17576852,265
2019-04-10 09:36:48.253,3.0,sell,5251.75,BTC-27SEP19-10000-C,68.76,0.0255,3.0,2,1554889008253,17595964,266
2019-04-10 15:29:11.761,2.2,sell,5265.75,BTC-27SEP19-10000-C,68.81,0.0255,2.2,3,1554910151761,17602743,267
2019-04-11 04:05:46.745,10.0,sell,5195.84,BTC-27SEP19-10000-C,72.06,0.0285,10.0,1,1554955546745,17667641,269
2019-04-11 04:05:46.745,6.6000000000000005,sell,5195.84,BTC-27SEP19-10000-C,72.06,0.0285,6.6000000000000005,0,1554955546745,17667640,268
2019-04-11 18:25:31.857,100.0,buy,5065.66,BTC-27SEP19-10000-C,73.11,0.0265,100.0,2,1555007131857,17710313,270
2019-04-12 05:43:39.589,10.0,sell,5005.15,BTC-27SEP19-10000-C,70.97,0.0225,10.0,2,1555047819589,17738262,271
2019-04-12 15:54:23.498,1.7,sell,5069.95,BTC-27SEP19-10000-C,69.8,0.022,1.7,3,1555084463498,17751671,273
2019-04-12 15:54:23.498,0.5,sell,5069.95,BTC-27SEP19-10000-C,69.8,0.022,0.5,2,1555084463498,17751670,272
2019-04-12 16:58:01.943,10.0,sell,5083.16,BTC-27SEP19-10000-C,69.63,0.022000000000000002,10.0,3,1555088281943,17752405,274
2019-04-15 04:37:14.746,1.0,sell,5170.04,BTC-27SEP19-10000-C,70.1,0.023,1.0,0,1555303034746,17813109,275
2019-04-15 22:29:12.663,0.2,buy,5046.14,BTC-27SEP19-10000-C,73.34,0.0255,0.2,0,1555367352663,17847440,276
2019-04-16 09:49:39.150,10.0,sell,5083.11,BTC-27SEP19-10000-C,70.4,0.022,10.0,2,1555408179150,17855238,277
2019-04-16 10:00:02.403,10.0,sell,5082.19,BTC-27SEP19-10000-C,70.37,0.022,10.0,3,1555408802403,17855354,278
2019-04-16 12:22:26.274,10.0,buy,5072.17,BTC-27SEP19-10000-C,70.26,0.0215,10.0,2,1555417346274,17856636,279
2019-04-16 17:27:37.156,10.0,sell,5124.53,BTC-27SEP19-10000-C,70.19,0.0225,10.0,0,1555435657156,17866212,280
2019-04-16 17:27:59.141,10.0,sell,5126.13,BTC-27SEP19-10000-C,70.15,0.0225,10.0,1,1555435679141,17866384,281
2019-04-16 18:14:17.716,0.1,buy,5212.21,BTC-27SEP19-10000-C,70.46,0.0245,0.1,0,1555438457716,17875832,282
2019-04-18 14:28:11.460,12.0,buy,5243.75,BTC-27SEP19-10000-C,70.72,0.025,12.0,0,1555597691460,17923764,283
2019-04-20 02:52:09.497,0.3,sell,5295.9,BTC-27SEP19-10000-C,68.95,0.023,0.3,2,1555728729497,17974300,284
2019-04-20 02:53:18.161,0.3,sell,5297.3,BTC-27SEP19-10000-C,68.92,0.023,0.3,3,1555728798161,17974315,285
2019-04-20 03:06:28.150,0.3,sell,5296.78,BTC-27SEP19-10000-C,68.96,0.023,0.3,3,1555729588150,17974500,286
2019-04-20 03:08:15.857,0.5,sell,5296.19,BTC-27SEP19-10000-C,68.97,0.023,0.5,3,1555729695857,17974513,287
2019-04-20 03:09:27.939,0.3,sell,5294.94,BTC-27SEP19-10000-C,68.97,0.023,0.3,3,1555729767939,17974515,288
2019-04-20 03:15:42.334,0.3,sell,5298.65,BTC-27SEP19-10000-C,68.93,0.023,0.3,3,1555730142334,17974649,289
2019-04-20 03:18:03.829,0.3,sell,5297.57,BTC-27SEP19-10000-C,68.95,0.023,0.3,3,1555730283829,17974670,290
2019-04-20 03:19:03.428,0.2,sell,5295.77,BTC-27SEP19-10000-C,68.97,0.023,0.2,3,1555730343428,17974678,291
2019-04-20 04:01:48.052,0.5,sell,5307.22,BTC-27SEP19-10000-C,68.84,0.023,0.5,3,1555732908052,17974851,292
2019-04-20 04:37:58.038,0.5,sell,5310.31,BTC-27SEP19-10000-C,68.82,0.023,0.5,3,1555735078038,17975148,293
2019-04-20 04:39:21.203,0.5,sell,5311.94,BTC-27SEP19-10000-C,68.81,0.023,0.5,3,1555735161203,17975150,294
2019-04-20 04:41:38.420,0.5,sell,5315.41,BTC-27SEP19-10000-C,68.73,0.023,0.5,3,1555735298420,17975195,295
2019-04-20 04:48:55.575,0.3,buy,5323.73,BTC-27SEP19-10000-C,69.0,0.0235,0.3,0,1555735735575,17975384,296
2019-04-20 06:04:59.137,0.1,sell,5333.0,BTC-27SEP19-10000-C,68.83,0.0235,0.1,1,1555740299137,17976835,297
2019-04-20 06:52:09.965,0.1,sell,5321.64,BTC-27SEP19-10000-C,68.98,0.0235,0.1,1,1555743129965,17977546,298
2019-04-20 07:28:30.742,0.2,buy,5328.12,BTC-27SEP19-10000-C,70.02,0.025,0.2,0,1555745310742,17977813,299
2019-04-20 07:52:23.367,1.8,buy,5332.79,BTC-27SEP19-10000-C,69.98,0.025,1.8,1,1555746743367,17978134,300
2019-04-21 02:11:27.330,0.5,sell,5328.03,BTC-27SEP19-10000-C,68.77,0.023,0.5,2,1555812687330,17997412,301
2019-04-21 14:28:23.193,0.5,sell,5261.25,BTC-27SEP19-10000-C,69.83,0.023,0.5,3,1555856903193,18015858,302
2019-04-21 14:29:12.237,0.3,sell,5260.23,BTC-27SEP19-10000-C,69.84,0.023,0.3,3,1555856952237,18015860,303
2019-04-21 14:35:48.421,0.5,sell,5267.09,BTC-27SEP19-10000-C,69.78,0.023,0.5,3,1555857348421,18015943,304
2019-04-21 14:46:04.350,0.5,sell,5270.67,BTC-27SEP19-10000-C,69.75,0.023,0.5,3,1555857964350,18016018,305
2019-04-21 14:49:57.539,0.5,sell,5265.74,BTC-27SEP19-10000-C,69.77,0.023,0.5,3,1555858197539,18016048,306
2019-04-21 14:51:32.376,0.5,sell,5266.58,BTC-27SEP19-10000-C,69.76,0.023,0.5,3,1555858292376,18016053,307
2019-04-21 14:53:16.979,0.5,sell,5271.26,BTC-27SEP19-10000-C,69.74,0.023,0.5,3,1555858396979,18016089,308
2019-04-22 16:24:41.626,1.0,sell,5299.57,BTC-27SEP19-10000-C,70.14,0.024,1.0,0,1555950281626,18051360,309
2019-04-22 16:25:52.823,1.0,sell,5300.22,BTC-27SEP19-10000-C,70.15,0.024,1.0,1,1555950352823,18051429,310
2019-04-22 16:26:55.730,1.0,sell,5299.88,BTC-27SEP19-10000-C,70.13,0.024,1.0,1,1555950415730,18051448,311
2019-04-22 16:27:44.049,1.0,sell,5300.12,BTC-27SEP19-10000-C,70.14,0.024,1.0,1,1555950464049,18051452,312
2019-04-22 16:28:33.580,1.0,sell,5302.56,BTC-27SEP19-10000-C,70.11,0.024,1.0,1,1555950513580,18051472,313
2019-04-22 16:30:16.418,0.8,sell,5299.35,BTC-27SEP19-10000-C,70.14,0.024,0.8,1,1555950616418,18051498,314
2019-04-22 16:30:41.425,0.8,sell,5300.92,BTC-27SEP19-10000-C,70.13,0.024,0.8,1,1555950641425,18051518,315
2019-04-22 17:19:22.440,0.9,sell,5313.49,BTC-27SEP19-10000-C,69.91,0.024,0.9,1,1555953562440,18052231,316
2019-04-22 17:20:36.932,1.0,sell,5314.44,BTC-27SEP19-10000-C,69.91,0.024,1.0,1,1555953636932,18052253,317
2019-04-22 17:21:15.125,1.5,sell,5314.46,BTC-27SEP19-10000-C,69.9,0.024,1.5,1,1555953675125,18052255,318
2019-04-22 17:21:15.125,0.1,sell,5314.46,BTC-27SEP19-10000-C,69.53,0.0235,0.1,2,1555953675125,18052256,319
2019-04-23 12:46:19.854,0.2,sell,5574.04,BTC-27SEP19-10000-C,68.53,0.027000000000000003,0.2,0,1556023579854,18109083,320
2019-04-23 13:19:58.281,0.3,buy,5568.94,BTC-27SEP19-10000-C,68.73,0.027000000000000003,0.3,1,1556025598281,18110009,321
2019-04-23 18:26:14.263,0.5,sell,5597.9,BTC-27SEP19-10000-C,69.74,0.028999999999999998,0.5,0,1556043974263,18120254,322
2019-04-23 21:32:06.207,9.5,sell,5584.61,BTC-27SEP19-10000-C,70.0,0.028999999999999998,9.5,1,1556055126207,18123904,323
2019-04-24 01:16:37.406,0.2,sell,5517.52,BTC-27SEP19-10000-C,69.96,0.0275,0.2,2,1556068597406,18135637,324
2019-04-24 02:41:31.720,0.2,sell,5551.79,BTC-27SEP19-10000-C,69.93,0.027999999999999997,0.2,0,1556073691720,18140569,325
2019-04-24 07:29:35.328,10.0,sell,5576.4,BTC-27SEP19-10000-C,70.36,0.028999999999999998,10.0,0,1556090975328,18149369,326
2019-04-24 07:31:24.085,2.0,buy,5577.04,BTC-27SEP19-10000-C,71.04,0.03,2.0,0,1556091084085,18149518,327
2019-04-24 07:48:36.437,10.0,sell,5463.55,BTC-27SEP19-10000-C,70.33,0.0265,10.0,2,1556092116437,18152850,328
2019-04-24 07:48:55.807,10.0,sell,5445.59,BTC-27SEP19-10000-C,70.19,0.026000000000000002,10.0,2,1556092135807,18153381,329
2019-04-24 07:49:13.122,24.6,sell,5432.67,BTC-27SEP19-10000-C,69.96,0.0255,24.6,2,1556092153122,18153835,330
2019-04-24 07:50:28.236,10.0,sell,5460.95,BTC-27SEP19-10000-C,69.2,0.025,10.0,2,1556092228236,18155901,331
2019-04-24 07:50:28.236,12.0,sell,5460.95,BTC-27SEP19-10000-C,69.2,0.025,12.0,3,1556092228236,18155902,332
2019-04-24 07:53:07.596,3.0,buy,5472.75,BTC-27SEP19-10000-C,70.18,0.0265,3.0,0,1556092387596,18157066,333
2019-04-24 08:00:19.885,10.0,buy,5466.4,BTC-27SEP19-10000-C,70.26,0.0265,10.0,1,1556092819885,18158324,334
2019-04-24 15:56:25.651,0.2,sell,5466.53,BTC-27SEP19-10000-C,69.35,0.025,0.2,2,1556121385651,18181116,335
2019-04-24 16:24:42.337,0.2,sell,5440.98,BTC-27SEP19-10000-C,69.7,0.025,0.2,3,1556123082337,18182189,336
2019-04-24 18:57:47.533,2.6,sell,5394.99,BTC-27SEP19-10000-C,70.33,0.025,2.6,3,1556132267533,18193965,337
2019-04-25 03:28:19.216,0.2,buy,5434.34,BTC-27SEP19-10000-C,69.89,0.025,0.2,3,1556162899216,18205010,338
2019-04-25 22:30:48.384,10.0,sell,5103.07,BTC-27SEP19-10000-C,73.86,0.023,10.0,2,1556231448384,18272499,339
2019-04-25 22:30:48.399,10.0,sell,5103.07,BTC-27SEP19-10000-C,73.47,0.0225,10.0,2,1556231448399,18272500,340
2019-04-26 02:38:57.546,0.1,sell,5249.13,BTC-27SEP19-10000-C,71.12,0.0225,0.1,3,1556246337546,18299950,341
2019-04-26 02:39:04.676,0.1,buy,5250.44,BTC-27SEP19-10000-C,71.49,0.023,0.1,0,1556246344676,18300115,342
2019-04-26 11:15:52.536,2.0,sell,5155.73,BTC-27SEP19-10000-C,72.14,0.022000000000000002,2.0,2,1556277352536,18325337,343
2019-04-26 11:16:03.131,8.0,sell,5156.76,BTC-27SEP19-10000-C,72.12,0.022000000000000002,8.0,3,1556277363131,18325340,344
2019-04-26 15:06:31.665,10.0,buy,5165.94,BTC-27SEP19-10000-C,72.46,0.0225,10.0,0,1556291191665,18331347,345
2019-04-26 16:56:25.197,10.0,buy,5094.7,BTC-27SEP19-10000-C,73.41,0.0225,10.0,1,1556297785197,18341328,346
2019-04-26 20:38:14.477,1.0,sell,5116.36,BTC-27SEP19-10000-C,71.03,0.02,1.0,2,1556311094477,18347204,347
2019-04-26 22:16:23.117,10.0,buy,5158.22,BTC-27SEP19-10000-C,72.52,0.0225,10.0,0,1556316983117,18352069,348
2019-04-27 10:26:56.926,0.2,sell,5152.71,BTC-27SEP19-10000-C,71.26,0.0205,0.2,2,1556360816926,18362357,349
2019-04-29 10:33:28.045,10.0,sell,5130.92,BTC-27SEP19-10000-C,72.28,0.0205,10.0,3,1556534008045,18414319,350
2019-04-29 13:33:35.195,0.2,buy,5131.91,BTC-27SEP19-10000-C,72.76,0.021,0.2,0,1556544815195,18425552,351
2019-04-29 17:37:10.522,0.1,buy,5169.8,BTC-27SEP19-10000-C,72.66,0.0215,0.1,0,1556559430522,18431937,352
2019-04-30 08:09:23.376,10.0,buy,5147.96,BTC-27SEP19-10000-C,72.34,0.0205,10.0,2,1556611763376,18451377,353
2019-04-30 10:14:21.492,0.1,buy,5178.17,BTC-27SEP19-10000-C,71.9,0.0205,0.1,3,1556619261492,18455419,355
2019-04-30 10:14:21.492,0.3,buy,5178.17,BTC-27SEP19-10000-C,71.9,0.0205,0.3,3,1556619261492,18455418,354
2019-04-30 10:22:23.596,10.0,sell,5177.42,BTC-27SEP19-10000-C,71.88,0.0205,10.0,3,1556619743596,18457613,356
2019-04-30 12:44:55.775,10.0,sell,5212.37,BTC-27SEP19-10000-C,71.9,0.021,10.0,0,1556628295775,18463411,357
2019-04-30 12:47:23.005,10.0,sell,5212.4,BTC-27SEP19-10000-C,71.9,0.021,10.0,1,1556628443005,18463555,358
2019-04-30 12:48:03.769,10.0,sell,5211.83,BTC-27SEP19-10000-C,71.9,0.021,10.0,1,1556628483769,18463560,359
2019-04-30 12:50:05.130,9.6,sell,5214.88,BTC-27SEP19-10000-C,71.89,0.021,9.6,1,1556628605130,18463607,360
2019-04-30 13:48:17.320,0.1,buy,5255.49,BTC-27SEP19-10000-C,72.09,0.022000000000000002,0.1,0,1556632097320,18471104,361
2019-05-01 02:22:02.954,0.1,buy,5327.31,BTC-27SEP19-10000-C,71.74,0.0225,0.1,0,1556677322954,18495084,362
2019-05-02 06:24:25.384,0.3,buy,5326.8,BTC-27SEP19-10000-C,71.9,0.022000000000000002,0.3,2,1556778265384,18533361,363
2019-05-02 09:00:25.338,15.0,buy,5373.12,BTC-27SEP19-10000-C,73.09,0.0245,15.0,0,1556787625338,18540857,364
2019-05-02 09:21:05.407,6.9,sell,5360.73,BTC-27SEP19-10000-C,72.16,0.023,6.9,2,1556788865407,18543439,365
2019-05-02 11:22:55.279,15.0,buy,5366.27,BTC-27SEP19-10000-C,73.23,0.0245,15.0,0,1556796175279,18546605,366
2019-05-02 13:58:46.172,10.0,buy,5368.81,BTC-27SEP19-10000-C,71.79,0.0225,10.0,2,1556805526172,18551709,367
2019-05-02 13:59:37.778,10.0,sell,5373.85,BTC-27SEP19-10000-C,71.69,0.0225,10.0,3,1556805577778,18551797,368
2019-05-02 13:59:49.458,10.0,sell,5374.81,BTC-27SEP19-10000-C,71.69,0.0225,10.0,3,1556805589458,18551831,369
2019-05-02 13:59:52.354,10.0,sell,5374.03,BTC-27SEP19-10000-C,71.69,0.0225,10.0,3,1556805592354,18551832,370
2019-05-02 14:00:00.027,10.0,sell,5374.54,BTC-27SEP19-10000-C,71.69,0.0225,10.0,3,1556805600027,18551841,371
2019-05-02 14:11:21.357,0.1,buy,5366.83,BTC-27SEP19-10000-C,72.59,0.0235,0.1,0,1556806281357,18552311,372
2019-05-02 14:11:21.357,9.0,buy,5366.83,BTC-27SEP19-10000-C,72.59,0.0235,9.0,1,1556806281357,18552312,373
2019-05-02 14:12:04.184,1.0,buy,5363.74,BTC-27SEP19-10000-C,72.65,0.0235,1.0,1,1556806324184,18552371,374
2019-05-02 14:12:04.680,1.0,sell,5363.17,BTC-27SEP19-10000-C,72.64,0.0235,1.0,1,1556806324680,18552372,375
2019-05-03 04:04:30.666,10.0,sell,5454.67,BTC-27SEP19-10000-C,71.23,0.0235,10.0,1,1556856270666,18593861,376
2019-05-03 04:35:54.971,1.0,buy,5479.51,BTC-27SEP19-10000-C,71.2,0.024,1.0,0,1556858154971,18594802,377
2019-05-03 04:35:54.973,9.0,buy,5479.51,BTC-27SEP19-10000-C,71.2,0.024,9.0,1,1556858154973,18594803,378
2019-05-03 04:35:55.047,10.0,sell,5479.51,BTC-27SEP19-10000-C,71.2,0.024,10.0,1,1556858155047,18594804,379
2019-05-03 04:36:31.832,1.7,sell,5480.74,BTC-27SEP19-10000-C,71.19,0.024,1.7,1,1556858191832,18595016,380
2019-05-03 12:16:55.902,0.1,buy,5705.02,BTC-27SEP19-10000-C,71.0,0.028999999999999998,0.1,0,1556885815902,18673835,381
2019-05-05 16:03:59.929,10.0,sell,5704.19,BTC-27SEP19-10000-C,71.64,0.0295,10.0,0,1557072239929,18880364,382
2019-05-05 16:03:59.941,10.0,sell,5704.19,BTC-27SEP19-10000-C,71.3,0.028999999999999998,10.0,2,1557072239941,18880366,383
2019-05-05 16:04:05.434,4.0,sell,5704.22,BTC-27SEP19-10000-C,70.62,0.027999999999999997,4.0,3,1557072245434,18880371,385
2019-05-05 16:04:05.434,1.0,sell,5704.22,BTC-27SEP19-10000-C,70.62,0.027999999999999997,1.0,2,1557072245434,18880370,384
2019-05-05 18:15:23.959,0.1,buy,5677.92,BTC-27SEP19-10000-C,74.09,0.0325,0.1,0,1557080123959,18890026,386
2019-05-05 20:58:17.904,0.1,buy,5758.54,BTC-27SEP19-10000-C,73.28,0.033,0.1,0,1557089897904,18899571,387
2019-05-06 00:34:25.587,0.2,sell,5691.85,BTC-27SEP19-10000-C,72.95,0.031,0.2,2,1557102865587,18909708,388
2019-05-06 03:20:51.305,10.0,sell,5633.63,BTC-27SEP19-10000-C,71.52,0.0275,10.0,2,1557112851305,18929902,389
2019-05-06 05:02:10.174,0.1,buy,5652.69,BTC-27SEP19-10000-C,71.98,0.0285,0.1,0,1557118930174,18933236,390
2019-05-06 13:32:11.059,18.0,buy,5634.94,BTC-27SEP19-10000-C,73.35,0.03,18.0,0,1557149531059,18951986,391
2019-05-06 13:32:11.059,15.0,buy,5634.94,BTC-27SEP19-10000-C,73.35,0.03,15.0,1,1557149531059,18951987,392
2019-05-06 13:32:11.129,9.1,sell,5634.94,BTC-27SEP19-10000-C,73.69,0.0305,9.1,0,1557149531129,18951997,393
2019-05-06 13:37:31.446,10.0,sell,5631.41,BTC-27SEP19-10000-C,72.32,0.0285,10.0,2,1557149851446,18952150,394
2019-05-06 13:37:35.190,10.0,sell,5631.41,BTC-27SEP19-10000-C,71.97,0.027999999999999997,10.0,2,1557149855190,18952152,395
2019-05-06 16:10:10.608,10.0,sell,5693.05,BTC-27SEP19-10000-C,71.66,0.028999999999999998,10.0,0,1557159010608,18959378,396
2019-05-06 16:30:44.075,7.0,sell,5701.73,BTC-27SEP19-10000-C,71.57,0.028999999999999998,7.0,1,1557160244075,18961737,397
2019-05-06 16:48:50.109,10.0,buy,5716.27,BTC-27SEP19-10000-C,71.71,0.0295,10.0,0,1557161330109,18963944,398
2019-05-06 20:36:39.500,0.1,buy,5697.21,BTC-27SEP19-10000-C,72.27,0.03,0.1,0,1557174999500,18980741,399
2019-05-07 04:49:20.014,1.0,buy,5866.64,BTC-27SEP19-10000-C,72.75,0.0345,1.0,0,1557204560014,19025587,400
2019-05-09 14:02:11.090,10.0,sell,5998.77,BTC-27SEP19-10000-C,72.51,0.0345,10.0,1,1557410531090,19249015,401
2019-05-09 20:18:04.777,4.9,buy,6066.53,BTC-27SEP19-10000-C,73.81,0.038,4.9,0,1557433084777,19261781,402
2019-05-09 20:22:52.626,10.0,sell,6063.74,BTC-27SEP19-10000-C,73.87,0.038,10.0,1,1557433372626,19261879,403
2019-05-09 20:32:31.629,4.9,buy,6072.97,BTC-27SEP19-10000-C,74.0,0.0385,4.9,0,1557433951629,19262369,404
2019-05-09 20:32:31.631,14.0,sell,6072.97,BTC-27SEP19-10000-C,74.3,0.039,14.0,0,1557433951631,19262370,405
2019-05-09 20:32:51.616,8.2,sell,6072.97,BTC-27SEP19-10000-C,74.31,0.039,8.2,1,1557433971616,19262383,406
2019-05-10 03:45:52.537,1.0,buy,6266.75,BTC-27SEP19-10000-C,73.6,0.0425,1.0,0,1557459952537,19310168,407
2019-05-10 13:56:11.442,2.0,sell,6265.46,BTC-27SEP19-10000-C,73.12,0.040999999999999995,2.0,2,1557496571442,19358983,408
2019-05-10 16:44:13.017,5.0,sell,6374.58,BTC-27SEP19-10000-C,72.92,0.0435,5.0,0,1557506653017,19375621,409
2019-05-11 02:37:42.976,4.0,buy,6463.32,BTC-27SEP19-10000-C,74.51,0.0485,4.0,0,1557542262976,19430106,410
2019-05-11 02:43:26.661,4.0,buy,6470.08,BTC-27SEP19-10000-C,74.69,0.049,4.0,0,1557542606661,19430434,411
2019-05-11 02:44:36.583,18.0,buy,6459.83,BTC-27SEP19-10000-C,75.35,0.05,18.0,0,1557542676583,19430515,412
2019-05-11 05:37:31.712,0.1,buy,6685.66,BTC-27SEP19-10000-C,75.33,0.057,0.1,0,1557553051712,19470157,413
2019-05-11 07:16:27.537,49.0,sell,6818.82,BTC-27SEP19-10000-C,69.79,0.0495,49.0,2,1557558987537,19522347,415
2019-05-11 07:16:27.537,1.0,sell,6818.82,BTC-27SEP19-10000-C,70.31,0.0505,1.0,2,1557558987537,19522346,414
2019-05-11 07:18:21.277,18.6,sell,6807.33,BTC-27SEP19-10000-C,69.46,0.0485,18.6,2,1557559101277,19522800,416
2019-05-11 07:19:17.193,0.1,buy,6816.48,BTC-27SEP19-10000-C,73.74,0.057,0.1,0,1557559157193,19522930,417
2019-05-11 10:47:03.102,0.1,buy,6820.75,BTC-27SEP19-10000-C,74.77,0.06,0.1,0,1557571623102,19553211,418
2019-05-11 10:58:48.860,0.9,buy,6841.25,BTC-27SEP19-10000-C,74.47,0.06,0.9,1,1557572328860,19554034,419
2019-05-11 14:54:14.679,9.0,sell,6790.55,BTC-27SEP19-10000-C,76.23,0.063,9.0,0,1557586454679,19575764,420
2019-05-11 16:19:07.897,1.0,buy,7006.37,BTC-27SEP19-10000-C,76.05,0.07,1.0,0,1557591547897,19598569,421
2019-05-11 16:44:56.076,15.0,buy,6958.05,BTC-27SEP19-10000-C,79.27,0.0755,15.0,0,1557593096076,19606541,422
2019-05-11 17:43:35.445,40.0,buy,6963.87,BTC-27SEP19-10000-C,79.39,0.076,40.0,0,1557596615445,19616864,423
2019-05-11 17:44:26.531,10.0,buy,6965.61,BTC-27SEP19-10000-C,79.59,0.0765,10.0,0,1557596666531,19616875,424
2019-05-11 18:44:59.604,0.5,sell,6989.01,BTC-27SEP19-10000-C,76.52,0.0705,0.5,2,1557600299604,19627163,425
2019-05-11 21:01:16.157,1.0,sell,6962.74,BTC-27SEP19-10000-C,77.09,0.071,1.0,0,1557608476157,19638324,426
2019-05-11 21:01:34.416,15.0,sell,6961.04,BTC-27SEP19-10000-C,76.87,0.0705,15.0,2,1557608494416,19638350,427
2019-05-11 21:01:48.102,5.0,sell,6960.88,BTC-27SEP19-10000-C,76.67,0.07,5.0,2,1557608508102,19638368,428
2019-05-11 21:53:16.158,3.2,buy,7038.96,BTC-27SEP19-10000-C,77.59,0.0745,3.2,0,1557611596158,19644609,429
2019-05-11 21:53:20.710,3.2,sell,7038.68,BTC-27SEP19-10000-C,78.26,0.076,3.2,0,1557611600710,19644620,430
2019-05-11 21:56:37.249,3.6,buy,7047.77,BTC-27SEP19-10000-C,78.38,0.0765,3.6,0,1557611797249,19645094,431
2019-05-11 21:59:18.694,10.0,buy,7076.36,BTC-27SEP19-10000-C,77.93,0.0765,10.0,1,1557611958694,19646633,432
2019-05-11 22:00:09.119,1.1,buy,7078.49,BTC-27SEP19-10000-C,78.09,0.077,1.1,0,1557612009119,19647003,433
2019-05-11 22:04:18.988,0.9,buy,7138.8,BTC-27SEP19-10000-C,78.57,0.08,0.9,0,1557612258988,19649780,434
2019-05-11 22:34:42.193,0.1,buy,7318.22,BTC-27SEP19-10000-C,74.92,0.08,0.1,1,1557614082193,19673772,435
2019-05-11 22:52:01.131,1.0,buy,7269.92,BTC-27SEP19-10000-C,80.53,0.09,1.0,0,1557615121131,19687543,436
2019-05-12 00:38:18.210,5.9,buy,6969.44,BTC-27SEP19-10000-C,79.0,0.075,5.9,2,1557621498210,19754910,437
2019-05-12 00:52:39.832,7.0,buy,7069.95,BTC-27SEP19-10000-C,87.77,0.098,7.0,0,1557622359832,19764030,438
2019-05-12 00:53:28.771,23.0,sell,7091.45,BTC-27SEP19-10000-C,87.5,0.098,23.0,1,1557622408771,19764310,439
2019-05-12 04:07:07.276,0.2,buy,7181.88,BTC-27SEP19-10000-C,86.95,0.1,0.2,0,1557634027276,19802208,440
2019-05-12 04:08:45.076,0.2,buy,7190.64,BTC-27SEP19-10000-C,86.84,0.1,0.2,1,1557634125076,19802290,441
2019-05-12 07:07:09.445,0.5,buy,7440.84,BTC-27SEP19-10000-C,83.45,0.1,0.5,1,1557644829445,19828456,442
2019-05-12 07:21:14.719,1.0,sell,7496.89,BTC-27SEP19-10000-C,78.96,0.0915,1.0,2,1557645674719,19834395,443
2019-05-12 08:06:09.342,0.1,buy,7569.02,BTC-27SEP19-10000-C,81.64,0.1,0.1,0,1557648369342,19844045,444
2019-05-12 08:10:33.715,0.2,buy,7551.35,BTC-27SEP19-10000-C,86.22,0.11,0.2,0,1557648633715,19844861,445
2019-05-12 09:56:58.168,0.5,sell,7374.55,BTC-27SEP19-10000-C,80.2,0.09,0.5,2,1557655018168,19894772,446
2019-05-12 11:14:01.554,10.0,buy,7269.89,BTC-27SEP19-10000-C,85.66,0.099,10.0,0,1557659641554,19926183,447
2019-05-12 14:55:51.869,0.5,sell,6977.7,BTC-27SEP19-10000-C,81.15,0.08,0.5,2,1557672951869,19994472,448
2019-05-12 14:57:47.524,4.6000000000000005,sell,6966.59,BTC-27SEP19-10000-C,76.58,0.0695,4.6000000000000005,2,1557673067524,19996151,449
2019-05-12 15:14:42.481,10.2,sell,7004.12,BTC-27SEP19-10000-C,76.84,0.0715,10.2,0,1557674082481,20004986,450
2019-05-12 17:32:49.451,1.0,sell,6921.21,BTC-27SEP19-10000-C,78.31,0.07200000000000001,1.0,0,1557682369451,20041416,451
2019-05-12 20:24:22.176,1.0,buy,7076.96,BTC-27SEP19-10000-C,80.28,0.081,1.0,0,1557692662176,20071607,452
2019-05-12 23:05:39.077,15.0,sell,6916.52,BTC-27SEP19-10000-C,80.03,0.075,15.0,2,1557702339077,20102491,453
2019-05-13 04:23:28.735,15.0,buy,7042.74,BTC-27SEP19-10000-C,81.45,0.0825,15.0,0,1557721408735,20128357,454
2019-05-13 04:23:28.735,35.0,buy,7042.74,BTC-27SEP19-10000-C,81.45,0.0825,35.0,1,1557721408735,20128358,455
2019-05-13 06:43:33.482,0.3,buy,7076.4,BTC-27SEP19-10000-C,82.08,0.085,0.3,0,1557729813482,20138910,456
2019-05-13 12:26:20.748,0.5,sell,7314.45,BTC-27SEP19-10000-C,79.64,0.0875,0.5,0,1557750380748,20173511,457
2019-05-13 13:08:56.397,0.5,sell,7364.41,BTC-27SEP19-10000-C,78.89,0.0875,0.5,1,1557752936397,20180130,458
2019-05-13 14:58:29.823,15.0,sell,7498.23,BTC-27SEP19-10000-C,79.78,0.094,15.0,0,1557759509823,20203299,459
2019-05-13 14:58:36.141,85.0,sell,7501.43,BTC-27SEP19-10000-C,79.73,0.094,85.0,1,1557759516141,20203312,460
2019-05-13 15:09:30.145,5.0,buy,7691.98,BTC-27SEP19-10000-C,77.36,0.0965,5.0,0,1557760170145,20210422,461
2019-05-13 15:13:35.490,4.2,buy,7833.58,BTC-27SEP19-10000-C,81.19,0.1115,4.2,0,1557760415490,20217841,462
2019-05-13 16:06:18.262,1.0,buy,7928.16,BTC-27SEP19-10000-C,80.72,0.1135,1.0,0,1557763578262,20251136,463
2019-05-13 17:09:43.275,0.2,buy,7909.3,BTC-27SEP19-10000-C,82.99,0.11800000000000001,0.2,0,1557767383275,20273824,464
2019-05-13 17:12:18.310,0.6,buy,7927.99,BTC-27SEP19-10000-C,82.66,0.118,0.6,1,1557767538310,20274149,465
2019-05-13 17:12:59.485,1.0,buy,7951.11,BTC-27SEP19-10000-C,82.29,0.118,1.0,1,1557767579485,20274356,466
2019-05-13 17:12:59.527,1.0,buy,7951.11,BTC-27SEP19-10000-C,82.29,0.11800000000000001,1.0,1,1557767579527,20274358,467
2019-05-13 17:14:28.746,0.2,buy,7964.4,BTC-27SEP19-10000-C,82.05,0.11800000000000001,0.2,1,1557767668746,20275084,468
2019-05-13 17:14:40.487,7.0,buy,7965.18,BTC-27SEP19-10000-C,81.99,0.11800000000000001,7.0,1,1557767680487,20275236,469
2019-05-13 22:00:59.866,1.0,buy,8105.38,BTC-27SEP19-10000-C,88.73,0.14,1.0,0,1557784859866,20331244,470
2019-05-13 22:03:24.351,10.0,buy,8149.39,BTC-27SEP19-10000-C,90.13,0.145,10.0,0,1557785004351,20332051,471
2019-05-13 22:13:38.087,2.4,buy,8099.66,BTC-27SEP19-10000-C,92.66,0.1495,2.4,0,1557785618087,20334119,472
2019-05-13 22:13:38.087,2.6,buy,8099.66,BTC-27SEP19-10000-C,92.66,0.1495,2.6,1,1557785618087,20334120,473
2019-05-13 22:32:14.455,4.0,buy,8093.05,BTC-27SEP19-10000-C,93.49,0.151,4.0,0,1557786734455,20338098,474
2019-05-13 22:38:59.966,10.0,sell,8082.44,BTC-27SEP19-10000-C,91.98,0.147,10.0,2,1557787139966,20338937,475
2019-05-13 23:02:07.578,0.8,sell,7828.0,BTC-27SEP19-10000-C,91.94,0.13699999999999998,0.8,2,1557788527578,20346746,476
2019-05-13 23:03:22.064,1.5,sell,7849.48,BTC-27SEP19-10000-C,89.73,0.133,1.5,2,1557788602064,20348149,477
2019-05-13 23:06:44.144,0.2,buy,7845.24,BTC-27SEP19-10000-C,91.75,0.13699999999999998,0.2,0,1557788804144,20350090,478
2019-05-13 23:10:53.585,5.2,sell,7647.06,BTC-27SEP19-10000-C,90.84,0.1285,5.2,2,1557789053585,20355221,479
2019-05-14 01:50:52.574,0.2,buy,7983.66,BTC-27SEP19-10000-C,93.96,0.14800000000000002,0.2,0,1557798652574,20394257,480
2019-05-14 03:30:32.550,2.0,sell,7930.25,BTC-27SEP19-10000-C,93.01,0.1445,2.0,2,1557804632550,20408698,481
2019-05-14 03:31:02.825,2.0,sell,7935.12,BTC-27SEP19-10000-C,92.51,0.1435,2.0,2,1557804662825,20408725,482
2019-05-14 03:37:24.726,0.2,buy,7971.51,BTC-27SEP19-10000-C,93.83,0.14800000000000002,0.2,0,1557805044726,20409456,483
2019-05-14 03:47:10.509,0.2,buy,7971.09,BTC-27SEP19-10000-C,93.81,0.14800000000000002,0.2,1,1557805630509,20410202,484
2019-05-14 04:12:34.364,0.1,buy,8009.51,BTC-27SEP19-10000-C,93.09,0.14800000000000002,0.1,1,1557807154364,20413735,485
2019-05-14 07:04:04.147,9.3,buy,8099.69,BTC-27SEP19-10000-C,91.19,0.14800000000000002,9.3,1,1557817444147,20439613,486
2019-05-14 07:22:24.041,10.0,buy,8129.34,BTC-27SEP19-10000-C,92.96,0.1535,10.0,0,1557818544041,20446239,487
2019-05-14 08:28:17.284,0.2,buy,8235.81,BTC-27SEP19-10000-C,95.3,0.1625,0.2,0,1557822497284,20468885,488
2019-05-14 08:53:38.405,5.0,sell,8067.69,BTC-27SEP19-10000-C,95.03,0.1555,5.0,2,1557824018405,20475941,489
2019-05-14 08:53:41.630,5.0,sell,8055.91,BTC-27SEP19-10000-C,95.14,0.1555,5.0,3,1557824021630,20476014,490
2019-05-14 08:54:02.051,5.0,sell,8024.52,BTC-27SEP19-10000-C,95.59,0.155,5.0,2,1557824042051,20476639,491
2019-05-14 08:54:59.385,5.0,sell,8016.55,BTC-27SEP19-10000-C,95.66,0.155,5.0,3,1557824099385,20477548,492
2019-05-14 08:55:09.712,5.0,sell,7986.35,BTC-27SEP19-10000-C,95.92,0.1545,5.0,2,1557824109712,20477773,493
2019-05-14 08:55:16.255,5.0,sell,7969.89,BTC-27SEP19-10000-C,96.28,0.1545,5.0,3,1557824116255,20477939,494
2019-05-14 10:27:37.871,1.0,sell,7997.23,BTC-27SEP19-10000-C,94.91,0.152,1.0,2,1557829657871,20500253,495
2019-05-14 10:34:40.334,0.1,sell,7966.08,BTC-27SEP19-10000-C,95.47,0.152,0.1,3,1557830080334,20501809,496
2019-05-14 13:58:07.740,5.0,sell,8154.23,BTC-27SEP19-10000-C,92.92,0.1525,5.0,0,1557842287740,20524321,497
2019-05-14 14:14:45.015,4.0,sell,8177.51,BTC-27SEP19-10000-C,92.52,0.1525,4.0,1,1557843285015,20525560,498
2019-05-14 14:15:21.047,1.0,buy,8180.44,BTC-27SEP19-10000-C,92.52,0.1525,1.0,1,1557843321047,20525582,499
2019-05-14 14:15:58.716,5.0,buy,8179.96,BTC-27SEP19-10000-C,92.9,0.1535,5.0,0,1557843358716,20525624,500
2019-05-14 14:45:01.888,8.9,sell,7993.52,BTC-27SEP19-10000-C,95.45,0.152,8.9,2,1557845101888,20533203,501
2019-05-14 15:07:57.058,10.0,sell,8028.28,BTC-27SEP19-10000-C,94.85,0.1515,10.0,2,1557846477058,20537284,502
2019-05-14 17:51:26.886,5.0,buy,7961.3,BTC-27SEP19-10000-C,91.22,0.14,5.0,2,1557856286886,20569439,503
2019-05-14 17:52:07.710,0.5,buy,7975.23,BTC-27SEP19-10000-C,90.98,0.14,0.5,3,1557856327710,20569551,504
2019-05-14 17:57:36.017,6.2,buy,8027.7,BTC-27SEP19-10000-C,90.16,0.14,6.2,3,1557856656017,20570661,505
2019-05-15 00:06:03.473,1.0,buy,8068.62,BTC-27SEP19-10000-C,88.88,0.1385,1.0,2,1557878763473,20642720,506
2019-05-15 03:08:19.388,5.0,sell,8053.37,BTC-27SEP19-10000-C,91.32,0.14400000000000002,5.0,0,1557889699388,20664173,507
2019-05-15 04:22:55.306,1.0,buy,8014.93,BTC-27SEP19-10000-C,91.06,0.142,1.0,2,1557894175306,20667336,508
2019-05-15 10:01:59.179,5.0,buy,8120.04,BTC-27SEP19-10000-C,94.58,0.1545,5.0,0,1557914519179,20692091,509
2019-05-16 10:15:16.607,1.1,sell,7805.55,BTC-27SEP19-10000-C,94.68,0.1425,1.1,2,1558001716607,20901016,510
2019-05-17 02:55:37.065,2.0,sell,7669.59,BTC-27SEP19-10000-C,94.55,0.136,2.0,2,1558061737065,21019657,511
2019-05-17 02:56:14.292,2.0,sell,7645.9,BTC-27SEP19-10000-C,94.59,0.135,2.0,2,1558061774292,21019872,512
2019-05-17 03:47:54.082,10.0,buy,7249.66,BTC-27SEP19-10000-C,95.59,0.12300000000000001,10.0,2,1558064874082,21083690,513
2019-05-17 03:48:24.423,10.0,buy,7278.97,BTC-27SEP19-10000-C,95.6,0.124,10.0,0,1558064904423,21083957,514
2019-05-17 09:51:31.664,3.2,buy,7274.22,BTC-27SEP19-10000-C,96.68,0.1265,3.2,0,1558086691664,21139384,515
2019-05-17 11:45:16.023,0.4,sell,7125.0,BTC-27SEP19-10000-C,90.56,0.1075,0.4,2,1558093516023,21153183,516
2019-05-17 14:22:20.966,0.5,buy,7218.32,BTC-27SEP19-10000-C,98.48,0.1295,0.5,0,1558102940966,21182512,517
2019-05-17 17:30:48.943,3.0,buy,7036.17,BTC-27SEP19-10000-C,98.51,0.1225,3.0,2,1558114248943,21206287,518
2019-05-17 21:39:00.562,1.0,buy,7243.98,BTC-27SEP19-10000-C,96.33,0.1245,1.0,0,1558129140562,21236399,519
2019-05-18 14:32:33.739,3.0,sell,7352.77,BTC-27SEP19-10000-C,97.77,0.127,3.0,0,1558189953739,21301940,520
2019-05-18 14:33:44.909,2.0,sell,7355.42,BTC-27SEP19-10000-C,97.71,0.127,2.0,1,1558190024909,21301958,521
2019-05-18 17:02:17.630,1.0,buy,7326.46,BTC-27SEP19-10000-C,98.81,0.1285,1.0,0,1558198937630,21306708,522
2019-05-18 17:15:56.927,1.0,sell,7315.28,BTC-27SEP19-10000-C,95.37,0.12,1.0,2,1558199756927,21309847,523
2019-05-18 18:12:18.463,0.2,sell,7279.92,BTC-27SEP19-10000-C,94.42,0.1165,0.2,2,1558203138463,21311760,524
2019-05-19 07:32:32.102,2.4,buy,7970.85,BTC-27SEP19-10000-C,97.19,0.1505,2.4,0,1558251152102,21382128,525
2019-05-19 10:57:37.221,1.0,sell,8087.19,BTC-27SEP19-10000-C,95.45,0.15,1.0,2,1558263457221,21399099,526
2019-05-19 12:31:45.721,0.2,sell,7911.88,BTC-27SEP19-10000-C,91.56,0.1345,0.2,2,1558269105721,21411440,527
2019-05-19 16:31:53.056,2.1,buy,7902.69,BTC-27SEP19-10000-C,96.09,0.14800000000000002,2.1,0,1558283513056,21436111,528
2019-05-19 19:39:56.679,4.8,sell,8017.13,BTC-27SEP19-10000-C,91.5,0.1415,4.8,2,1558294796679,21447915,529
2019-05-19 19:40:09.564,0.5,sell,8012.06,BTC-27SEP19-10000-C,90.33,0.1385,0.5,2,1558294809564,21447946,530
2019-05-19 22:23:48.672,18.2,sell,8055.61,BTC-27SEP19-10000-C,93.47,0.1475,18.2,0,1558304628672,21460675,531
2019-05-19 22:23:50.373,6.8,sell,8055.28,BTC-27SEP19-10000-C,93.51,0.1475,6.8,1,1558304630373,21460676,532
2019-05-19 22:36:59.442,17.900000000000006,sell,8143.27,BTC-27SEP19-10000-C,92.93,0.15,17.900000000000006,0,1558305419442,21462240,533
2019-05-19 22:36:59.724,2.1,sell,8143.27,BTC-27SEP19-10000-C,92.93,0.15,2.1,1,1558305419724,21462241,534
2019-05-19 22:55:27.561,5.0,buy,8198.6,BTC-27SEP19-10000-C,94.82,0.157,5.0,0,1558306527561,21471047,535
2019-05-19 23:05:55.912,2.0,sell,8288.81,BTC-27SEP19-10000-C,94.53,0.161,2.0,0,1558307155912,21474653,536
2019-05-19 23:16:20.183,2.1,buy,8258.04,BTC-27SEP19-10000-C,95.63,0.1625,2.1,0,1558307780183,21479113,537
2019-05-20 03:00:25.942,10.0,sell,7920.36,BTC-27SEP19-10000-C,93.21,0.14300000000000002,10.0,2,1558321225942,21517396,538
2019-05-20 05:47:17.526,1.0,sell,7966.97,BTC-27SEP19-10000-C,89.53,0.136,1.0,2,1558331237526,21532044,539
2019-05-20 08:46:57.277,2.5,buy,7873.05,BTC-27SEP19-10000-C,89.93,0.133,2.5,2,1558342017277,21549250,540
2019-05-20 09:00:20.811,4.0,buy,7901.69,BTC-27SEP19-10000-C,90.3,0.135,4.0,0,1558342820811,21553593,541
2019-05-20 09:01:24.910,0.5,sell,7934.06,BTC-27SEP19-10000-C,88.89,0.133,0.5,2,1558342884910,21554012,542
2019-05-20 11:09:09.392,1.0,sell,7881.56,BTC-27SEP19-10000-C,89.92,0.133,1.0,3,1558350549392,21562978,543
2019-05-20 13:46:14.007,1.0,buy,7735.32,BTC-27SEP19-10000-C,91.21,0.13,1.0,2,1558359974007,21589149,544
2019-05-20 15:58:30.408,1.0,buy,7849.61,BTC-27SEP19-10000-C,91.09,0.134,1.0,0,1558367910408,21599137,545
2019-05-20 16:09:06.268,2.0,buy,7857.31,BTC-27SEP19-10000-C,90.97,0.134,2.0,1,1558368546268,21600174,546
2019-05-20 17:35:22.858,4.2,sell,7788.61,BTC-27SEP19-10000-C,90.04,0.129,4.2,2,1558373722858,21605556,547
2019-05-21 00:03:01.603,1.0,buy,8019.06,BTC-27SEP19-10000-C,94.17,0.147,1.0,0,1558396981603,21653061,548
2019-05-21 00:03:15.122,3.0,sell,8020.09,BTC-27SEP19-10000-C,94.42,0.1475,3.0,0,1558396995122,21653072,549
2019-05-21 00:03:21.089,3.0,sell,8024.72,BTC-27SEP19-10000-C,94.33,0.1475,3.0,1,1558397001089,21653082,550
2019-05-21 00:03:24.901,3.0,sell,8026.93,BTC-27SEP19-10000-C,94.3,0.1475,3.0,1,1558397004901,21653083,551
2019-05-21 18:55:47.815,7.0,buy,8036.16,BTC-27SEP19-10000-C,88.97,0.135,7.0,2,1558464947815,21717938,552
2019-05-22 21:48:37.639,1.0,sell,7674.79,BTC-27SEP19-10000-C,88.52,0.1195,1.0,2,1558561717639,21825151,553
2019-05-23 02:33:16.612,10.0,buy,7662.82,BTC-27SEP19-10000-C,88.59,0.119,10.0,2,1558578796612,21862576,554
2019-05-23 02:33:16.612,60.0,buy,7662.82,BTC-27SEP19-10000-C,88.59,0.119,60.0,3,1558578796612,21862577,555
2019-05-23 04:26:13.717,5.0,buy,7654.43,BTC-27SEP19-10000-C,88.93,0.1195,5.0,0,1558585573717,21866780,556
2019-05-23 05:58:26.036,0.2,buy,7628.02,BTC-27SEP19-10000-C,88.95,0.1185,0.2,2,1558591106036,21870944,557
2019-05-23 14:06:30.515,1.0,buy,7705.63,BTC-27SEP19-10000-C,87.93,0.1185,1.0,3,1558620390515,21902866,558
2019-05-23 15:28:54.738,2.0,buy,7804.91,BTC-27SEP19-10000-C,85.59,0.1155,2.0,2,1558625334738,21911922,559
2019-05-23 19:54:16.894,0.2,buy,7775.21,BTC-27SEP19-10000-C,90.22,0.1245,0.2,0,1558641256894,21928829,560
2019-05-24 15:15:43.727,3.0,buy,8120.84,BTC-27SEP19-10000-C,88.14,0.135,3.0,0,1558710943727,21996360,561
2019-05-24 23:21:35.902,1.4,sell,8000.31,BTC-27SEP19-10000-C,85.78,0.1245,1.4,2,1558740095902,22027144,562
2019-05-25 11:20:35.922,1.0,buy,8146.84,BTC-27SEP19-10000-C,85.67,0.13,1.0,0,1558783235922,22051436,563
2019-05-25 13:13:56.063,0.1,sell,8067.5,BTC-27SEP19-10000-C,85.05,0.125,0.1,2,1558790036063,22056073,564
2019-05-25 15:36:11.711,0.2,sell,8085.73,BTC-27SEP19-10000-C,85.47,0.1275,0.2,0,1558798571711,22061910,565
2019-05-26 11:34:05.616,1.0,buy,7919.47,BTC-27SEP19-10000-C,86.88,0.123,1.0,2,1558870445616,22099212,566
2019-05-26 19:33:42.935,1.0,buy,8364.25,BTC-27SEP19-10000-C,82.08,0.13,1.0,0,1558899222935,22131487,567
2019-05-26 19:42:59.458,0.9,buy,8428.68,BTC-27SEP19-10000-C,84.27,0.14,0.9,0,1558899779458,22148364,568
2019-05-26 19:53:11.241,0.1,buy,8479.16,BTC-27SEP19-10000-C,83.08,0.14,0.1,1,1558900391241,22155725,569
2019-05-26 20:36:58.621,10.0,buy,8633.0,BTC-27SEP19-10000-C,92.53,0.16899999999999998,10.0,0,1558903018621,22189651,570
2019-05-27 06:08:26.702,0.6,sell,8736.46,BTC-27SEP19-10000-C,87.29,0.163,0.6,2,1558937306702,22277148,571
2019-05-27 10:12:52.201,8.0,buy,8726.04,BTC-27SEP19-10000-C,91.81,0.173,8.0,0,1558951972201,22285612,572
2019-05-27 10:19:47.508,10.0,buy,8730.43,BTC-27SEP19-10000-C,93.12,0.1765,10.0,0,1558952387508,22285885,573
2019-05-27 10:28:42.059,8.0,buy,8734.16,BTC-27SEP19-10000-C,93.84,0.17800000000000002,8.0,0,1558952922059,22286112,574
2019-05-27 12:57:04.088,0.1,buy,8807.66,BTC-27SEP19-10000-C,94.83,0.184,0.1,0,1558961824088,22298995,575
2019-05-27 13:32:10.892,0.2,sell,8824.47,BTC-27SEP19-10000-C,90.79,0.175,0.2,2,1558963930892,22302533,576
2019-05-27 13:58:35.895,0.5,sell,8811.49,BTC-27SEP19-10000-C,91.23,0.17600000000000002,0.5,0,1558965515895,22304306,577
2019-05-27 13:59:37.171,0.5,buy,8811.48,BTC-27SEP19-10000-C,91.22,0.17600000000000002,0.5,1,1558965577171,22304335,578
2019-05-27 14:01:32.260,0.5,buy,8805.98,BTC-27SEP19-10000-C,91.35,0.17600000000000002,0.5,1,1558965692260,22304399,579
2019-05-27 19:06:43.442,0.1,sell,8822.37,BTC-27SEP19-10000-C,88.36,0.17,0.1,2,1558984003442,22350147,580
2019-05-28 06:38:51.698,0.1,buy,8747.04,BTC-27SEP19-10000-C,89.8,0.17,0.1,3,1559025531698,22383208,581
2019-05-28 07:24:01.363,5.0,sell,8714.21,BTC-27SEP19-10000-C,89.34,0.168,5.0,2,1559028241363,22388475,582
2019-05-28 07:24:17.246,5.0,sell,8711.81,BTC-27SEP19-10000-C,89.19,0.1675,5.0,2,1559028257246,22388492,583
2019-05-28 07:34:22.564,5.0,sell,8734.56,BTC-27SEP19-10000-C,89.13,0.168,5.0,0,1559028862564,22389493,584
2019-05-28 07:48:00.342,20.0,buy,8735.18,BTC-27SEP19-10000-C,91.1,0.1725,20.0,0,1559029680342,22389884,585
2019-05-28 13:36:13.107,0.1,buy,8630.89,BTC-27SEP19-10000-C,91.43,0.1675,0.1,2,1559050573107,22415084,586
2019-05-28 16:49:43.967,0.2,buy,8664.4,BTC-27SEP19-10000-C,90.18,0.16699999999999998,0.2,2,1559062183967,22427358,587
2019-05-28 16:56:31.570,0.3,buy,8653.06,BTC-27SEP19-10000-C,90.1,0.1665,0.3,2,1559062591570,22427725,588
2019-05-28 17:04:09.634,5.0,buy,8665.63,BTC-27SEP19-10000-C,89.82,0.1665,5.0,3,1559063049634,22427936,589
2019-05-28 17:04:09.634,3.5,buy,8665.63,BTC-27SEP19-10000-C,89.82,0.1665,3.5,3,1559063049634,22427937,590
2019-05-28 17:04:53.322,3.5,buy,8669.41,BTC-27SEP19-10000-C,90.06,0.16699999999999998,3.5,1,1559063093322,22427955,592
2019-05-28 17:04:53.322,5.0,buy,8669.41,BTC-27SEP19-10000-C,90.06,0.16699999999999998,5.0,0,1559063093322,22427954,591
2019-05-28 17:10:54.691,11.7,buy,8676.99,BTC-27SEP19-10000-C,90.53,0.168,11.7,1,1559063454691,22428121,594
2019-05-28 17:10:54.691,5.0,buy,8676.99,BTC-27SEP19-10000-C,90.53,0.168,5.0,0,1559063454691,22428120,593
2019-05-28 18:50:34.424,0.1,sell,8738.52,BTC-27SEP19-10000-C,87.62,0.16399999999999998,0.1,2,1559069434424,22437720,595
2019-05-29 10:35:15.844,15.0,buy,8667.27,BTC-27SEP19-10000-C,90.5,0.16,15.0,2,1559126115844,22500868,596
2019-05-29 14:04:41.177,0.1,buy,8752.79,BTC-27SEP19-10000-C,89.53,0.1615,0.1,0,1559138681177,22516906,597
2019-05-29 14:33:07.089,2.0,sell,8726.74,BTC-27SEP19-10000-C,86.98,0.1545,2.0,2,1559140387089,22519272,598
2019-05-30 07:38:36.026,5.0,buy,8717.96,BTC-27SEP19-10000-C,87.66,0.157,5.0,0,1559201916026,22587890,599
2019-05-30 13:08:12.738,0.2,sell,8723.92,BTC-27SEP19-10000-C,88.04,0.157,0.2,1,1559221692738,22602406,600
2019-05-30 13:08:26.724,0.2,sell,8724.01,BTC-27SEP19-10000-C,88.03,0.157,0.2,1,1559221706724,22602412,601
2019-05-30 13:08:33.050,0.2,sell,8723.93,BTC-27SEP19-10000-C,88.03,0.157,0.2,1,1559221713050,22602413,602
2019-05-30 13:08:38.410,0.2,sell,8723.9,BTC-27SEP19-10000-C,88.02,0.157,0.2,1,1559221718410,22602414,603
2019-05-30 13:08:42.621,0.2,sell,8723.9,BTC-27SEP19-10000-C,88.01,0.157,0.2,1,1559221722621,22602415,604
2019-05-30 13:08:47.452,0.2,sell,8723.9,BTC-27SEP19-10000-C,88.01,0.157,0.2,1,1559221727452,22602424,605
2019-05-30 13:08:50.565,0.2,sell,8723.9,BTC-27SEP19-10000-C,88.01,0.157,0.2,1,1559221730565,22602426,606
2019-05-30 13:08:53.983,0.2,sell,8723.9,BTC-27SEP19-10000-C,88.0,0.157,0.2,1,1559221733983,22602430,607
2019-05-30 13:08:57.063,0.2,sell,8723.9,BTC-27SEP19-10000-C,88.0,0.157,0.2,1,1559221737063,22602434,608
2019-05-30 13:11:37.997,0.2,sell,8724.66,BTC-27SEP19-10000-C,87.98,0.157,0.2,1,1559221897997,22602479,609
2019-05-30 13:11:49.361,0.2,sell,8724.45,BTC-27SEP19-10000-C,88.0,0.157,0.2,1,1559221909361,22602498,610
2019-05-30 13:11:53.018,0.2,sell,8724.45,BTC-27SEP19-10000-C,88.01,0.157,0.2,1,1559221913018,22602499,611
2019-05-30 13:11:56.516,0.2,sell,8724.61,BTC-27SEP19-10000-C,88.01,0.157,0.2,1,1559221916516,22602500,612
2019-05-30 13:11:59.237,0.2,sell,8724.65,BTC-27SEP19-10000-C,88.01,0.157,0.2,1,1559221919237,22602501,613
2019-05-30 13:12:04.511,0.2,sell,8724.62,BTC-27SEP19-10000-C,88.01,0.157,0.2,1,1559221924511,22602502,614
2019-05-30 13:12:07.585,0.2,sell,8724.62,BTC-27SEP19-10000-C,88.01,0.157,0.2,1,1559221927585,22602503,615
2019-05-30 13:12:10.400,0.2,sell,8724.62,BTC-27SEP19-10000-C,88.01,0.157,0.2,1,1559221930400,22602504,616
2019-05-30 13:14:02.800,0.2,sell,8722.41,BTC-27SEP19-10000-C,88.01,0.157,0.2,1,1559222042800,22602534,617
2019-05-30 13:15:06.164,0.2,sell,8723.93,BTC-27SEP19-10000-C,87.99,0.157,0.2,1,1559222106164,22602580,618
2019-05-30 13:15:08.767,0.2,sell,8723.93,BTC-27SEP19-10000-C,87.99,0.157,0.2,1,1559222108767,22602585,619
2019-05-30 13:15:22.170,0.2,sell,8723.93,BTC-27SEP19-10000-C,87.97,0.157,0.2,1,1559222122170,22602586,620
2019-05-30 13:35:28.149,0.2,sell,8715.68,BTC-27SEP19-10000-C,87.95,0.1565,0.2,2,1559223328149,22603729,621
2019-05-30 13:35:32.693,0.2,sell,8715.68,BTC-27SEP19-10000-C,87.95,0.1565,0.2,3,1559223332693,22603730,622
2019-05-30 13:36:05.590,0.2,sell,8715.7,BTC-27SEP19-10000-C,87.96,0.1565,0.2,3,1559223365590,22603736,623
2019-05-30 13:36:18.651,0.2,sell,8715.71,BTC-27SEP19-10000-C,87.96,0.1565,0.2,3,1559223378651,22603745,624
2019-05-30 13:36:21.562,0.2,sell,8715.71,BTC-27SEP19-10000-C,87.96,0.1565,0.2,3,1559223381562,22603748,625
2019-05-30 13:36:24.210,0.2,sell,8715.71,BTC-27SEP19-10000-C,87.96,0.1565,0.2,3,1559223384210,22603749,626
2019-05-30 13:36:26.472,0.2,sell,8716.27,BTC-27SEP19-10000-C,87.94,0.1565,0.2,3,1559223386472,22603753,627
2019-05-30 13:36:29.249,0.2,sell,8716.27,BTC-27SEP19-10000-C,87.94,0.1565,0.2,3,1559223389249,22603754,628
2019-05-30 13:36:31.704,0.2,sell,8716.27,BTC-27SEP19-10000-C,87.93,0.1565,0.2,3,1559223391704,22603757,629
2019-05-30 13:36:34.780,0.2,sell,8716.27,BTC-27SEP19-10000-C,87.93,0.1565,0.2,3,1559223394780,22603758,630
2019-05-30 13:36:37.121,0.2,sell,8716.27,BTC-27SEP19-10000-C,87.93,0.1565,0.2,3,1559223397121,22603780,631
2019-05-30 13:36:39.873,0.2,sell,8716.34,BTC-27SEP19-10000-C,87.92,0.1565,0.2,3,1559223399873,22603781,632
2019-05-30 13:36:42.153,0.2,sell,8716.38,BTC-27SEP19-10000-C,87.91,0.1565,0.2,3,1559223402153,22603784,633
2019-05-30 13:38:25.793,0.1,sell,8717.45,BTC-27SEP19-10000-C,88.01,0.157,0.1,0,1559223505793,22603808,634
2019-05-30 13:38:47.995,0.1,sell,8717.4,BTC-27SEP19-10000-C,88.01,0.157,0.1,1,1559223527995,22603810,635
2019-05-30 13:38:54.005,0.3,sell,8717.4,BTC-27SEP19-10000-C,88.01,0.157,0.3,1,1559223534005,22603811,636
2019-05-30 13:38:57.178,0.3,sell,8717.4,BTC-27SEP19-10000-C,88.01,0.157,0.3,1,1559223537178,22603812,637
2019-05-30 13:39:17.028,0.2,sell,8717.0,BTC-27SEP19-10000-C,88.02,0.157,0.2,1,1559223557028,22603815,638
2019-05-30 13:47:33.931,0.2,sell,8724.3,BTC-27SEP19-10000-C,87.95,0.157,0.2,1,1559224053931,22604037,639
2019-05-30 13:47:47.954,0.2,sell,8724.85,BTC-27SEP19-10000-C,87.93,0.157,0.2,1,1559224067954,22604039,640
2019-05-30 13:47:51.318,0.2,sell,8724.71,BTC-27SEP19-10000-C,87.94,0.157,0.2,1,1559224071318,22604040,641
2019-05-30 13:47:54.550,0.2,sell,8724.5,BTC-27SEP19-10000-C,87.94,0.157,0.2,1,1559224074550,22604042,642
2019-05-30 13:47:57.307,0.2,sell,8724.56,BTC-27SEP19-10000-C,87.94,0.157,0.2,1,1559224077307,22604046,643
2019-05-30 13:48:00.890,0.2,sell,8724.97,BTC-27SEP19-10000-C,87.93,0.157,0.2,1,1559224080890,22604047,644
2019-05-30 13:48:03.549,0.2,sell,8724.98,BTC-27SEP19-10000-C,87.93,0.157,0.2,1,1559224083549,22604048,645
2019-05-30 13:48:06.406,0.2,sell,8725.13,BTC-27SEP19-10000-C,87.93,0.157,0.2,1,1559224086406,22604049,646
2019-05-30 13:48:10.191,0.2,sell,8725.13,BTC-27SEP19-10000-C,87.93,0.157,0.2,1,1559224090191,22604050,647
2019-05-30 13:50:20.526,0.2,sell,8731.77,BTC-27SEP19-10000-C,87.85,0.157,0.2,1,1559224220526,22604089,648
2019-05-30 13:50:26.334,0.2,sell,8731.96,BTC-27SEP19-10000-C,87.85,0.157,0.2,1,1559224226334,22604090,649
2019-05-30 13:50:29.805,0.2,sell,8731.96,BTC-27SEP19-10000-C,87.84,0.157,0.2,1,1559224229805,22604091,650
2019-05-30 13:50:32.430,0.2,sell,8731.97,BTC-27SEP19-10000-C,87.84,0.157,0.2,1,1559224232430,22604092,651
2019-05-30 13:50:36.023,0.2,sell,8731.97,BTC-27SEP19-10000-C,87.84,0.157,0.2,1,1559224236023,22604093,652
2019-05-30 13:50:39.490,0.2,sell,8731.95,BTC-27SEP19-10000-C,87.84,0.157,0.2,1,1559224239490,22604094,653
2019-05-30 13:50:43.357,0.2,sell,8731.95,BTC-27SEP19-10000-C,87.84,0.157,0.2,1,1559224243357,22604095,654
2019-05-30 13:51:33.863,0.2,sell,8723.86,BTC-27SEP19-10000-C,87.81,0.1565,0.2,2,1559224293863,22604143,655
2019-05-30 13:56:02.243,0.2,sell,8714.68,BTC-27SEP19-10000-C,87.93,0.1565,0.2,3,1559224562243,22604304,656
2019-05-30 13:56:05.741,0.2,sell,8713.37,BTC-27SEP19-10000-C,87.95,0.1565,0.2,3,1559224565741,22604306,657
2019-05-30 13:56:08.006,0.2,sell,8712.66,BTC-27SEP19-10000-C,87.98,0.1565,0.2,3,1559224568006,22604307,658
2019-05-30 14:04:55.298,0.2,sell,8715.25,BTC-27SEP19-10000-C,88.14,0.157,0.2,0,1559225095298,22604579,659
2019-05-30 14:16:12.878,0.2,buy,8721.18,BTC-27SEP19-10000-C,87.92,0.1565,0.2,2,1559225772878,22604805,660
2019-05-30 14:16:17.721,0.2,buy,8721.75,BTC-27SEP19-10000-C,87.91,0.1565,0.2,3,1559225777721,22604806,661
2019-05-30 14:16:23.611,0.2,buy,8721.54,BTC-27SEP19-10000-C,87.92,0.1565,0.2,3,1559225783611,22604807,662
2019-05-30 14:16:31.751,0.2,buy,8721.63,BTC-27SEP19-10000-C,87.92,0.1565,0.2,3,1559225791751,22604809,663
2019-05-30 14:16:39.519,0.2,buy,8722.8,BTC-27SEP19-10000-C,87.92,0.1565,0.2,3,1559225799519,22604833,664
2019-05-30 14:20:54.550,0.2,sell,8722.47,BTC-27SEP19-10000-C,87.92,0.1565,0.2,3,1559226054550,22604957,665
2019-05-30 14:26:36.396,0.2,buy,8721.25,BTC-27SEP19-10000-C,88.02,0.1565,0.2,3,1559226396396,22605114,666
2019-05-30 14:26:40.408,0.2,buy,8721.18,BTC-27SEP19-10000-C,88.02,0.1565,0.2,3,1559226400408,22605115,667
2019-05-30 14:26:44.724,0.2,buy,8721.09,BTC-27SEP19-10000-C,88.02,0.1565,0.2,3,1559226404724,22605116,668
2019-05-30 14:26:47.502,0.2,sell,8721.81,BTC-27SEP19-10000-C,87.79,0.156,0.2,2,1559226407502,22605117,669
2019-05-30 14:27:21.283,0.2,sell,8721.47,BTC-27SEP19-10000-C,87.8,0.156,0.2,3,1559226441283,22605131,670
2019-05-30 14:27:57.451,0.2,buy,8721.69,BTC-27SEP19-10000-C,88.22,0.157,0.2,0,1559226477451,22605141,671
2019-05-30 14:29:17.037,0.2,sell,8721.31,BTC-27SEP19-10000-C,88.01,0.1565,0.2,2,1559226557037,22605145,672
2019-05-30 14:30:07.628,0.2,sell,8721.62,BTC-27SEP19-10000-C,88.0,0.1565,0.2,3,1559226607628,22605168,673
2019-05-30 14:30:26.624,0.2,sell,8721.62,BTC-27SEP19-10000-C,88.01,0.1565,0.2,3,1559226626624,22605170,674
2019-05-30 14:31:00.997,0.1,buy,8717.43,BTC-27SEP19-10000-C,88.09,0.1565,0.1,3,1559226660997,22605318,675
2019-05-30 14:31:12.105,0.2,buy,8715.51,BTC-27SEP19-10000-C,88.13,0.1565,0.2,3,1559226672105,22605320,676
2019-05-30 14:31:22.248,0.2,buy,8714.92,BTC-27SEP19-10000-C,88.15,0.1565,0.2,3,1559226682248,22605334,677
2019-05-30 14:31:27.061,0.2,buy,8714.92,BTC-27SEP19-10000-C,88.14,0.1565,0.2,3,1559226687061,22605338,678
2019-05-30 14:31:33.635,0.2,buy,8715.4,BTC-27SEP19-10000-C,88.13,0.1565,0.2,3,1559226693635,22605339,679
2019-05-30 14:31:36.403,0.2,sell,8715.79,BTC-27SEP19-10000-C,87.91,0.156,0.2,2,1559226696403,22605340,680
2019-05-30 14:31:43.054,0.2,buy,8715.19,BTC-27SEP19-10000-C,87.92,0.156,0.2,3,1559226703054,22605341,681
2019-05-30 14:31:46.069,0.2,buy,8715.06,BTC-27SEP19-10000-C,87.92,0.156,0.2,3,1559226706069,22605342,682
2019-05-30 14:31:49.891,0.2,buy,8715.19,BTC-27SEP19-10000-C,87.92,0.156,0.2,3,1559226709891,22605343,683
2019-05-30 14:32:13.088,0.2,buy,8716.15,BTC-27SEP19-10000-C,87.91,0.156,0.2,3,1559226733088,22605359,684
2019-05-30 14:32:17.055,0.2,buy,8716.2,BTC-27SEP19-10000-C,87.91,0.156,0.2,3,1559226737055,22605360,685
2019-05-30 14:32:20.713,0.2,buy,8716.2,BTC-27SEP19-10000-C,87.9,0.156,0.2,3,1559226740713,22605361,686
2019-05-30 14:32:45.758,0.2,buy,8716.23,BTC-27SEP19-10000-C,88.11,0.1565,0.2,0,1559226765758,22605365,687
2019-05-30 14:33:14.729,0.2,buy,8717.22,BTC-27SEP19-10000-C,88.09,0.1565,0.2,1,1559226794729,22605370,688
2019-05-30 15:37:07.368,0.1,buy,8747.51,BTC-27SEP19-10000-C,87.6,0.1565,0.1,1,1559230627368,22609793,689
2019-05-30 15:37:12.510,0.1,buy,8746.59,BTC-27SEP19-10000-C,87.62,0.1565,0.1,1,1559230632510,22609794,690
2019-05-30 15:37:15.682,0.1,buy,8746.42,BTC-27SEP19-10000-C,87.62,0.1565,0.1,1,1559230635682,22609795,691
2019-05-30 15:37:19.407,0.1,buy,8746.42,BTC-27SEP19-10000-C,87.62,0.1565,0.1,1,1559230639407,22609797,692
2019-05-30 15:37:23.892,0.1,buy,8746.42,BTC-27SEP19-10000-C,87.62,0.1565,0.1,1,1559230643892,22609813,693
2019-05-30 15:37:27.630,0.1,buy,8746.42,BTC-27SEP19-10000-C,87.62,0.1565,0.1,1,1559230647630,22609816,694
2019-05-30 15:38:35.613,0.1,buy,8747.01,BTC-27SEP19-10000-C,87.62,0.1565,0.1,1,1559230715613,22609904,695
2019-05-30 20:42:17.470,1.0,sell,8507.81,BTC-27SEP19-10000-C,84.88,0.138,1.0,2,1559248937470,22694452,696
2019-05-30 21:38:44.087,1.0,buy,8243.88,BTC-27SEP19-10000-C,87.02,0.1315,1.0,2,1559252324087,22729579,697
2019-05-30 22:11:57.874,17.8,buy,8254.81,BTC-27SEP19-10000-C,85.56,0.129,17.8,2,1559254317874,22741802,698
2019-05-30 22:11:57.997,7.5,buy,8254.81,BTC-27SEP19-10000-C,85.56,0.129,7.5,3,1559254317997,22741803,699
2019-05-30 22:15:04.758,17.7,buy,8276.06,BTC-27SEP19-10000-C,85.3,0.129,17.7,3,1559254504758,22742263,700
2019-05-30 22:15:06.349,8.700000000000001,buy,8275.75,BTC-27SEP19-10000-C,85.3,0.129,8.700000000000001,3,1559254506349,22742265,701
2019-05-30 22:15:53.908,5.0,buy,8287.09,BTC-27SEP19-10000-C,85.1,0.129,5.0,3,1559254553908,22742414,702
2019-05-30 22:15:54.576,2.2,buy,8288.5,BTC-27SEP19-10000-C,85.09,0.129,2.2,3,1559254554576,22742415,703
2019-05-30 22:16:00.195,5.0,buy,8293.45,BTC-27SEP19-10000-C,84.95,0.129,5.0,3,1559254560195,22742425,704
2019-05-30 22:16:04.725,4.0,buy,8296.95,BTC-27SEP19-10000-C,84.9,0.129,4.0,3,1559254564725,22742434,705
2019-05-30 22:16:24.389,1.9,buy,8311.57,BTC-27SEP19-10000-C,84.77,0.129,1.9,3,1559254584389,22742519,706
2019-05-30 22:23:36.310,2.0,buy,8263.64,BTC-27SEP19-10000-C,85.49,0.129,2.0,3,1559255016310,22744294,707
2019-05-30 22:40:52.779,4.0,buy,8298.49,BTC-27SEP19-10000-C,84.88,0.129,4.0,3,1559256052779,22746090,708
2019-05-30 22:42:45.781,5.0,buy,8313.53,BTC-27SEP19-10000-C,84.65,0.129,5.0,3,1559256165781,22746277,709
2019-05-30 22:49:07.513,17.7,buy,8295.49,BTC-27SEP19-10000-C,85.0,0.129,17.7,3,1559256547513,22746917,710
2019-05-30 22:49:07.535,1.5,buy,8295.49,BTC-27SEP19-10000-C,85.0,0.129,1.5,3,1559256547535,22746918,711
2019-05-30 23:17:02.707,0.5,sell,8223.61,BTC-27SEP19-10000-C,86.65,0.13,0.5,0,1559258222707,22750070,712
2019-05-31 01:42:18.670,3.0,buy,8358.25,BTC-27SEP19-10000-C,88.06,0.138,3.0,0,1559266938670,22758889,713
2019-05-31 03:03:07.217,0.3,sell,8239.99,BTC-27SEP19-10000-C,88.03,0.133,0.3,2,1559271787217,22763138,714
2019-05-31 06:03:57.663,15.0,sell,8243.52,BTC-27SEP19-10000-C,86.41,0.1295,15.0,2,1559282637663,22775798,715
2019-05-31 06:19:51.207,4.9,sell,8253.64,BTC-27SEP19-10000-C,86.5,0.13,4.9,0,1559283591207,22776435,716
2019-05-31 06:40:26.810,4.9,sell,8270.83,BTC-27SEP19-10000-C,86.6,0.131,4.9,0,1559284826810,22777177,717
2019-05-31 07:55:30.354,5.0,sell,8275.01,BTC-27SEP19-10000-C,86.32,0.1305,5.0,2,1559289330354,22780969,718
2019-05-31 10:53:30.008,0.1,buy,8277.81,BTC-27SEP19-10000-C,87.41,0.1335,0.1,0,1559300010008,22790253,719
2019-05-31 13:11:26.645,10.0,buy,8415.2,BTC-27SEP19-10000-C,85.07,0.134,10.0,0,1559308286645,22801121,720
2019-05-31 14:59:59.270,2.0,buy,8422.2,BTC-27SEP19-10000-C,85.62,0.1355,2.0,0,1559314799270,22811475,721
2019-05-31 15:13:07.524,0.4,buy,8409.36,BTC-27SEP19-10000-C,84.97,0.1335,0.4,2,1559315587524,22811806,722
2019-05-31 15:13:56.346,0.9,sell,8401.92,BTC-27SEP19-10000-C,84.7,0.1325,0.9,2,1559315636346,22811862,723
2019-05-31 15:24:00.212,4.1,sell,8421.71,BTC-27SEP19-10000-C,84.68,0.1335,4.1,0,1559316240212,22812267,724
2019-05-31 15:25:53.584,0.1,buy,8417.92,BTC-27SEP19-10000-C,84.81,0.1335,0.1,1,1559316353584,22812336,725
2019-05-31 15:31:33.087,2.0,sell,8396.96,BTC-27SEP19-10000-C,84.22,0.131,2.0,2,1559316693087,22812714,726
2019-05-31 15:32:27.667,5.0,buy,8394.5,BTC-27SEP19-10000-C,84.9,0.1325,5.0,0,1559316747667,22812735,727
2019-05-31 15:33:07.046,2.9,buy,8391.73,BTC-27SEP19-10000-C,85.11,0.133,2.9,0,1559316787046,22812751,728
2019-05-31 16:26:05.787,1.0,buy,8390.33,BTC-27SEP19-10000-C,84.84,0.1325,1.0,2,1559319965787,22818802,729
2019-05-31 16:32:14.241,1.0,buy,8460.0,BTC-27SEP19-10000-C,85.01,0.1355,1.0,0,1559320334241,22820086,730
2019-05-31 18:12:14.531,2.0,buy,8444.16,BTC-27SEP19-10000-C,84.66,0.1345,2.0,2,1559326334531,22827968,731
2019-05-31 20:02:38.732,3.0,buy,8465.72,BTC-27SEP19-10000-C,84.24,0.1355,3.0,0,1559332958732,22836442,732
2019-05-31 20:03:00.547,2.5,sell,8453.73,BTC-27SEP19-10000-C,84.0,0.1345,2.5,2,1559332980547,22836570,733
2019-06-01 00:43:11.869,0.1,buy,8528.9,BTC-27SEP19-10000-C,86.1,0.14300000000000002,0.1,0,1559349791869,22855009,734
2019-06-01 01:13:29.147,1.0,sell,8555.03,BTC-27SEP19-10000-C,82.61,0.1375,1.0,2,1559351609147,22857594,735
2019-06-01 05:26:57.705,15.2,sell,8524.05,BTC-27SEP19-10000-C,82.65,0.1365,15.2,2,1559366817705,22865652,736
2019-06-01 13:28:56.920,10.0,sell,8533.88,BTC-27SEP19-10000-C,85.18,0.141,10.0,0,1559395736920,22882932,737
2019-06-01 13:30:16.729,10.0,sell,8535.39,BTC-27SEP19-10000-C,85.1,0.141,10.0,1,1559395816729,22882978,738
2019-06-01 13:34:12.813,10.0,sell,8543.27,BTC-27SEP19-10000-C,84.91,0.141,10.0,1,1559396052813,22883092,739
2019-06-01 13:39:36.805,1.0,sell,8540.62,BTC-27SEP19-10000-C,85.25,0.1415,1.0,0,1559396376805,22883257,740
2019-06-01 14:00:32.482,7.5,sell,8510.53,BTC-27SEP19-10000-C,85.66,0.141,7.5,2,1559397632482,22883862,741
2019-06-01 14:00:35.141,5.0,sell,8508.11,BTC-27SEP19-10000-C,85.76,0.141,5.0,3,1559397635141,22883884,742
2019-06-01 14:00:47.002,5.0,sell,8500.04,BTC-27SEP19-10000-C,85.91,0.141,5.0,3,1559397647002,22883990,743
2019-06-01 14:05:58.896,1.0,sell,8530.29,BTC-27SEP19-10000-C,85.2,0.141,1.0,3,1559397958896,22884817,744
2019-06-01 14:09:09.382,1.5,sell,8533.79,BTC-27SEP19-10000-C,85.17,0.141,1.5,3,1559398149382,22884927,745
2019-06-02 01:26:32.557,10.0,sell,8588.23,BTC-27SEP19-10000-C,82.76,0.1365,10.0,3,1559438792557,22908765,747
2019-06-02 01:26:32.557,1.0,sell,8588.23,BTC-27SEP19-10000-C,82.76,0.1365,1.0,2,1559438792557,22908764,746
2019-06-02 01:26:32.557,3.6,sell,8588.23,BTC-27SEP19-10000-C,81.88,0.1345,3.6,2,1559438792557,22908766,748
2019-06-02 01:26:32.557,0.4,sell,8588.23,BTC-27SEP19-10000-C,79.66,0.1295,0.4,2,1559438792557,22908767,749
2019-06-02 09:04:01.932,1.0,buy,8743.88,BTC-27SEP19-10000-C,83.46,0.14400000000000002,1.0,0,1559466241932,22926932,750
2019-06-02 15:12:59.117,0.1,sell,8727.58,BTC-27SEP19-10000-C,82.6,0.141,0.1,2,1559488379117,22950384,751
2019-06-02 15:13:18.621,1.0,sell,8719.79,BTC-27SEP19-10000-C,82.27,0.14,1.0,2,1559488398621,22950521,752
2019-06-03 01:01:22.823,1.0,sell,8628.47,BTC-27SEP19-10000-C,83.52,0.139,1.0,2,1559523682823,22970087,753
2019-06-03 07:06:13.894,10.0,sell,8470.3,BTC-27SEP19-10000-C,82.42,0.1295,10.0,2,1559545573894,22997164,754
2019-06-03 09:12:27.451,1.0,sell,8431.84,BTC-27SEP19-10000-C,83.58,0.13,1.0,0,1559553147451,23013199,755
2019-06-03 17:02:33.869,0.1,buy,8527.25,BTC-27SEP19-10000-C,83.61,0.134,0.1,0,1559581353869,23056328,756
2019-06-03 17:02:43.466,0.1,sell,8528.75,BTC-27SEP19-10000-C,83.37,0.1335,0.1,2,1559581363466,23056330,757
2019-06-03 17:03:12.038,0.1,sell,8529.13,BTC-27SEP19-10000-C,83.38,0.1335,0.1,3,1559581392038,23056339,758
2019-06-03 23:53:58.206,18.1,buy,8155.93,BTC-27SEP19-10000-C,82.43,0.116,18.1,2,1559606038206,23111097,759
2019-06-03 23:53:58.291,6.9,buy,8155.93,BTC-27SEP19-10000-C,82.43,0.116,6.9,3,1559606038291,23111099,760
2019-06-03 23:57:57.447,0.2,buy,8134.23,BTC-27SEP19-10000-C,82.68,0.116,0.2,3,1559606277447,23111943,761
2019-06-03 23:59:19.391,0.1,buy,8127.86,BTC-27SEP19-10000-C,82.84,0.116,0.1,3,1559606359391,23112073,762
2019-06-04 00:14:07.646,24.7,buy,7864.72,BTC-27SEP19-10000-C,87.72,0.116,24.7,3,1559607247646,23133077,763
2019-06-04 00:14:07.650,6.9,sell,7864.72,BTC-27SEP19-10000-C,87.72,0.11599999999999999,6.9,3,1559607247650,23133078,764
2019-06-04 06:02:14.687,2.0,sell,7910.42,BTC-27SEP19-10000-C,82.61,0.105,2.0,2,1559628134687,23170385,765
2019-06-04 07:46:03.621,3.0,sell,7848.9,BTC-27SEP19-10000-C,82.57,0.1025,3.0,2,1559634363621,23187717,766
2019-06-04 07:46:56.776,1.0,sell,7846.48,BTC-27SEP19-10000-C,82.36,0.102,1.0,2,1559634416776,23187751,767
2019-06-04 08:09:03.962,3.0,buy,7905.83,BTC-27SEP19-10000-C,82.82,0.105,3.0,0,1559635743962,23189996,768
2019-06-04 08:09:44.694,1.0,buy,7899.71,BTC-27SEP19-10000-C,82.49,0.10400000000000001,1.0,2,1559635784694,23190073,769
2019-06-04 12:19:54.938,0.1,buy,7922.34,BTC-27SEP19-10000-C,86.81,0.1135,0.1,0,1559650794938,23204311,770
2019-06-04 20:30:16.786,0.1,buy,7643.06,BTC-27SEP19-10000-C,82.84,0.09300000000000001,0.1,2,1559680216786,23292894,771
2019-06-04 20:30:23.112,0.1,buy,7643.8,BTC-27SEP19-10000-C,82.83,0.09300000000000001,0.1,3,1559680223112,23292896,772
2019-06-04 23:14:30.724,0.2,buy,7624.84,BTC-27SEP19-10000-C,83.55,0.0945,0.2,0,1559690070724,23319520,773
2019-06-05 04:10:58.600,10.0,sell,7785.76,BTC-27SEP19-10000-C,82.47,0.098,10.0,0,1559707858600,23334115,774
2019-06-05 12:50:36.066,0.1,sell,7757.43,BTC-27SEP19-10000-C,80.73,0.092,0.1,2,1559739036066,23358917,775
2019-06-05 14:26:10.656,1.0,sell,7766.22,BTC-27SEP19-10000-C,81.19,0.09300000000000001,1.0,0,1559744770656,23364187,776
2019-06-05 14:35:32.552,1.0,sell,7742.12,BTC-27SEP19-10000-C,81.28,0.0925,1.0,2,1559745332552,23365342,777
2019-06-05 16:04:40.892,2.0,buy,7663.66,BTC-27SEP19-10000-C,81.05,0.08900000000000001,2.0,2,1559750680892,23378458,778
2019-06-06 03:04:32.786,2.0,sell,7824.39,BTC-27SEP19-10000-C,78.97,0.0915,2.0,0,1559790272786,23438205,779
2019-06-06 11:13:36.103,5.0,sell,7831.09,BTC-27SEP19-10000-C,76.34,0.0855,5.0,2,1559819616103,23451414,780
2019-06-06 18:53:50.434,0.1,buy,7599.72,BTC-27SEP19-10000-C,78.64,0.08,0.1,2,1559847230434,23516481,781
2019-06-06 21:42:35.583,0.1,buy,7737.51,BTC-27SEP19-10000-C,78.31,0.0845,0.1,0,1559857355583,23532761,782
2019-06-06 23:05:02.800,0.1,buy,7755.76,BTC-27SEP19-10000-C,78.59,0.0855,0.1,0,1559862302800,23537270,783
2019-06-07 07:09:56.755,0.5,buy,7977.79,BTC-27SEP19-10000-C,75.07,0.0865,0.5,0,1559891396755,23568697,784
2019-06-07 10:00:00.488,8.0,buy,7961.11,BTC-27SEP19-10000-C,76.85,0.0895,8.0,0,1559901600488,23582634,785
2019-06-07 10:00:00.494,4.7,sell,7961.11,BTC-27SEP19-10000-C,76.85,0.0895,4.7,1,1559901600494,23582635,786
2019-06-07 10:53:07.807,2.0,buy,7970.08,BTC-27SEP19-10000-C,77.27,0.0905,2.0,0,1559904787807,23583795,787
2019-06-07 11:42:54.717,0.1,sell,7930.88,BTC-27SEP19-10000-C,76.58,0.08800000000000001,0.1,2,1559907774717,23585495,788
2019-06-07 18:13:17.277,0.5,buy,8090.08,BTC-27SEP19-10000-C,76.91,0.0945,0.5,0,1559931197277,23605511,789
2019-06-07 18:14:50.282,1.0,buy,8095.21,BTC-27SEP19-10000-C,76.83,0.0945,1.0,1,1559931290282,23605548,790
2019-06-07 19:43:23.997,2.1,buy,8015.68,BTC-27SEP19-10000-C,76.58,0.091,2.1,2,1559936603997,23612849,791
2019-06-08 06:00:26.879,0.1,sell,7948.28,BTC-27SEP19-10000-C,74.99,0.0835,0.1,2,1559973626879,23642256,792
2019-06-08 07:02:40.436,1.0,sell,7916.38,BTC-27SEP19-10000-C,72.69,0.0775,1.0,2,1559977360436,23647180,793
2019-06-08 21:09:22.811,0.1,buy,7873.38,BTC-27SEP19-10000-C,74.2,0.0785,0.1,0,1560028162811,23680318,794
2019-06-08 21:31:13.049,0.1,sell,7917.67,BTC-27SEP19-10000-C,74.08,0.08,0.1,0,1560029473049,23681259,795
2019-06-08 22:30:21.164,0.1,buy,7935.54,BTC-27SEP19-10000-C,74.07,0.0805,0.1,0,1560033021164,23683625,796
2019-06-09 16:32:40.870,1.0,sell,7639.83,BTC-27SEP19-10000-C,73.71,0.068,1.0,2,1560097960870,23728316,797
2019-06-09 16:32:40.870,1.0,sell,7639.83,BTC-27SEP19-10000-C,73.71,0.068,1.0,3,1560097960870,23728317,798
2019-06-09 22:07:16.456,0.5,sell,7593.97,BTC-27SEP19-10000-C,73.7,0.066,0.5,2,1560118036456,23756784,799
2019-06-09 22:07:56.094,0.5,sell,7571.71,BTC-27SEP19-10000-C,74.0,0.066,0.5,3,1560118076094,23758344,800
2019-06-10 08:40:48.424,0.2,sell,7739.0,BTC-27SEP19-10000-C,71.69,0.068,0.2,0,1560156048424,23809615,801
2019-06-10 14:58:30.155,0.5,buy,7946.22,BTC-27SEP19-10000-C,73.83,0.08,0.5,0,1560178710155,23859614,802
2019-06-10 16:16:20.284,1.0,buy,7997.75,BTC-27SEP19-10000-C,72.93,0.08,1.0,1,1560183380284,23865352,803
2019-06-11 00:41:12.036,1.0,buy,7984.82,BTC-27SEP19-10000-C,73.53,0.08199999999999999,1.0,0,1560213672036,23889449,804
2019-06-11 17:47:38.481,0.1,buy,7892.55,BTC-27SEP19-10000-C,74.41,0.0765,0.1,2,1560275258481,23948886,805
2019-06-12 04:18:40.013,0.2,buy,7995.48,BTC-27SEP19-10000-C,74.56,0.08,0.2,0,1560313120013,23982578,806
2019-06-12 04:18:40.013,6.8,buy,7995.48,BTC-27SEP19-10000-C,74.56,0.08,6.8,1,1560313120013,23982579,807
2019-06-12 14:49:53.648,14.4,sell,8017.74,BTC-27SEP19-10000-C,74.57,0.0815,14.4,0,1560350993648,24010779,808
2019-06-12 14:57:25.771,5.0,sell,8017.86,BTC-27SEP19-10000-C,74.58,0.0815,5.0,1,1560351445771,24011037,809
2019-06-12 14:58:58.959,5.0,sell,8022.4,BTC-27SEP19-10000-C,74.5,0.0815,5.0,1,1560351538959,24011107,810
2019-06-12 15:11:33.978,0.1,buy,8181.33,BTC-27SEP19-10000-C,75.15,0.08900000000000001,0.1,0,1560352293978,24016268,811
2019-06-12 15:57:05.615,0.1,buy,8194.59,BTC-27SEP19-10000-C,75.4,0.09,0.1,0,1560355025615,24028334,812
2019-06-12 20:36:41.972,1.0,sell,8097.13,BTC-27SEP19-10000-C,73.71,0.083,1.0,2,1560371801972,24040436,813
2019-06-13 03:05:33.530,0.2,sell,8092.5,BTC-27SEP19-10000-C,74.85,0.085,0.2,0,1560395133530,24051808,814
2019-06-13 12:47:26.215,4.9,sell,8067.23,BTC-27SEP19-10000-C,75.05,0.084,4.9,2,1560430046215,24067081,815
2019-06-13 12:47:29.122,10.0,sell,8060.42,BTC-27SEP19-10000-C,75.22,0.084,10.0,3,1560430049122,24067330,816
2019-06-13 12:47:29.457,2.9,sell,8057.8,BTC-27SEP19-10000-C,75.23,0.084,2.9,3,1560430049457,24067383,817
2019-06-13 14:02:21.346,32.0,sell,8157.31,BTC-27SEP19-10000-C,73.24,0.084,32.0,3,1560434541346,24075428,818
2019-06-13 22:02:47.223,0.1,buy,8299.06,BTC-27SEP19-10000-C,73.74,0.09,0.1,0,1560463367223,24099736,819
2019-06-14 01:05:35.803,0.1,sell,8236.37,BTC-27SEP19-10000-C,73.9,0.08800000000000001,0.1,2,1560474335803,24107943,820
2019-06-14 01:52:58.168,0.2,sell,8190.27,BTC-27SEP19-10000-C,72.98,0.084,0.2,2,1560477178168,24110851,821
2019-06-14 14:56:17.547,5.0,sell,8407.35,BTC-27SEP19-10000-C,72.08,0.0905,5.0,0,1560524177547,24145668,822
2019-06-14 14:56:17.547,17.0,sell,8407.35,BTC-27SEP19-10000-C,71.36,0.08900000000000001,17.0,2,1560524177547,24145669,823
2019-06-14 17:41:28.282,4.9,buy,8381.8,BTC-27SEP19-10000-C,73.68,0.0925,4.9,0,1560534088282,24153646,824
2019-06-14 17:41:28.282,3.1,buy,8381.8,BTC-27SEP19-10000-C,73.68,0.0925,3.1,1,1560534088282,24153647,825
2019-06-14 21:09:24.322,0.1,sell,8537.26,BTC-27SEP19-10000-C,72.72,0.096,0.1,0,1560546564322,24165304,826
2019-06-14 21:13:06.845,0.1,buy,8626.57,BTC-27SEP19-10000-C,74.28,0.1025,0.1,0,1560546786845,24168477,827
2019-06-15 00:14:24.539,1.0,sell,8682.88,BTC-27SEP19-10000-C,71.34,0.099,1.0,2,1560557664539,24187301,828
2019-06-15 03:02:04.891,0.3,sell,8664.26,BTC-27SEP19-10000-C,73.94,0.10400000000000001,0.3,0,1560567724891,24192973,829
2019-06-15 03:02:43.379,0.7000000000000001,sell,8664.37,BTC-27SEP19-10000-C,73.94,0.10400000000000001,0.7000000000000001,1,1560567763379,24192974,830
2019-06-15 15:48:39.312,0.1,buy,8808.33,BTC-27SEP19-10000-C,74.79,0.1125,0.1,0,1560613719312,24222006,831
2019-06-15 17:10:42.837,1.0,buy,8835.5,BTC-27SEP19-10000-C,73.75,0.11199999999999999,1.0,2,1560618642837,24234560,832
2019-06-15 23:18:09.736,0.1,sell,8865.74,BTC-27SEP19-10000-C,73.2,0.113,0.1,0,1560640689736,24253653,833
2019-06-16 03:16:49.074,1.6,buy,8969.49,BTC-27SEP19-10000-C,76.29,0.124,1.6,0,1560655009074,24274957,834
2019-06-16 03:17:38.811,3.6,buy,8973.59,BTC-27SEP19-10000-C,76.6,0.125,3.6,0,1560655058811,24274984,835
2019-06-16 03:17:38.811,0.4,buy,8973.59,BTC-27SEP19-10000-C,76.84,0.1255,0.4,0,1560655058811,24274985,836
2019-06-16 03:19:50.668,4.0,buy,8975.58,BTC-27SEP19-10000-C,77.07,0.126,4.0,0,1560655190668,24275016,837
2019-06-16 05:16:45.299,3.0,buy,9198.21,BTC-27SEP19-10000-C,72.58,0.127,3.0,0,1560662205299,24290905,838
2019-06-16 05:16:48.594,0.6,buy,9198.49,BTC-27SEP19-10000-C,72.6,0.127,0.6,1,1560662208594,24290917,839
2019-06-16 05:16:51.030,0.5,buy,9199.35,BTC-27SEP19-10000-C,72.6,0.127,0.5,1,1560662211030,24290925,840
2019-06-16 05:17:39.225,0.3,buy,9196.49,BTC-27SEP19-10000-C,72.74,0.127,0.3,1,1560662259225,24291010,841
2019-06-16 05:18:07.206,0.6,buy,9199.95,BTC-27SEP19-10000-C,72.67,0.127,0.6,1,1560662287206,24291036,842
2019-06-16 05:21:11.123,1.0,buy,9201.13,BTC-27SEP19-10000-C,73.06,0.128,1.0,0,1560662471123,24291541,843
2019-06-16 07:45:26.622,0.1,sell,9311.42,BTC-27SEP19-10000-C,73.53,0.134,0.1,0,1560671126622,24314004,844
2019-06-16 08:55:34.731,1.0,buy,9090.47,BTC-27SEP19-10000-C,75.14,0.129,1.0,2,1560675334731,24335443,845
2019-06-16 13:53:51.059,5.0,buy,9245.11,BTC-27SEP19-10000-C,79.64,0.1455,5.0,0,1560693231059,24368365,846
2019-06-16 17:35:20.281,0.1,buy,9052.33,BTC-27SEP19-10000-C,81.32,0.141,0.1,2,1560706520281,24393084,847
2019-06-16 18:45:51.681,10.0,sell,9089.27,BTC-27SEP19-10000-C,75.18,0.1285,10.0,2,1560710751681,24401315,848
2019-06-16 18:46:01.868,5.0,sell,9089.24,BTC-27SEP19-10000-C,75.18,0.1285,5.0,3,1560710761868,24401316,849
2019-06-16 20:41:09.378,5.0,sell,8942.48,BTC-27SEP19-10000-C,79.98,0.1355,5.0,0,1560717669378,24425459,850
2019-06-16 20:43:39.522,5.0,sell,8929.12,BTC-27SEP19-10000-C,79.24,0.1335,5.0,2,1560717819522,24425675,851
2019-06-16 20:56:59.061,1.0,buy,8919.47,BTC-27SEP19-10000-C,78.26,0.1315,1.0,2,1560718619061,24426713,852
2019-06-17 00:49:40.927,0.1,buy,9174.72,BTC-27SEP19-10000-C,79.97,0.1425,0.1,0,1560732580927,24444974,853
2019-06-17 02:43:51.937,0.1,buy,9122.36,BTC-27SEP19-10000-C,77.48,0.134,0.1,2,1560739431937,24451791,854
2019-06-17 08:19:16.310,0.2,buy,9208.64,BTC-27SEP19-10000-C,78.7,0.138,0.2,0,1560759556310,24472505,855
2019-06-17 11:02:51.833,5.0,buy,9319.19,BTC-27SEP19-10000-C,79.84,0.146,5.0,0,1560769371833,24483553,856
2019-06-17 20:09:27.902,2.0,buy,9367.01,BTC-27SEP19-10000-C,79.22,0.146,2.0,1,1560802167902,24554003,857
2019-06-17 23:03:44.282,0.1,buy,9389.23,BTC-27SEP19-10000-C,81.4,0.153,0.1,0,1560812624282,24580748,858
2019-06-17 23:14:34.128,0.1,buy,9426.78,BTC-27SEP19-10000-C,81.46,0.155,0.1,0,1560813274128,24585717,859
2019-06-18 04:21:56.492,6.0,sell,9282.85,BTC-27SEP19-10000-C,81.25,0.14800000000000002,6.0,2,1560831716492,24616392,860
2019-06-18 04:22:09.153,6.0,sell,9285.07,BTC-27SEP19-10000-C,80.95,0.1475,6.0,2,1560831729153,24616402,861
2019-06-18 05:25:41.907,2.0,sell,9177.25,BTC-27SEP19-10000-C,81.99,0.145,2.0,2,1560835541907,24619167,862
2019-06-18 09:25:23.735,0.2,sell,9209.95,BTC-27SEP19-10000-C,80.69,0.14300000000000002,0.2,2,1560849923735,24638880,863
2019-06-18 13:40:52.884,0.1,buy,9195.24,BTC-27SEP19-10000-C,81.51,0.145,0.1,0,1560865252884,24650019,864
2019-06-18 16:55:25.435,0.1,sell,9002.21,BTC-27SEP19-10000-C,78.54,0.1305,0.1,2,1560876925435,24669944,865
2019-06-18 17:22:24.996,0.1,buy,8973.23,BTC-27SEP19-10000-C,79.63,0.132,0.1,0,1560878544996,24674790,866
2019-06-18 18:23:28.733,0.4,buy,9053.29,BTC-27SEP19-10000-C,79.33,0.135,0.4,0,1560882208733,24682136,867
2019-06-18 21:14:48.408,0.1,buy,9102.96,BTC-27SEP19-10000-C,82.66,0.14300000000000002,0.1,0,1560892488408,24691733,868
2019-06-19 12:04:53.365,2.0,sell,9141.15,BTC-27SEP19-10000-C,80.12,0.1395,2.0,2,1560945893365,24731690,869
2019-06-19 12:04:53.365,0.8,sell,9141.15,BTC-27SEP19-10000-C,79.4,0.138,0.8,2,1560945893365,24731691,870
2019-06-19 12:19:55.414,0.4,sell,9112.77,BTC-27SEP19-10000-C,79.18,0.1365,0.4,2,1560946795414,24732272,871
2019-06-19 12:58:29.929,3.6,buy,9077.72,BTC-27SEP19-10000-C,81.17,0.1395,3.6,0,1560949109929,24735281,872
2019-06-19 14:43:30.608,0.3,buy,9109.53,BTC-27SEP19-10000-C,81.49,0.1415,0.3,0,1560955410608,24741720,873
2019-06-20 00:17:19.180,0.8,sell,9287.0,BTC-27SEP19-10000-C,78.97,0.1445,0.8,0,1560989839180,24778252,874
2019-06-20 02:08:07.987,0.1,buy,9282.29,BTC-27SEP19-10000-C,81.57,0.15,0.1,0,1560996487987,24781428,875
2019-06-20 02:08:07.987,3.6,buy,9282.29,BTC-27SEP19-10000-C,81.81,0.1505,3.6,0,1560996487987,24781429,876
2019-06-20 02:47:50.894,1.3,sell,9308.58,BTC-27SEP19-10000-C,81.46,0.1505,1.3,1,1560998870894,24782411,877
2019-06-20 03:17:12.118,0.2,buy,9338.32,BTC-27SEP19-10000-C,82.32,0.1535,0.2,0,1561000632118,24784463,878
2019-06-20 08:07:47.075,0.1,sell,9259.92,BTC-27SEP19-10000-C,80.79,0.1465,0.1,2,1561018067075,24795701,879
2019-06-20 08:07:53.513,1.9,sell,9259.79,BTC-27SEP19-10000-C,80.79,0.1465,1.9,3,1561018073513,24795702,880
2019-06-20 10:12:45.865,2.0,sell,9232.54,BTC-27SEP19-10000-C,79.33,0.142,2.0,2,1561025565865,24802174,881
2019-06-20 10:13:16.724,2.0,sell,9232.36,BTC-27SEP19-10000-C,79.11,0.1415,2.0,2,1561025596724,24802201,882
2019-06-20 10:13:16.880,4.5,buy,9232.36,BTC-27SEP19-10000-C,79.11,0.1415,4.5,3,1561025596880,24802202,883
2019-06-20 10:14:31.237,2.0,sell,9229.84,BTC-27SEP19-10000-C,79.03,0.141,2.0,2,1561025671237,24802281,884
2019-06-20 10:14:31.237,1.2,sell,9229.84,BTC-27SEP19-10000-C,79.03,0.141,1.2,3,1561025671237,24802282,885
2019-06-20 10:14:31.237,2.0,sell,9229.84,BTC-27SEP19-10000-C,79.03,0.141,2.0,3,1561025671237,24802283,886
2019-06-20 15:06:39.984,0.1,buy,9369.1,BTC-27SEP19-10000-C,82.01,0.154,0.1,0,1561043199984,24818092,887
2019-06-20 16:07:29.043,1.0,sell,9416.74,BTC-27SEP19-10000-C,78.21,0.1475,1.0,2,1561046849043,24827179,888
2019-06-20 16:08:22.867,1.0,buy,9424.36,BTC-27SEP19-10000-C,82.21,0.156,1.0,0,1561046902867,24827377,889
