date_utc,amount,direction,indexPrice,instrument,iv,price,quantity,tickDirection,timeStamp,tradeId,tradeSeq
2019-02-14 00:03:42.679,1.0,buy,3576.32,BTC-27SEP19-10000-C,64.34,0.006,1.0,0,1550102622679,15349782,119
2019-02-14 04:31:54.405,1.0,sell,3582.9,BTC-27SEP19-10000-C,62.54,0.005,1.0,3,1550118714405,15353937,121
2019-02-14 04:31:54.405,10.0,sell,3582.9,BTC-27SEP19-10000-C,62.54,0.005,10.0,3,1550118714405,15353938,122
2019-02-14 04:31:54.405,10.0,sell,3582.9,BTC-27SEP19-10000-C,62.54,0.005,10.0,2,1550118714405,15353936,120
2019-02-14 18:43:10.751,10.0,sell,3574.83,BTC-27SEP19-10000-C,62.72,0.005,10.0,3,1550169790751,15372645,123
2019-02-15 04:38:00.033,0.2,buy,3581.2,BTC-27SEP19-10000-C,63.54,0.0055,0.2,0,1550205480033,15379850,124
2019-02-16 14:26:34.636,0.1,buy,3596.44,BTC-27SEP19-10000-C,64.2,0.006,0.1,0,1550327194636,15417778,125
2019-02-16 14:26:36.232,0.1,buy,3596.71,BTC-27SEP19-10000-C,64.2,0.006,0.1,1,1550327196232,15417780,126
2019-02-17 15:28:51.361,1.0,buy,3572.95,BTC-27SEP19-10000-C,63.83,0.0055,1.0,2,1550417331361,15449116,127
2019-02-17 15:29:24.588,1.0,buy,3573.41,BTC-27SEP19-10000-C,63.83,0.0055,1.0,3,1550417364588,15449139,128
2019-02-17 20:40:33.331,17.0,buy,3572.31,BTC-27SEP19-10000-C,63.8,0.0055,17.0,3,1550436033331,15452571,130
2019-02-17 20:40:33.331,3.0,buy,3572.31,BTC-27SEP19-10000-C,63.8,0.0055,3.0,3,1550436033331,15452570,129
2019-02-18 02:55:37.241,0.2,buy,3670.29,BTC-27SEP19-10000-C,62.51,0.0055,0.2,3,1550458537241,15484588,131
2019-02-18 08:52:31.993,0.5,buy,3704.9,BTC-27SEP19-10000-C,62.1,0.0055,0.5,3,1550479951993,15506336,132
2019-02-18 08:52:31.993,5.0,buy,3704.9,BTC-27SEP19-10000-C,62.1,0.0055,5.0,3,1550479951993,15506337,133
2019-02-18 08:52:49.543,20.0,buy,3704.94,BTC-27SEP19-10000-C,62.94,0.006,20.0,1,1550479969543,15506346,135
2019-02-18 08:52:49.543,5.0,buy,3704.94,BTC-27SEP19-10000-C,62.94,0.006,5.0,0,1550479969543,15506345,134
2019-02-18 08:55:10.042,5.0,buy,3703.03,BTC-27SEP19-10000-C,62.98,0.006,5.0,1,1550480110042,15506399,136
2019-02-18 08:55:10.042,20.0,buy,3703.03,BTC-27SEP19-10000-C,62.98,0.006,20.0,1,1550480110042,15506400,137
2019-02-18 08:58:30.880,10.6,sell,3695.69,BTC-27SEP19-10000-C,62.25,0.0055,10.6,2,1550480310880,15506741,138
2019-02-18 08:58:41.170,10.5,sell,3695.59,BTC-27SEP19-10000-C,62.25,0.0055,10.5,3,1550480321170,15506756,139
2019-02-18 08:58:43.257,3.9,sell,3695.59,BTC-27SEP19-10000-C,62.25,0.0055,3.9,3,1550480323257,15506760,140
2019-02-18 16:39:42.043,5.0,buy,3900.45,BTC-27SEP19-10000-C,60.27,0.006,5.0,0,1550507982043,15558790,141
2019-02-18 16:59:09.774,20.0,buy,3861.35,BTC-27SEP19-10000-C,60.68,0.006,20.0,1,1550509149774,15565106,142
2019-02-18 23:16:49.094,0.2,buy,3870.62,BTC-27SEP19-10000-C,62.77,0.0075,0.2,0,1550531809094,15585825,143
2019-02-19 00:42:43.013,5.0,buy,3931.16,BTC-27SEP19-10000-C,61.94,0.0075,5.0,1,1550536963013,15593919,144
2019-02-19 01:29:56.644,9.8,sell,3884.28,BTC-27SEP19-10000-C,62.5,0.0075,9.8,1,1550539796644,15600111,145
2019-02-19 14:24:27.496,2.0,buy,3929.9,BTC-27SEP19-10000-C,63.96,0.009000000000000001,2.0,0,1550586267496,15641894,146
2019-02-19 22:51:53.133,3.0,buy,3911.01,BTC-27SEP19-10000-C,64.93,0.0095,3.0,0,1550616713133,15667687,147
2019-02-19 22:51:53.133,5.0,buy,3911.01,BTC-27SEP19-10000-C,64.93,0.0095,5.0,1,1550616713133,15667688,148
2019-02-19 22:51:53.133,18.0,buy,3911.01,BTC-27SEP19-10000-C,64.93,0.0095,18.0,1,1550616713133,15667689,149
2019-02-20 08:08:51.575,10.0,sell,3889.8,BTC-27SEP19-10000-C,62.06,0.006999999999999999,10.0,2,1550650131575,15680586,150
2019-02-22 13:28:26.652,1.0,sell,3939.4,BTC-27SEP19-10000-C,62.91,0.008,1.0,0,1550842106652,15773621,151
2019-02-22 15:56:09.412,2.0,buy,3930.94,BTC-27SEP19-10000-C,63.8,0.0085,2.0,0,1550850969412,15782615,152
2019-02-22 15:56:35.517,8.0,buy,3931.05,BTC-27SEP19-10000-C,63.8,0.0085,8.0,1,1550850995517,15782624,153
2019-02-22 17:53:43.334,4.0,buy,3936.88,BTC-27SEP19-10000-C,64.93,0.0095,4.0,0,1550858023334,15785081,154
2019-02-24 02:38:38.150,0.1,buy,4127.3,BTC-27SEP19-10000-C,65.1,0.0115,0.1,0,1550975918150,15858368,155
2019-02-25 01:00:44.557,2.0,sell,3762.7,BTC-27SEP19-10000-C,66.92,0.0085,2.0,2,1551056444557,15969248,156
2019-02-25 01:00:44.557,1.0,sell,3762.7,BTC-27SEP19-10000-C,66.92,0.0085,1.0,3,1551056444557,15969249,157
2019-02-25 04:01:35.891,2.0,sell,3776.75,BTC-27SEP19-10000-C,66.08,0.008,2.0,2,1551067295891,15973963,158
2019-02-25 07:15:12.316,1.0,sell,3775.01,BTC-27SEP19-10000-C,66.06,0.008,1.0,3,1551078912316,15979045,159
2019-02-25 07:21:30.638,0.2,sell,3773.98,BTC-27SEP19-10000-C,66.05,0.008,0.2,3,1551079290638,15979115,160
2019-02-25 17:46:00.986,5.0,buy,3827.67,BTC-27SEP19-10000-C,67.45,0.0095,5.0,0,1551116760986,16001096,161
2019-02-25 17:55:24.111,3.0,buy,3813.22,BTC-27SEP19-10000-C,67.61,0.0095,3.0,1,1551117324111,16001584,162
2019-02-25 20:14:32.895,1.0,sell,3848.79,BTC-27SEP19-10000-C,65.87,0.0085,1.0,2,1551125672895,16006874,163
2019-02-25 20:15:06.500,0.5,sell,3848.54,BTC-27SEP19-10000-C,65.87,0.0085,0.5,3,1551125706500,16006888,164
2019-02-25 23:31:14.827,3.5,sell,3828.73,BTC-27SEP19-10000-C,66.15,0.0085,3.5,3,1551137474827,16012566,165
2019-02-26 02:52:12.590,3.0,buy,3823.27,BTC-27SEP19-10000-C,66.89,0.009000000000000001,3.0,0,1551149532590,16014884,166
2019-02-26 05:13:35.570,2.0,buy,3790.71,BTC-27SEP19-10000-C,66.64,0.0085,2.0,2,1551158015570,16018808,167
2019-02-26 12:49:58.343,1.8,sell,3784.85,BTC-27SEP19-10000-C,66.14,0.008,1.8,2,1551185398343,16029832,168
2019-02-26 12:49:58.343,2.0,sell,3784.85,BTC-27SEP19-10000-C,66.14,0.008,2.0,3,1551185398343,16029833,169
2019-02-27 20:44:38.316,0.3,sell,3722.14,BTC-27SEP19-10000-C,65.67,0.006999999999999999,0.3,2,1551300278316,16074768,170
2019-02-27 20:48:48.056,0.2,sell,3728.01,BTC-27SEP19-10000-C,64.87,0.0065,0.2,2,1551300528056,16076106,171
2019-02-27 21:41:46.599,5.0,sell,3739.9,BTC-27SEP19-10000-C,64.72,0.0065,5.0,3,1551303706599,16079828,172
2019-02-28 09:17:12.322,100.0,buy,3829.88,BTC-27SEP19-10000-C,65.77,0.008,100.0,0,1551345432322,16098850,173
2019-02-28 09:20:05.963,50.0,buy,3829.96,BTC-27SEP19-10000-C,65.77,0.008,50.0,1,1551345605963,16098966,175
2019-02-28 09:20:05.963,50.0,buy,3829.96,BTC-27SEP19-10000-C,65.77,0.008,50.0,1,1551345605963,16098965,174
2019-03-01 23:59:52.213,2.0,sell,3806.12,BTC-27SEP19-10000-C,64.15,0.0065,2.0,2,1551484792213,16161549,176
2019-03-05 03:55:06.077,0.5,sell,3696.05,BTC-27SEP19-10000-C,65.19,0.006,0.5,2,1551758106077,16248634,177
2019-03-05 05:15:02.238,0.5,sell,3706.88,BTC-27SEP19-10000-C,65.03,0.006,0.5,3,1551762902238,16249550,178
2019-03-05 09:24:44.370,3.0,buy,3720.2,BTC-27SEP19-10000-C,67.16,0.0075,3.0,0,1551777884370,16253511,179
2019-03-05 10:21:51.230,5.0,buy,3721.13,BTC-27SEP19-10000-C,67.15,0.0075,5.0,1,1551781311230,16253997,180
2019-03-07 19:02:06.007,5.0,sell,3867.99,BTC-27SEP19-10000-C,65.41,0.0075,5.0,1,1551985326007,16361309,181
2019-03-08 03:32:38.340,0.1,sell,3856.56,BTC-27SEP19-10000-C,64.15,0.0065,0.1,2,1552015958340,16366740,182
2019-03-08 15:51:19.745,10.0,sell,3884.54,BTC-27SEP19-10000-C,65.5,0.0075,10.0,0,1552060279745,16388661,183
2019-03-08 15:51:46.216,10.0,buy,3884.94,BTC-27SEP19-10000-C,66.2,0.008,10.0,0,1552060306216,16388678,184
2019-03-09 07:50:33.103,7.4,buy,3890.41,BTC-27SEP19-10000-C,66.11,0.008,7.4,1,1552117833103,16420089,185
2019-03-10 18:31:51.303,2.2,sell,3880.33,BTC-27SEP19-10000-C,65.16,0.006999999999999999,2.2,2,1552242711303,16465601,186
2019-03-11 23:52:26.863,0.2,sell,3847.63,BTC-27SEP19-10000-C,65.02,0.0065,0.2,2,1552348346863,16498740,187
2019-03-12 01:46:49.867,0.1,sell,3824.97,BTC-27SEP19-10000-C,65.33,0.0065,0.1,3,1552355209867,16503250,188
2019-03-12 03:09:04.774,0.1,sell,3804.45,BTC-27SEP19-10000-C,65.59,0.0065,0.1,3,1552360144774,16506649,189
2019-03-14 03:11:00.548,2.4,sell,3853.84,BTC-27SEP19-10000-C,66.2,0.006999999999999999,2.4,0,1552533060548,16548870,190
2019-03-15 00:54:35.152,5.0,buy,3859.56,BTC-27SEP19-10000-C,68.37,0.0085,5.0,0,1552611275152,16575309,191
2019-03-15 09:17:28.407,1.0,buy,3854.59,BTC-27SEP19-10000-C,69.1,0.009000000000000001,1.0,0,1552641448407,16581956,192
2019-03-15 13:19:39.876,10.0,buy,3884.18,BTC-27SEP19-10000-C,66.66,0.0075,10.0,2,1552655979876,16591418,193
2019-03-16 01:09:01.322,0.3,buy,3909.79,BTC-27SEP19-10000-C,67.09,0.008,0.3,0,1552698541322,16604634,194
2019-03-16 03:31:49.734,0.2,buy,3935.19,BTC-27SEP19-10000-C,66.7,0.008,0.2,1,1552707109734,16610596,195
2019-03-18 14:00:07.729,1.0,buy,3965.17,BTC-27SEP19-10000-C,66.75,0.008,1.0,1,1552917607729,16690042,196
2019-03-18 16:39:24.932,2.5,buy,3966.76,BTC-27SEP19-10000-C,66.81,0.008,2.5,1,1552927164932,16691794,197
2019-03-18 16:40:56.033,3.0,sell,3967.14,BTC-27SEP19-10000-C,66.09,0.0075,3.0,2,1552927256033,16691796,198
2019-03-19 08:16:43.942,5.0,sell,3960.44,BTC-27SEP19-10000-C,65.44,0.006999999999999999,5.0,2,1552983403942,16701068,199
2019-03-19 17:33:42.722,3.0,buy,4006.76,BTC-27SEP19-10000-C,66.34,0.008,3.0,0,1553016822722,16712905,200
2019-03-21 03:35:00.161,0.2,sell,4030.15,BTC-27SEP19-10000-C,64.17,0.0065,0.2,2,1553139300161,16748154,201
2019-03-22 03:18:34.496,1.3,buy,3980.1,BTC-27SEP19-10000-C,66.6,0.0075,1.3,0,1553224714496,16773606,202
2019-03-22 13:42:14.641,5.0,buy,3989.52,BTC-27SEP19-10000-C,66.53,0.0075,5.0,1,1553262134641,16778479,203
2019-03-22 20:25:20.924,1.0,buy,3985.98,BTC-27SEP19-10000-C,65.93,0.006999999999999999,1.0,2,1553286320924,16781468,204
2019-03-23 00:42:54.914,0.1,sell,3976.61,BTC-27SEP19-10000-C,65.2,0.0065,0.1,2,1553301774914,16783505,205
2019-03-27 07:09:54.189,1.0,sell,3982.84,BTC-27SEP19-10000-C,65.41,0.006,1.0,2,1553670594189,16854586,206
2019-03-27 07:09:54.189,9.0,sell,3982.84,BTC-27SEP19-10000-C,65.41,0.006,9.0,3,1553670594189,16854587,207
2019-03-27 20:52:09.335,0.2,sell,4007.5,BTC-27SEP19-10000-C,65.85,0.0065,0.2,0,1553719929335,16869246,208
2019-03-27 22:07:21.926,20.0,buy,4008.58,BTC-27SEP19-10000-C,68.18,0.008,20.0,1,1553724441926,16869665,210
2019-03-27 22:07:21.926,18.0,buy,4008.58,BTC-27SEP19-10000-C,68.18,0.008,18.0,0,1553724441926,16869664,209
2019-03-27 22:07:21.926,12.0,buy,4008.58,BTC-27SEP19-10000-C,68.18,0.008,12.0,1,1553724441926,16869666,211
2019-03-29 14:44:46.061,5.0,buy,4076.38,BTC-27SEP19-10000-C,68.78,0.009000000000000001,5.0,0,1553870686061,16959029,212
2019-03-30 19:36:03.078,2.0,sell,4076.6,BTC-27SEP19-10000-C,68.84,0.009000000000000001,2.0,1,1553974563078,16982825,214
2019-03-30 19:36:03.078,2.0,sell,4076.6,BTC-27SEP19-10000-C,68.84,0.009000000000000001,2.0,1,1553974563078,16982824,213
2019-03-30 22:17:48.791,4.0,sell,4081.99,BTC-27SEP19-10000-C,68.84,0.009000000000000001,4.0,1,1553984268791,16983586,215
2019-03-31 00:04:06.853,0.5,sell,4096.04,BTC-27SEP19-10000-C,68.64,0.009000000000000001,0.5,1,1553990646853,16984451,216
2019-03-31 11:31:38.587,3.5,sell,4098.4,BTC-27SEP19-10000-C,68.73,0.009000000000000001,3.5,1,1554031898587,16988163,217
2019-03-31 22:40:41.929,1.0,sell,4090.38,BTC-27SEP19-10000-C,68.34,0.0085,1.0,2,1554072041929,16992143,218
2019-04-01 07:18:26.364,10.0,sell,4126.79,BTC-27SEP19-10000-C,69.25,0.0095,10.0,0,1554103106364,17001528,219
2019-04-01 09:17:41.083,0.3,sell,4123.38,BTC-27SEP19-10000-C,68.72,0.009000000000000001,0.3,2,1554110261083,17003021,220
2019-04-01 11:17:18.908,0.3,sell,4115.07,BTC-27SEP19-10000-C,68.85,0.009000000000000001,0.3,3,1554117438908,17003955,222
2019-04-01 11:17:18.908,9.7,sell,4115.07,BTC-27SEP19-10000-C,68.85,0.009000000000000001,9.7,3,1554117438908,17003954,221
2019-04-01 11:19:24.192,0.7000000000000001,sell,4115.23,BTC-27SEP19-10000-C,68.85,0.009000000000000001,0.7000000000000001,3,1554117564192,17003976,223
2019-04-02 01:07:15.642,1.0,sell,4143.39,BTC-27SEP19-10000-C,67.31,0.008,1.0,2,1554167235642,17014594,224
2019-04-02 02:42:11.330,1.0,sell,4172.24,BTC-27SEP19-10000-C,66.86,0.008,1.0,3,1554172931330,17016941,225
2019-04-02 05:30:09.832,3.0,buy,4987.17,BTC-27SEP19-10000-C,63.36,0.0155,3.0,0,1554183009832,17065956,226
2019-04-02 05:39:50.736,0.5,sell,4786.54,BTC-27SEP19-10000-C,59.19,0.009000000000000001,0.5,2,1554183590736,17070545,227
2019-04-02 05:49:31.370,2.0,buy,4848.07,BTC-27SEP19-10000-C,65.35,0.0155,2.0,0,1554184171370,17072780,228
2019-04-02 12:44:45.328,10.0,sell,4799.21,BTC-27SEP19-10000-C,65.68,0.015,10.0,2,1554209085328,17110111,229
2019-04-02 13:51:34.721,20.0,buy,4801.3,BTC-27SEP19-10000-C,66.16,0.0155,20.0,0,1554213094721,17112394,230
2019-04-02 15:47:51.331,2.0,buy,4736.43,BTC-27SEP19-10000-C,66.8,0.0155,2.0,1,1554220071331,17121332,231
2019-04-02 18:37:21.479,0.1,sell,4733.39,BTC-27SEP19-10000-C,66.06,0.0145,0.1,2,1554230241479,17126610,232
2019-04-02 19:58:44.182,0.5,buy,4768.42,BTC-27SEP19-10000-C,66.56,0.0155,0.5,0,1554235124182,17128463,233
2019-04-02 23:46:52.495,1.7,buy,4943.89,BTC-27SEP19-10000-C,64.44,0.0155,1.7,1,1554248812495,17150304,234
2019-04-03 00:30:28.782,1.0,buy,4988.91,BTC-27SEP19-10000-C,63.97,0.0155,1.0,1,1554251428782,17157755,235
2019-04-03 01:40:07.622,25.0,buy,4943.06,BTC-27SEP19-10000-C,64.42,0.0155,25.0,1,1554255607622,17165555,236
2019-04-03 01:40:18.016,24.8,buy,4947.96,BTC-27SEP19-10000-C,64.35,0.0155,24.8,1,1554255618016,17165604,237
2019-04-03 15:24:15.672,0.3,buy,5023.84,BTC-27SEP19-10000-C,71.47,0.026,0.3,0,1554305055672,17204879,238
2019-04-03 17:17:01.231,10.0,sell,5080.34,BTC-27SEP19-10000-C,65.62,0.019,10.0,2,1554311821231,17218320,239
2019-04-03 21:37:44.600,1.0,buy,5290.9,BTC-27SEP19-10000-C,67.89,0.026000000000000002,1.0,0,1554327464600,17242062,240
2019-04-04 02:39:36.027,15.0,sell,5004.73,BTC-27SEP19-10000-C,68.3,0.021,15.0,2,1554345576027,17288035,241
2019-04-04 05:41:47.692,1.0,buy,5024.99,BTC-27SEP19-10000-C,71.61,0.026000000000000002,1.0,0,1554356507692,17293074,242
2019-04-04 06:38:23.752,25.0,sell,5050.93,BTC-27SEP19-10000-C,68.42,0.022000000000000002,25.0,2,1554359903752,17294468,243
2019-04-04 06:40:08.540,25.0,sell,5048.37,BTC-27SEP19-10000-C,68.49,0.022000000000000002,25.0,3,1554360008540,17294523,244
2019-04-04 08:20:09.195,5.7,sell,5045.83,BTC-27SEP19-10000-C,68.17,0.0215,5.7,2,1554366009195,17296005,246
2019-04-04 08:20:09.195,2.0,sell,5045.83,BTC-27SEP19-10000-C,69.28,0.023,2.0,0,1554366009195,17296004,245
2019-04-04 13:38:17.226,100.0,sell,5009.6,BTC-27SEP19-10000-C,69.31,0.0225,100.0,0,1554385097226,17308551,247
2019-04-05 09:21:57.753,0.5,buy,4954.31,BTC-27SEP19-10000-C,71.55,0.0245,0.5,0,1554456117753,17356636,248
2019-04-05 10:20:28.409,0.5,sell,4959.96,BTC-27SEP19-10000-C,71.05,0.024,0.5,2,1554459628409,17357627,249
2019-04-05 18:44:22.899,15.0,buy,5009.15,BTC-27SEP19-10000-C,72.8,0.027000000000000003,15.0,0,1554489862899,17379129,250
2019-04-05 18:44:22.899,18.0,buy,5009.15,BTC-27SEP19-10000-C,72.8,0.027000000000000003,18.0,1,1554489862899,17379130,251
2019-04-05 19:31:52.918,0.5,sell,5015.1,BTC-27SEP19-10000-C,71.36,0.025,0.5,2,1554492712918,17379909,252
2019-04-06 15:26:30.306,1.1,buy,5037.2,BTC-27SEP19-10000-C,72.62,0.0275,1.1,0,1554564390306,17399359,253
2019-04-06 22:20:59.254,5.0,buy,5048.67,BTC-27SEP19-10000-C,72.61,0.027999999999999997,5.0,0,1554589259254,17439792,254
2019-04-06 22:22:58.017,5.0,buy,5050.2,BTC-27SEP19-10000-C,72.94,0.0285,5.0,0,1554589378017,17439959,255
2019-04-07 22:04:51.585,2.0,buy,5170.83,BTC-27SEP19-10000-C,72.04,0.0295,2.0,0,1554674691585,17482765,256
2019-04-07 22:28:34.970,2.0,buy,5190.29,BTC-27SEP19-10000-C,71.72,0.0295,2.0,1,1554676114970,17484359,257
2019-04-07 22:44:03.491,2.0,buy,5219.18,BTC-27SEP19-10000-C,71.71,0.03,2.0,0,1554677043491,17486021,258
2019-04-08 01:12:55.489,1.0,buy,5298.85,BTC-27SEP19-10000-C,71.02,0.031,1.0,0,1554685975489,17501479,259
2019-04-08 04:48:09.246,0.5,sell,5294.93,BTC-27SEP19-10000-C,67.23,0.0255,0.5,2,1554698889246,17512850,260
2019-04-08 06:39:51.500,174.3,buy,5257.21,BTC-27SEP19-10000-C,71.7,0.0315,174.3,0,1554705591500,17515604,261
2019-04-08 15:08:42.876,1.0,sell,5235.69,BTC-27SEP19-10000-C,69.6,0.027000000000000003,1.0,2,1554736122876,17534139,262
2019-04-08 22:18:32.915,0.2,sell,5283.41,BTC-27SEP19-10000-C,69.41,0.0275,0.2,0,1554761912915,17545649,263
2019-04-09 00:02:57.248,0.2,sell,5274.32,BTC-27SEP19-10000-C,69.53,0.0275,0.2,1,1554768177248,17549845,264
2019-04-09 14:54:06.249,10.0,sell,5202.35,BTC-27SEP19-10000-C,71.17,0.028,10.0,0,1554821646249,17576852,265
2019-04-10 09:36:48.253,3.0,sell,5251.75,BTC-27SEP19-10000-C,68.76,0.0255,3.0,2,1554889008253,17595964,266
2019-04-10 15:29:11.761,2.2,sell,5265.75,BTC-27SEP19-10000-C,68.81,0.0255,2.2,3,1554910151761,17602743,267
2019-04-11 04:05:46.745,6.6000000000000005,sell,5195.84,BTC-27SEP19-10000-C,72.06,0.0285,6.6000000000000005,0,1554955546745,17667640,268
2019-04-11 04:05:46.745,10.0,sell,5195.84,BTC-27SEP19-10000-C,72.06,0.0285,10.0,1,1554955546745,17667641,269
2019-04-11 18:25:31.857,100.0,buy,5065.66,BTC-27SEP19-10000-C,73.11,0.0265,100.0,2,1555007131857,17710313,270
2019-04-12 05:43:39.589,10.0,sell,5005.15,BTC-27SEP19-10000-C,70.97,0.0225,10.0,2,1555047819589,17738262,271
2019-04-12 15:54:23.498,1.7,sell,5069.95,BTC-27SEP19-10000-C,69.8,0.022,1.7,3,1555084463498,17751671,273
2019-04-12 15:54:23.498,0.5,sell,5069.95,BTC-27SEP19-10000-C,69.8,0.022,0.5,2,1555084463498,17751670,272
2019-04-12 16:58:01.943,10.0,sell,5083.16,BTC-27SEP19-10000-C,69.63,0.022000000000000002,10.0,3,1555088281943,17752405,274
2019-04-15 04:37:14.746,1.0,sell,5170.04,BTC-27SEP19-10000-C,70.1,0.023,1.0,0,1555303034746,17813109,275
2019-04-15 22:29:12.663,0.2,buy,5046.14,BTC-27SEP19-10000-C,73.34,0.0255,0.2,0,1555367352663,17847440,276
2019-04-16 09:49:39.150,10.0,sell,5083.11,BTC-27SEP19-10000-C,70.4,0.022,10.0,2,1555408179150,17855238,277
2019-04-16 10:00:02.403,10.0,sell,5082.19,BTC-27SEP19-10000-C,70.37,0.022,10.0,3,1555408802403,17855354,278
2019-04-16 12:22:26.274,10.0,buy,5072.17,BTC-27SEP19-10000-C,70.26,0.0215,10.0,2,1555417346274,17856636,279
2019-04-16 17:27:37.156,10.0,sell,5124.53,BTC-27SEP19-10000-C,70.19,0.0225,10.0,0,1555435657156,17866212,280
2019-04-16 17:27:59.141,10.0,sell,5126.13,BTC-27SEP19-10000-C,70.15,0.0225,10.0,1,1555435679141,17866384,281
2019-04-16 18:14:17.716,0.1,buy,5212.21,BTC-27SEP19-10000-C,70.46,0.0245,0.1,0,1555438457716,17875832,282
2019-04-18 14:28:11.460,12.0,buy,5243.75,BTC-27SEP19-10000-C,70.72,0.025,12.0,0,1555597691460,17923764,283
2019-04-20 02:52:09.497,0.3,sell,5295.9,BTC-27SEP19-10000-C,68.95,0.023,0.3,2,1555728729497,17974300,284
2019-04-20 02:53:18.161,0.3,sell,5297.3,BTC-27SEP19-10000-C,68.92,0.023,0.3,3,1555728798161,17974315,285
2019-04-20 03:06:28.150,0.3,sell,5296.78,BTC-27SEP19-10000-C,68.96,0.023,0.3,3,1555729588150,17974500,286
2019-04-20 03:08:15.857,0.5,sell,5296.19,BTC-27SEP19-10000-C,68.97,0.023,0.5,3,1555729695857,17974513,287
2019-04-20 03:09:27.939,0.3,sell,5294.94,BTC-27SEP19-10000-C,68.97,0.023,0.3,3,1555729767939,17974515,288
2019-04-20 03:15:42.334,0.3,sell,5298.65,BTC-27SEP19-10000-C,68.93,0.023,0.3,3,1555730142334,17974649,289
2019-04-20 03:18:03.829,0.3,sell,5297.57,BTC-27SEP19-10000-C,68.95,0.023,0.3,3,1555730283829,17974670,290
2019-04-20 03:19:03.428,0.2,sell,5295.77,BTC-27SEP19-10000-C,68.97,0.023,0.2,3,1555730343428,17974678,291
2019-04-20 04:01:48.052,0.5,sell,5307.22,BTC-27SEP19-10000-C,68.84,0.023,0.5,3,1555732908052,17974851,292
2019-04-20 04:37:58.038,0.5,sell,5310.31,BTC-27SEP19-10000-C,68.82,0.023,0.5,3,1555735078038,17975148,293
2019-04-20 04:39:21.203,0.5,sell,5311.94,BTC-27SEP19-10000-C,68.81,0.023,0.5,3,1555735161203,17975150,294
2019-04-20 04:41:38.420,0.5,sell,5315.41,BTC-27SEP19-10000-C,68.73,0.023,0.5,3,1555735298420,17975195,295
2019-04-20 04:48:55.575,0.3,buy,5323.73,BTC-27SEP19-10000-C,69.0,0.0235,0.3,0,1555735735575,17975384,296
2019-04-20 06:04:59.137,0.1,sell,5333.0,BTC-27SEP19-10000-C,68.83,0.0235,0.1,1,1555740299137,17976835,297
2019-04-20 06:52:09.965,0.1,sell,5321.64,BTC-27SEP19-10000-C,68.98,0.0235,0.1,1,1555743129965,17977546,298
2019-04-20 07:28:30.742,0.2,buy,5328.12,BTC-27SEP19-10000-C,70.02,0.025,0.2,0,1555745310742,17977813,299
2019-04-20 07:52:23.367,1.8,buy,5332.79,BTC-27SEP19-10000-C,69.98,0.025,1.8,1,1555746743367,17978134,300
2019-04-21 02:11:27.330,0.5,sell,5328.03,BTC-27SEP19-10000-C,68.77,0.023,0.5,2,1555812687330,17997412,301
2019-04-21 14:28:23.193,0.5,sell,5261.25,BTC-27SEP19-10000-C,69.83,0.023,0.5,3,1555856903193,18015858,302
2019-04-21 14:29:12.237,0.3,sell,5260.23,BTC-27SEP19-10000-C,69.84,0.023,0.3,3,1555856952237,18015860,303
2019-04-21 14:35:48.421,0.5,sell,5267.09,BTC-27SEP19-10000-C,69.78,0.023,0.5,3,1555857348421,18015943,304
2019-04-21 14:46:04.350,0.5,sell,5270.67,BTC-27SEP19-10000-C,69.75,0.023,0.5,3,1555857964350,18016018,305
2019-04-21 14:49:57.539,0.5,sell,5265.74,BTC-27SEP19-10000-C,69.77,0.023,0.5,3,1555858197539,18016048,306
2019-04-21 14:51:32.376,0.5,sell,5266.58,BTC-27SEP19-10000-C,69.76,0.023,0.5,3,1555858292376,18016053,307
2019-04-21 14:53:16.979,0.5,sell,5271.26,BTC-27SEP19-10000-C,69.74,0.023,0.5,3,1555858396979,18016089,308
2019-04-22 16:24:41.626,1.0,sell,5299.57,BTC-27SEP19-10000-C,70.14,0.024,1.0,0,1555950281626,18051360,309
2019-04-22 16:25:52.823,1.0,sell,5300.22,BTC-27SEP19-10000-C,70.15,0.024,1.0,1,1555950352823,18051429,310
2019-04-22 16:26:55.730,1.0,sell,5299.88,BTC-27SEP19-10000-C,70.13,0.024,1.0,1,1555950415730,18051448,311
2019-04-22 16:27:44.049,1.0,sell,5300.12,BTC-27SEP19-10000-C,70.14,0.024,1.0,1,1555950464049,18051452,312
2019-04-22 16:28:33.580,1.0,sell,5302.56,BTC-27SEP19-10000-C,70.11,0.024,1.0,1,1555950513580,18051472,313
2019-04-22 16:30:16.418,0.8,sell,5299.35,BTC-27SEP19-10000-C,70.14,0.024,0.8,1,1555950616418,18051498,314
2019-04-22 16:30:41.425,0.8,sell,5300.92,BTC-27SEP19-10000-C,70.13,0.024,0.8,1,1555950641425,18051518,315
2019-04-22 17:19:22.440,0.9,sell,5313.49,BTC-27SEP19-10000-C,69.91,0.024,0.9,1,1555953562440,18052231,316
2019-04-22 17:20:36.932,1.0,sell,5314.44,BTC-27SEP19-10000-C,69.91,0.024,1.0,1,1555953636932,18052253,317
2019-04-22 17:21:15.125,1.5,sell,5314.46,BTC-27SEP19-10000-C,69.9,0.024,1.5,1,1555953675125,18052255,318
2019-04-22 17:21:15.125,0.1,sell,5314.46,BTC-27SEP19-10000-C,69.53,0.0235,0.1,2,1555953675125,18052256,319
2019-04-23 12:46:19.854,0.2,sell,5574.04,BTC-27SEP19-10000-C,68.53,0.027000000000000003,0.2,0,1556023579854,18109083,320
2019-04-23 13:19:58.281,0.3,buy,5568.94,BTC-27SEP19-10000-C,68.73,0.027000000000000003,0.3,1,1556025598281,18110009,321
2019-04-23 18:26:14.263,0.5,sell,5597.9,BTC-27SEP19-10000-C,69.74,0.028999999999999998,0.5,0,1556043974263,18120254,322
2019-04-23 21:32:06.207,9.5,sell,5584.61,BTC-27SEP19-10000-C,70.0,0.028999999999999998,9.5,1,1556055126207,18123904,323
2019-04-24 01:16:37.406,0.2,sell,5517.52,BTC-27SEP19-10000-C,69.96,0.0275,0.2,2,1556068597406,18135637,324
2019-04-24 02:41:31.720,0.2,sell,5551.79,BTC-27SEP19-10000-C,69.93,0.027999999999999997,0.2,0,1556073691720,18140569,325
2019-04-24 07:29:35.328,10.0,sell,5576.4,BTC-27SEP19-10000-C,70.36,0.028999999999999998,10.0,0,1556090975328,18149369,326
2019-04-24 07:31:24.085,2.0,buy,5577.04,BTC-27SEP19-10000-C,71.04,0.03,2.0,0,1556091084085,18149518,327
2019-04-24 07:48:36.437,10.0,sell,5463.55,BTC-27SEP19-10000-C,70.33,0.0265,10.0,2,1556092116437,18152850,328
2019-04-24 07:48:55.807,10.0,sell,5445.59,BTC-27SEP19-10000-C,70.19,0.026000000000000002,10.0,2,1556092135807,18153381,329
2019-04-24 07:49:13.122,24.6,sell,5432.67,BTC-27SEP19-10000-C,69.96,0.0255,24.6,2,1556092153122,18153835,330
2019-04-24 07:50:28.236,10.0,sell,5460.95,BTC-27SEP19-10000-C,69.2,0.025,10.0,2,1556092228236,18155901,331
2019-04-24 07:50:28.236,12.0,sell,5460.95,BTC-27SEP19-10000-C,69.2,0.025,12.0,3,1556092228236,18155902,332
2019-04-24 07:53:07.596,3.0,buy,5472.75,BTC-27SEP19-10000-C,70.18,0.0265,3.0,0,1556092387596,18157066,333
2019-04-24 08:00:19.885,10.0,buy,5466.4,BTC-27SEP19-10000-C,70.26,0.0265,10.0,1,1556092819885,18158324,334
2019-04-24 15:56:25.651,0.2,sell,5466.53,BTC-27SEP19-10000-C,69.35,0.025,0.2,2,1556121385651,18181116,335
2019-04-24 16:24:42.337,0.2,sell,5440.98,BTC-27SEP19-10000-C,69.7,0.025,0.2,3,1556123082337,18182189,336
2019-04-24 18:57:47.533,2.6,sell,5394.99,BTC-27SEP19-10000-C,70.33,0.025,2.6,3,1556132267533,18193965,337
2019-04-25 03:28:19.216,0.2,buy,5434.34,BTC-27SEP19-10000-C,69.89,0.025,0.2,3,1556162899216,18205010,338
2019-04-25 22:30:48.384,10.0,sell,5103.07,BTC-27SEP19-10000-C,73.86,0.023,10.0,2,1556231448384,18272499,339
2019-04-25 22:30:48.399,10.0,sell,5103.07,BTC-27SEP19-10000-C,73.47,0.0225,10.0,2,1556231448399,18272500,340
2019-04-26 02:38:57.546,0.1,sell,5249.13,BTC-27SEP19-10000-C,71.12,0.0225,0.1,3,1556246337546,18299950,341
2019-04-26 02:39:04.676,0.1,buy,5250.44,BTC-27SEP19-10000-C,71.49,0.023,0.1,0,1556246344676,18300115,342
2019-04-26 11:15:52.536,2.0,sell,5155.73,BTC-27SEP19-10000-C,72.14,0.022000000000000002,2.0,2,1556277352536,18325337,343
2019-04-26 11:16:03.131,8.0,sell,5156.76,BTC-27SEP19-10000-C,72.12,0.022000000000000002,8.0,3,1556277363131,18325340,344
2019-04-26 15:06:31.665,10.0,buy,5165.94,BTC-27SEP19-10000-C,72.46,0.0225,10.0,0,1556291191665,18331347,345
2019-04-26 16:56:25.197,10.0,buy,5094.7,BTC-27SEP19-10000-C,73.41,0.0225,10.0,1,1556297785197,18341328,346
2019-04-26 20:38:14.477,1.0,sell,5116.36,BTC-27SEP19-10000-C,71.03,0.02,1.0,2,1556311094477,18347204,347
2019-04-26 22:16:23.117,10.0,buy,5158.22,BTC-27SEP19-10000-C,72.52,0.0225,10.0,0,1556316983117,18352069,348
2019-04-27 10:26:56.926,0.2,sell,5152.71,BTC-27SEP19-10000-C,71.26,0.0205,0.2,2,1556360816926,18362357,349
2019-04-29 10:33:28.045,10.0,sell,5130.92,BTC-27SEP19-10000-C,72.28,0.0205,10.0,3,1556534008045,18414319,350
2019-04-29 13:33:35.195,0.2,buy,5131.91,BTC-27SEP19-10000-C,72.76,0.021,0.2,0,1556544815195,18425552,351
2019-04-29 17:37:10.522,0.1,buy,5169.8,BTC-27SEP19-10000-C,72.66,0.0215,0.1,0,1556559430522,18431937,352
2019-04-30 08:09:23.376,10.0,buy,5147.96,BTC-27SEP19-10000-C,72.34,0.0205,10.0,2,1556611763376,18451377,353
2019-04-30 10:14:21.492,0.3,buy,5178.17,BTC-27SEP19-10000-C,71.9,0.0205,0.3,3,1556619261492,18455418,354
2019-04-30 10:14:21.492,0.1,buy,5178.17,BTC-27SEP19-10000-C,71.9,0.0205,0.1,3,1556619261492,18455419,355
2019-04-30 10:22:23.596,10.0,sell,5177.42,BTC-27SEP19-10000-C,71.88,0.0205,10.0,3,1556619743596,18457613,356
2019-04-30 12:44:55.775,10.0,sell,5212.37,BTC-27SEP19-10000-C,71.9,0.021,10.0,0,1556628295775,18463411,357
2019-04-30 12:47:23.005,10.0,sell,5212.4,BTC-27SEP19-10000-C,71.9,0.021,10.0,1,1556628443005,18463555,358
2019-04-30 12:48:03.769,10.0,sell,5211.83,BTC-27SEP19-10000-C,71.9,0.021,10.0,1,1556628483769,18463560,359
2019-04-30 12:50:05.130,9.6,sell,5214.88,BTC-27SEP19-10000-C,71.89,0.021,9.6,1,1556628605130,18463607,360
2019-04-30 13:48:17.320,0.1,buy,5255.49,BTC-27SEP19-10000-C,72.09,0.022000000000000002,0.1,0,1556632097320,18471104,361
2019-05-01 02:22:02.954,0.1,buy,5327.31,BTC-27SEP19-10000-C,71.74,0.0225,0.1,0,1556677322954,18495084,362
2019-05-02 06:24:25.384,0.3,buy,5326.8,BTC-27SEP19-10000-C,71.9,0.022000000000000002,0.3,2,1556778265384,18533361,363
2019-05-02 09:00:25.338,15.0,buy,5373.12,BTC-27SEP19-10000-C,73.09,0.0245,15.0,0,1556787625338,18540857,364
2019-05-02 09:21:05.407,6.9,sell,5360.73,BTC-27SEP19-10000-C,72.16,0.023,6.9,2,1556788865407,18543439,365
2019-05-02 11:22:55.279,15.0,buy,5366.27,BTC-27SEP19-10000-C,73.23,0.0245,15.0,0,1556796175279,18546605,366
2019-05-02 13:58:46.172,10.0,buy,5368.81,BTC-27SEP19-10000-C,71.79,0.0225,10.0,2,1556805526172,18551709,367
2019-05-02 13:59:37.778,10.0,sell,5373.85,BTC-27SEP19-10000-C,71.69,0.0225,10.0,3,1556805577778,18551797,368
2019-05-02 13:59:49.458,10.0,sell,5374.81,BTC-27SEP19-10000-C,71.69,0.0225,10.0,3,1556805589458,18551831,369
2019-05-02 13:59:52.354,10.0,sell,5374.03,BTC-27SEP19-10000-C,71.69,0.0225,10.0,3,1556805592354,18551832,370
2019-05-02 14:00:00.027,10.0,sell,5374.54,BTC-27SEP19-10000-C,71.69,0.0225,10.0,3,1556805600027,18551841,371
2019-05-02 14:11:21.357,9.0,buy,5366.83,BTC-27SEP19-10000-C,72.59,0.0235,9.0,1,1556806281357,18552312,373
2019-05-02 14:11:21.357,0.1,buy,5366.83,BTC-27SEP19-10000-C,72.59,0.0235,0.1,0,1556806281357,18552311,372
2019-05-02 14:12:04.184,1.0,buy,5363.74,BTC-27SEP19-10000-C,72.65,0.0235,1.0,1,1556806324184,18552371,374
2019-05-02 14:12:04.680,1.0,sell,5363.17,BTC-27SEP19-10000-C,72.64,0.0235,1.0,1,1556806324680,18552372,375
2019-05-03 04:04:30.666,10.0,sell,5454.67,BTC-27SEP19-10000-C,71.23,0.0235,10.0,1,1556856270666,18593861,376
2019-05-03 04:35:54.971,1.0,buy,5479.51,BTC-27SEP19-10000-C,71.2,0.024,1.0,0,1556858154971,18594802,377
2019-05-03 04:35:54.973,9.0,buy,5479.51,BTC-27SEP19-10000-C,71.2,0.024,9.0,1,1556858154973,18594803,378
2019-05-03 04:35:55.047,10.0,sell,5479.51,BTC-27SEP19-10000-C,71.2,0.024,10.0,1,1556858155047,18594804,379
2019-05-03 04:36:31.832,1.7,sell,5480.74,BTC-27SEP19-10000-C,71.19,0.024,1.7,1,1556858191832,18595016,380
2019-05-03 12:16:55.902,0.1,buy,5705.02,BTC-27SEP19-10000-C,71.0,0.028999999999999998,0.1,0,1556885815902,18673835,381
2019-05-05 16:03:59.929,10.0,sell,5704.19,BTC-27SEP19-10000-C,71.64,0.0295,10.0,0,1557072239929,18880364,382
2019-05-05 16:03:59.941,10.0,sell,5704.19,BTC-27SEP19-10000-C,71.3,0.028999999999999998,10.0,2,1557072239941,18880366,383
2019-05-05 16:04:05.434,1.0,sell,5704.22,BTC-27SEP19-10000-C,70.62,0.027999999999999997,1.0,2,1557072245434,18880370,384
2019-05-05 16:04:05.434,4.0,sell,5704.22,BTC-27SEP19-10000-C,70.62,0.027999999999999997,4.0,3,1557072245434,18880371,385
2019-05-05 18:15:23.959,0.1,buy,5677.92,BTC-27SEP19-10000-C,74.09,0.0325,0.1,0,1557080123959,18890026,386
2019-05-05 20:58:17.904,0.1,buy,5758.54,BTC-27SEP19-10000-C,73.28,0.033,0.1,0,1557089897904,18899571,387
2019-05-06 00:34:25.587,0.2,sell,5691.85,BTC-27SEP19-10000-C,72.95,0.031,0.2,2,1557102865587,18909708,388
2019-05-06 03:20:51.305,10.0,sell,5633.63,BTC-27SEP19-10000-C,71.52,0.0275,10.0,2,1557112851305,18929902,389
2019-05-06 05:02:10.174,0.1,buy,5652.69,BTC-27SEP19-10000-C,71.98,0.0285,0.1,0,1557118930174,18933236,390
2019-05-06 13:32:11.059,15.0,buy,5634.94,BTC-27SEP19-10000-C,73.35,0.03,15.0,1,1557149531059,18951987,392
2019-05-06 13:32:11.059,18.0,buy,5634.94,BTC-27SEP19-10000-C,73.35,0.03,18.0,0,1557149531059,18951986,391
2019-05-06 13:32:11.129,9.1,sell,5634.94,BTC-27SEP19-10000-C,73.69,0.0305,9.1,0,1557149531129,18951997,393
2019-05-06 13:37:31.446,10.0,sell,5631.41,BTC-27SEP19-10000-C,72.32,0.0285,10.0,2,1557149851446,18952150,394
2019-05-06 13:37:35.190,10.0,sell,5631.41,BTC-27SEP19-10000-C,71.97,0.027999999999999997,10.0,2,1557149855190,18952152,395
2019-05-06 16:10:10.608,10.0,sell,5693.05,BTC-27SEP19-10000-C,71.66,0.028999999999999998,10.0,0,1557159010608,18959378,396
2019-05-06 16:30:44.075,7.0,sell,5701.73,BTC-27SEP19-10000-C,71.57,0.028999999999999998,7.0,1,1557160244075,18961737,397
2019-05-06 16:48:50.109,10.0,buy,5716.27,BTC-27SEP19-10000-C,71.71,0.0295,10.0,0,1557161330109,18963944,398
2019-05-06 20:36:39.500,0.1,buy,5697.21,BTC-27SEP19-10000-C,72.27,0.03,0.1,0,1557174999500,18980741,399
2019-05-07 04:49:20.014,1.0,buy,5866.64,BTC-27SEP19-10000-C,72.75,0.0345,1.0,0,1557204560014,19025587,400
2019-05-09 14:02:11.090,10.0,sell,5998.77,BTC-27SEP19-10000-C,72.51,0.0345,10.0,1,1557410531090,19249015,401
2019-05-09 20:18:04.777,4.9,buy,6066.53,BTC-27SEP19-10000-C,73.81,0.038,4.9,0,1557433084777,19261781,402
2019-05-09 20:22:52.626,10.0,sell,6063.74,BTC-27SEP19-10000-C,73.87,0.038,10.0,1,1557433372626,19261879,403
2019-05-09 20:32:31.629,4.9,buy,6072.97,BTC-27SEP19-10000-C,74.0,0.0385,4.9,0,1557433951629,19262369,404
2019-05-09 20:32:31.631,14.0,sell,6072.97,BTC-27SEP19-10000-C,74.3,0.039,14.0,0,1557433951631,19262370,405
2019-05-09 20:32:51.616,8.2,sell,6072.97,BTC-27SEP19-10000-C,74.31,0.039,8.2,1,1557433971616,19262383,406
2019-05-10 03:45:52.537,1.0,buy,6266.75,BTC-27SEP19-10000-C,73.6,0.0425,1.0,0,1557459952537,19310168,407
2019-05-10 13:56:11.442,2.0,sell,6265.46,BTC-27SEP19-10000-C,73.12,0.040999999999999995,2.0,2,1557496571442,19358983,408
2019-05-10 16:44:13.017,5.0,sell,6374.58,BTC-27SEP19-10000-C,72.92,0.0435,5.0,0,1557506653017,19375621,409
2019-05-11 02:37:42.976,4.0,buy,6463.32,BTC-27SEP19-10000-C,74.51,0.0485,4.0,0,1557542262976,19430106,410
2019-05-11 02:43:26.661,4.0,buy,6470.08,BTC-27SEP19-10000-C,74.69,0.049,4.0,0,1557542606661,19430434,411
2019-05-11 02:44:36.583,18.0,buy,6459.83,BTC-27SEP19-10000-C,75.35,0.05,18.0,0,1557542676583,19430515,412
2019-05-11 05:37:31.712,0.1,buy,6685.66,BTC-27SEP19-10000-C,75.33,0.057,0.1,0,1557553051712,19470157,413
2019-05-11 07:16:27.537,1.0,sell,6818.82,BTC-27SEP19-10000-C,70.31,0.0505,1.0,2,1557558987537,19522346,414
2019-05-11 07:16:27.537,49.0,sell,6818.82,BTC-27SEP19-10000-C,69.79,0.0495,49.0,2,1557558987537,19522347,415
2019-05-11 07:18:21.277,18.6,sell,6807.33,BTC-27SEP19-10000-C,69.46,0.0485,18.6,2,1557559101277,19522800,416
2019-05-11 07:19:17.193,0.1,buy,6816.48,BTC-27SEP19-10000-C,73.74,0.057,0.1,0,1557559157193,19522930,417
2019-05-11 10:47:03.102,0.1,buy,6820.75,BTC-27SEP19-10000-C,74.77,0.06,0.1,0,1557571623102,19553211,418
2019-05-11 10:58:48.860,0.9,buy,6841.25,BTC-27SEP19-10000-C,74.47,0.06,0.9,1,1557572328860,19554034,419
2019-05-11 14:54:14.679,9.0,sell,6790.55,BTC-27SEP19-10000-C,76.23,0.063,9.0,0,1557586454679,19575764,420
2019-05-11 16:19:07.897,1.0,buy,7006.37,BTC-27SEP19-10000-C,76.05,0.07,1.0,0,1557591547897,19598569,421
2019-05-11 16:44:56.076,15.0,buy,6958.05,BTC-27SEP19-10000-C,79.27,0.0755,15.0,0,1557593096076,19606541,422
2019-05-11 17:43:35.445,40.0,buy,6963.87,BTC-27SEP19-10000-C,79.39,0.076,40.0,0,1557596615445,19616864,423
2019-05-11 17:44:26.531,10.0,buy,6965.61,BTC-27SEP19-10000-C,79.59,0.0765,10.0,0,1557596666531,19616875,424
2019-05-11 18:44:59.604,0.5,sell,6989.01,BTC-27SEP19-10000-C,76.52,0.0705,0.5,2,1557600299604,19627163,425
2019-05-11 21:01:16.157,1.0,sell,6962.74,BTC-27SEP19-10000-C,77.09,0.071,1.0,0,1557608476157,19638324,426
2019-05-11 21:01:34.416,15.0,sell,6961.04,BTC-27SEP19-10000-C,76.87,0.0705,15.0,2,1557608494416,19638350,427
2019-05-11 21:01:48.102,5.0,sell,6960.88,BTC-27SEP19-10000-C,76.67,0.07,5.0,2,1557608508102,19638368,428
2019-05-11 21:53:16.158,3.2,buy,7038.96,BTC-27SEP19-10000-C,77.59,0.0745,3.2,0,1557611596158,19644609,429
2019-05-11 21:53:20.710,3.2,sell,7038.68,BTC-27SEP19-10000-C,78.26,0.076,3.2,0,1557611600710,19644620,430
2019-05-11 21:56:37.249,3.6,buy,7047.77,BTC-27SEP19-10000-C,78.38,0.0765,3.6,0,1557611797249,19645094,431
2019-05-11 21:59:18.694,10.0,buy,7076.36,BTC-27SEP19-10000-C,77.93,0.0765,10.0,1,1557611958694,19646633,432
2019-05-11 22:00:09.119,1.1,buy,7078.49,BTC-27SEP19-10000-C,78.09,0.077,1.1,0,1557612009119,19647003,433
2019-05-11 22:04:18.988,0.9,buy,7138.8,BTC-27SEP19-10000-C,78.57,0.08,0.9,0,1557612258988,19649780,434
2019-05-11 22:34:42.193,0.1,buy,7318.22,BTC-27SEP19-10000-C,74.92,0.08,0.1,1,1557614082193,19673772,435
2019-05-11 22:52:01.131,1.0,buy,7269.92,BTC-27SEP19-10000-C,80.53,0.09,1.0,0,1557615121131,19687543,436
2019-05-12 00:38:18.210,5.9,buy,6969.44,BTC-27SEP19-10000-C,79.0,0.075,5.9,2,1557621498210,19754910,437
2019-05-12 00:52:39.832,7.0,buy,7069.95,BTC-27SEP19-10000-C,87.77,0.098,7.0,0,1557622359832,19764030,438
2019-05-12 00:53:28.771,23.0,sell,7091.45,BTC-27SEP19-10000-C,87.5,0.098,23.0,1,1557622408771,19764310,439
2019-05-12 04:07:07.276,0.2,buy,7181.88,BTC-27SEP19-10000-C,86.95,0.1,0.2,0,1557634027276,19802208,440
2019-05-12 04:08:45.076,0.2,buy,7190.64,BTC-27SEP19-10000-C,86.84,0.1,0.2,1,1557634125076,19802290,441
2019-05-12 07:07:09.445,0.5,buy,7440.84,BTC-27SEP19-10000-C,83.45,0.1,0.5,1,1557644829445,19828456,442
2019-05-12 07:21:14.719,1.0,sell,7496.89,BTC-27SEP19-10000-C,78.96,0.0915,1.0,2,1557645674719,19834395,443
2019-05-12 08:06:09.342,0.1,buy,7569.02,BTC-27SEP19-10000-C,81.64,0.1,0.1,0,1557648369342,19844045,444
2019-05-12 08:10:33.715,0.2,buy,7551.35,BTC-27SEP19-10000-C,86.22,0.11,0.2,0,1557648633715,19844861,445
2019-05-12 09:56:58.168,0.5,sell,7374.55,BTC-27SEP19-10000-C,80.2,0.09,0.5,2,1557655018168,19894772,446
2019-05-12 11:14:01.554,10.0,buy,7269.89,BTC-27SEP19-10000-C,85.66,0.099,10.0,0,1557659641554,19926183,447
