date_utc,amount,direction,indexPrice,instrument,iv,price,quantity,tickDirection,timeStamp,tradeId,tradeSeq
2019-02-14 00:03:42.679,1.0,buy,3576.32,BTC-27SEP19-10000-C,64.34,0.006,1.0,0,1550102622679,15349782,119
2019-02-14 04:31:54.405,1.0,sell,3582.9,BTC-27SEP19-10000-C,62.54,0.005,1.0,3,1550118714405,15353937,121
2019-02-14 04:31:54.405,10.0,sell,3582.9,BTC-27SEP19-10000-C,62.54,0.005,10.0,3,1550118714405,15353938,122
2019-02-14 04:31:54.405,10.0,sell,3582.9,BTC-27SEP19-10000-C,62.54,0.005,10.0,2,1550118714405,15353936,120
2019-02-14 18:43:10.751,10.0,sell,3574.83,BTC-27SEP19-10000-C,62.72,0.005,10.0,3,1550169790751,15372645,123
2019-02-15 04:38:00.033,0.2,buy,3581.2,BTC-27SEP19-10000-C,63.54,0.0055,0.2,0,1550205480033,15379850,124
2019-02-16 14:26:34.636,0.1,buy,3596.44,BTC-27SEP19-10000-C,64.2,0.006,0.1,0,1550327194636,15417778,125
2019-02-16 14:26:36.232,0.1,buy,3596.71,BTC-27SEP19-10000-C,64.2,0.006,0.1,1,1550327196232,15417780,126
2019-02-17 15:28:51.361,1.0,buy,3572.95,BTC-27SEP19-10000-C,63.83,0.0055,1.0,2,1550417331361,15449116,127
2019-02-17 15:29:24.588,1.0,buy,3573.41,BTC-27SEP19-10000-C,63.83,0.0055,1.0,3,1550417364588,15449139,128
2019-02-17 20:40:33.331,3.0,buy,3572.31,BTC-27SEP19-10000-C,63.8,0.0055,3.0,3,1550436033331,15452570,129
2019-02-17 20:40:33.331,17.0,buy,3572.31,BTC-27SEP19-10000-C,63.8,0.0055,17.0,3,1550436033331,15452571,130
2019-02-18 02:55:37.241,0.2,buy,3670.29,BTC-27SEP19-10000-C,62.51,0.0055,0.2,3,1550458537241,15484588,131
2019-02-18 08:52:31.993,0.5,buy,3704.9,BTC-27SEP19-10000-C,62.1,0.0055,0.5,3,1550479951993,15506336,132
2019-02-18 08:52:31.993,5.0,buy,3704.9,BTC-27SEP19-10000-C,62.1,0.0055,5.0,3,1550479951993,15506337,133
2019-02-18 08:52:49.543,5.0,buy,3704.94,BTC-27SEP19-10000-C,62.94,0.006,5.0,0,1550479969543,15506345,134
2019-02-18 08:52:49.543,20.0,buy,3704.94,BTC-27SEP19-10000-C,62.94,0.006,20.0,1,1550479969543,15506346,135
2019-02-18 08:55:10.042,20.0,buy,3703.03,BTC-27SEP19-10000-C,62.98,0.006,20.0,1,1550480110042,15506400,137
2019-02-18 08:55:10.042,5.0,buy,3703.03,BTC-27SEP19-10000-C,62.98,0.006,5.0,1,1550480110042,15506399,136
2019-02-18 08:58:30.880,10.6,sell,3695.69,BTC-27SEP19-10000-C,62.25,0.0055,10.6,2,1550480310880,15506741,138
2019-02-18 08:58:41.170,10.5,sell,3695.59,BTC-27SEP19-10000-C,62.25,0.0055,10.5,3,1550480321170,15506756,139
2019-02-18 08:58:43.257,3.9,sell,3695.59,BTC-27SEP19-10000-C,62.25,0.0055,3.9,3,1550480323257,15506760,140
2019-02-18 16:39:42.043,5.0,buy,3900.45,BTC-27SEP19-10000-C,60.27,0.006,5.0,0,1550507982043,15558790,141
2019-02-18 16:59:09.774,20.0,buy,3861.35,BTC-27SEP19-10000-C,60.68,0.006,20.0,1,1550509149774,15565106,142
2019-02-18 23:16:49.094,0.2,buy,3870.62,BTC-27SEP19-10000-C,62.77,0.0075,0.2,0,1550531809094,15585825,143
2019-02-19 00:42:43.013,5.0,buy,3931.16,BTC-27SEP19-10000-C,61.94,0.0075,5.0,1,1550536963013,15593919,144
2019-02-19 01:29:56.644,9.8,sell,3884.28,BTC-27SEP19-10000-C,62.5,0.0075,9.8,1,1550539796644,15600111,145
2019-02-19 14:24:27.496,2.0,buy,3929.9,BTC-27SEP19-10000-C,63.96,0.009,2.0,0,1550586267496,15641894,146
2019-02-19 22:51:53.133,3.0,buy,3911.01,BTC-27SEP19-10000-C,64.93,0.0095,3.0,0,1550616713133,15667687,147
2019-02-19 22:51:53.133,5.0,buy,3911.01,BTC-27SEP19-10000-C,64.93,0.0095,5.0,1,1550616713133,15667688,148
2019-02-19 22:51:53.133,18.0,buy,3911.01,BTC-27SEP19-10000-C,64.93,0.0095,18.0,1,1550616713133,15667689,149
2019-02-20 08:08:51.575,10.0,sell,3889.8,BTC-27SEP19-10000-C,62.06,0.007,10.0,2,1550650131575,15680586,150
