date_utc,amount,direction,indexPrice,instrument,iv,price,quantity,tickDirection,timeStamp,tradeId,tradeSeq
2019-04-09 15:11:11.808,2.0,sell,177.53,ETH-28JUN19-400-C,93.64,0.01,2.0,1,1554822671808,702057,1
2019-04-12 08:41:21.181,1.0,sell,162.36,ETH-28JUN19-400-C,96.63,0.006,1.0,2,1555058481181,868800,2
2019-04-12 11:33:54.136,10.0,buy,165.52,ETH-28JUN19-400-C,100.1,0.008,10.0,0,1555068834136,879671,3
2019-04-13 01:53:17.223,20.0,buy,164.54,ETH-28JUN19-400-C,105.02,0.01,20.0,0,1555120397223,902096,4
2019-04-13 11:55:30.566,30.0,sell,162.87,ETH-28JUN19-400-C,102.92,0.008,30.0,2,1555156530566,910151,5
2019-04-13 23:33:14.940,20.0,buy,164.33,ETH-28JUN19-400-C,102.18,0.008,20.0,3,1555198394940,917788,6
2019-04-15 20:34:14.083,60.0,buy,159.7,ETH-28JUN19-400-C,100.79,0.006,60.0,2,1555360454083,980600,7
2019-04-15 20:34:24.949,29.0,buy,159.8,ETH-28JUN19-400-C,100.72,0.006,29.0,3,1555360464949,980618,8
2019-04-15 20:34:36.479,60.0,buy,159.84,ETH-28JUN19-400-C,100.69,0.006,60.0,3,1555360476479,980627,9
2019-04-18 19:26:10.173,94.0,buy,175.42,ETH-28JUN19-400-C,98.84,0.008,94.0,0,1555615570173,1071521,10
2019-04-18 19:26:23.894,60.0,buy,175.41,ETH-28JUN19-400-C,100.94,0.009000000000000001,60.0,0,1555615583894,1071523,11
2019-04-20 05:45:03.305,50.0,sell,174.85,ETH-28JUN19-400-C,98.03,0.006999999999999999,50.0,2,1555739103305,1110208,12
2019-04-22 15:00:54.298,60.0,buy,171.53,ETH-28JUN19-400-C,103.96,0.008,60.0,0,1555945254298,1156922,13
2019-04-22 15:00:57.016,60.0,buy,171.53,ETH-28JUN19-400-C,103.96,0.008,60.0,1,1555945257016,1156923,14
2019-04-22 16:20:22.617,35.0,sell,169.16,ETH-28JUN19-400-C,103.0,0.006999999999999999,35.0,2,1555950022617,1160143,15
2019-04-24 01:06:31.402,3.0,sell,169.25,ETH-28JUN19-400-C,104.17,0.006999999999999999,3.0,3,1556067991402,1195867,16
2019-05-06 16:03:41.868,79.0,buy,173.36,ETH-28JUN19-400-C,103.98,0.004,79.0,2,1557158621868,1521449,17
2019-05-06 16:03:43.725,21.0,buy,173.31,ETH-28JUN19-400-C,104.05,0.004,21.0,3,1557158623725,1521491,18
2019-05-06 23:40:26.317,20.0,buy,172.23,ETH-28JUN19-400-C,108.33,0.005,20.0,1,1557186026317,1538535,20
2019-05-06 23:40:26.317,100.0,buy,172.23,ETH-28JUN19-400-C,108.33,0.005,100.0,0,1557186026317,1538534,19
2019-05-06 23:40:26.474,120.0,buy,172.23,ETH-28JUN19-400-C,108.33,0.005,120.0,1,1557186026474,1538538,21
2019-05-08 09:48:12.966,60.0,buy,168.13,ETH-28JUN19-400-C,113.36,0.005,60.0,1,1557308892966,1618669,22
2019-05-08 09:48:18.603,57.0,buy,168.13,ETH-28JUN19-400-C,113.35,0.005,57.0,1,1557308898603,1618672,23
2019-05-08 14:13:37.936,50.0,sell,166.67,ETH-28JUN19-400-C,114.52,0.005,50.0,1,1557324817936,1623478,24
2019-05-08 14:13:41.734,1.0,sell,166.59,ETH-28JUN19-400-C,114.56,0.005,1.0,1,1557324821734,1623494,25
2019-05-08 14:13:41.738,1.0,sell,166.59,ETH-28JUN19-400-C,114.56,0.005,1.0,1,1557324821738,1623495,26
2019-05-09 18:24:47.291,50.0,buy,166.14,ETH-28JUN19-400-C,119.76,0.006,50.0,0,1557426287291,1663743,27
2019-05-09 18:24:47.291,200.0,buy,166.14,ETH-28JUN19-400-C,119.76,0.006,200.0,1,1557426287291,1663744,28
2019-05-11 08:28:04.109,100.0,buy,183.52,ETH-28JUN19-400-C,114.03,0.006999999999999999,100.0,0,1557563284109,1746997,29
2019-05-11 10:17:06.930,30.0,buy,192.25,ETH-28JUN19-400-C,110.84,0.008,30.0,0,1557569826930,1764133,30
2019-05-11 10:21:20.455,20.0,buy,192.06,ETH-28JUN19-400-C,111.19,0.008,20.0,1,1557570080455,1765015,31
2019-05-11 12:37:30.166,20.0,sell,188.27,ETH-28JUN19-400-C,110.6,0.006999999999999999,20.0,2,1557578250166,1777886,32
2019-05-11 12:37:32.331,20.0,sell,188.27,ETH-28JUN19-400-C,110.61,0.006999999999999999,20.0,3,1557578252331,1777889,33
2019-05-11 12:56:41.122,1.0,sell,188.61,ETH-28JUN19-400-C,112.99,0.008,1.0,0,1557579401122,1779264,34
2019-05-11 12:56:41.126,59.0,buy,188.61,ETH-28JUN19-400-C,112.99,0.008,59.0,1,1557579401126,1779265,35
2019-05-11 12:57:02.520,9.0,buy,188.86,ETH-28JUN19-400-C,115.26,0.009000000000000001,9.0,0,1557579422520,1779363,36
2019-05-11 12:57:05.780,51.0,buy,188.83,ETH-28JUN19-400-C,115.29,0.009000000000000001,51.0,1,1557579425780,1779374,37
2019-05-11 12:57:12.893,54.0,buy,188.87,ETH-28JUN19-400-C,115.26,0.009000000000000001,54.0,1,1557579432893,1779399,38
2019-05-11 12:57:19.668,1.0,buy,188.92,ETH-28JUN19-400-C,115.24,0.009000000000000001,1.0,1,1557579439668,1779417,39
2019-05-12 14:01:01.468,50.0,sell,188.99,ETH-28JUN19-400-C,125.4,0.013000000000000001,50.0,0,1557669661468,1961849,40
2019-05-12 14:01:01.827,1.0,sell,188.88,ETH-28JUN19-400-C,125.43,0.013000000000000001,1.0,1,1557669661827,1961854,41
2019-05-12 15:04:53.570,1.0,sell,184.8,ETH-28JUN19-400-C,123.9,0.011000000000000001,1.0,2,1557673493570,1970689,42
2019-05-12 19:48:42.624,2.0,sell,187.8,ETH-28JUN19-400-C,112.67,0.006999999999999999,2.0,2,1557690522624,1988648,43
2019-05-13 22:43:25.383,50.0,sell,203.26,ETH-28JUN19-400-C,130.58,0.021,50.0,0,1557787405383,2067134,44
2019-05-14 01:30:09.060,5.0,buy,200.54,ETH-28JUN19-400-C,136.14,0.023,5.0,0,1557797409060,2079566,45
2019-05-14 02:57:11.741,25.0,buy,204.03,ETH-28JUN19-400-C,133.62,0.023,25.0,1,1557802631741,2083848,46
2019-05-14 03:06:22.205,120.0,buy,208.45,ETH-28JUN19-400-C,130.92,0.023,120.0,1,1557803182205,2084482,47
2019-05-14 07:00:02.528,300.0,sell,210.79,ETH-28JUN19-400-C,119.44,0.017,300.0,2,1557817202528,2102413,48
2019-05-14 07:00:02.528,200.0,sell,210.79,ETH-28JUN19-400-C,119.44,0.017,200.0,3,1557817202528,2102414,49
2019-05-14 08:57:23.595,30.0,sell,206.79,ETH-28JUN19-400-C,118.26,0.015,30.0,2,1557824243595,2115591,50
2019-05-14 09:06:51.551,10.0,buy,208.61,ETH-28JUN19-400-C,130.93,0.024,10.0,0,1557824811551,2117075,51
2019-05-14 09:35:58.252,54.0,sell,208.45,ETH-28JUN19-400-C,129.61,0.023,54.0,2,1557826558252,2118601,52
2019-05-14 09:36:06.689,54.0,sell,208.25,ETH-28JUN19-400-C,129.73,0.023,54.0,3,1557826566689,2118610,53
2019-05-14 23:03:30.094,1.0,buy,217.91,ETH-28JUN19-400-C,127.67,0.025,1.0,0,1557875010094,2173818,54
2019-05-15 02:40:39.837,4.0,buy,220.87,ETH-28JUN19-400-C,131.8,0.03,4.0,0,1557888039837,2191967,55
2019-05-15 07:22:43.703,9.0,sell,230.13,ETH-28JUN19-400-C,126.42,0.03,9.0,2,1557904963703,2212145,57
2019-05-15 07:22:43.703,5.0,sell,230.13,ETH-28JUN19-400-C,127.61,0.031,5.0,0,1557904963703,2212144,56
2019-05-15 11:00:56.772,6.0,buy,233.34,ETH-28JUN19-400-C,131.32,0.036000000000000004,6.0,0,1557918056772,2229840,58
2019-05-15 12:01:45.738,60.0,sell,233.01,ETH-28JUN19-400-C,125.82,0.031,60.0,2,1557921705738,2232655,59
2019-05-15 12:14:51.772,1.0,sell,228.64,ETH-28JUN19-400-C,127.63,0.03,1.0,2,1557922491772,2233632,60
2019-05-15 15:53:07.116,1.0,buy,237.21,ETH-28JUN19-400-C,125.57,0.033,1.0,0,1557935587116,2248284,61
2019-05-15 16:05:16.508,1.0,buy,242.97,ETH-28JUN19-400-C,125.09,0.036000000000000004,1.0,0,1557936316508,2252137,62
2019-05-15 16:10:26.393,1.0,sell,240.03,ETH-28JUN19-400-C,124.86,0.034,1.0,2,1557936626393,2253816,63
2019-05-15 16:27:57.846,9.0,sell,239.61,ETH-28JUN19-400-C,125.51,0.034,9.0,3,1557937677846,2257037,64
2019-05-16 02:57:03.754,5.0,buy,272.37,ETH-28JUN19-400-C,117.53,0.047,5.0,0,1557975423754,2322303,65
2019-05-16 03:46:59.519,15.0,buy,270.71,ETH-28JUN19-400-C,119.4,0.048,15.0,0,1557978419519,2325690,66
2019-05-16 03:47:21.072,5.0,buy,270.69,ETH-28JUN19-400-C,119.47,0.048,5.0,1,1557978441072,2325702,67
2019-05-16 04:28:08.052,5.0,sell,260.97,ETH-28JUN19-400-C,116.27,0.04,5.0,2,1557980888052,2335883,68
2019-05-16 10:31:20.446,40.0,buy,251.1,ETH-28JUN19-400-C,122.85,0.039,40.0,2,1558002680446,2405231,69
2019-05-16 10:34:16.403,10.0,buy,251.68,ETH-28JUN19-400-C,123.57,0.04,10.0,0,1558002856403,2405746,70
2019-05-16 13:38:05.103,60.0,sell,251.02,ETH-28JUN19-400-C,111.98,0.028999999999999998,60.0,2,1558013885103,2427123,71
2019-05-16 15:26:28.668,14.0,buy,264.67,ETH-28JUN19-400-C,119.92,0.044000000000000004,14.0,0,1558020388668,2441596,72
2019-05-16 15:27:02.113,30.0,buy,264.6,ETH-28JUN19-400-C,119.97,0.044000000000000004,30.0,1,1558020422113,2441623,73
2019-05-16 16:04:12.177,5.0,sell,274.11,ETH-28JUN19-400-C,122.92,0.055,5.0,0,1558022652177,2458356,74
2019-05-16 16:08:41.019,10.0,buy,274.88,ETH-28JUN19-400-C,123.82,0.057,10.0,0,1558022921019,2459913,75
2019-05-17 02:34:20.999,10.0,sell,252.82,ETH-28JUN19-400-C,122.07,0.038,10.0,2,1558060460999,2584176,76
2019-05-17 03:07:35.088,50.0,sell,235.78,ETH-28JUN19-400-C,115.79,0.025,50.0,2,1558062455088,2612756,77
2019-05-17 03:12:32.992,2.0,buy,233.48,ETH-28JUN19-400-C,133.24,0.036000000000000004,2.0,0,1558062752992,2622764,78
2019-05-17 03:12:36.277,2.0,buy,233.64,ETH-28JUN19-400-C,133.18,0.036000000000000004,2.0,1,1558062756277,2622809,79
2019-05-17 03:26:37.141,10.0,buy,236.98,ETH-28JUN19-400-C,126.83,0.033,10.0,2,1558063597141,2637491,80
2019-05-17 03:27:48.147,10.0,buy,238.74,ETH-28JUN19-400-C,126.92,0.034,10.0,0,1558063668147,2637988,81
2019-05-17 03:28:24.223,10.0,buy,239.83,ETH-28JUN19-400-C,127.43,0.035,10.0,0,1558063704223,2638195,82
2019-05-17 04:16:54.662,2.0,sell,243.12,ETH-28JUN19-400-C,125.08,0.035,2.0,1,1558066614662,2657040,83
2019-05-17 05:40:34.429,5.0,buy,242.2,ETH-28JUN19-400-C,126.69,0.036000000000000004,5.0,0,1558071634429,2670153,84
2019-05-17 06:06:53.713,35.0,sell,239.1,ETH-28JUN19-400-C,116.08,0.026000000000000002,35.0,2,1558073213713,2676855,85
2019-05-17 10:43:04.321,1.0,sell,235.29,ETH-28JUN19-400-C,115.03,0.022000000000000002,1.0,2,1558089784321,2710910,86
2019-05-17 10:48:31.073,6.0,buy,234.82,ETH-28JUN19-400-C,120.57,0.026000000000000002,6.0,0,1558090111073,2711797,87
2019-05-17 10:55:09.374,1.0,sell,234.62,ETH-28JUN19-400-C,113.93,0.021,1.0,2,1558090509374,2712655,88
2019-05-17 11:03:58.347,1.0,sell,232.5,ETH-28JUN19-400-C,113.85,0.02,1.0,2,1558091038347,2715052,89
2019-05-17 11:44:54.999,35.0,sell,225.81,ETH-28JUN19-400-C,112.37,0.016,35.0,2,1558093494999,2726555,90
2019-05-17 11:53:03.186,29.0,buy,228.96,ETH-28JUN19-400-C,120.56,0.023,29.0,0,1558093983186,2728995,91
2019-05-17 12:22:59.005,29.0,sell,225.28,ETH-28JUN19-400-C,110.73,0.015,29.0,2,1558095779005,2736413,92
2019-05-17 13:05:02.858,10.0,buy,236.24,ETH-28JUN19-400-C,119.94,0.026000000000000002,10.0,0,1558098302858,2747642,93
2019-05-17 13:05:05.325,10.0,buy,236.23,ETH-28JUN19-400-C,119.94,0.026000000000000002,10.0,1,1558098305325,2747646,94
2019-05-17 13:05:06.548,10.0,buy,236.23,ETH-28JUN19-400-C,119.94,0.026,10.0,1,1558098306548,2747649,95
2019-05-17 17:13:32.719,25.0,sell,227.32,ETH-28JUN19-400-C,122.39,0.023,25.0,2,1558113212719,2788439,96
2019-05-17 21:05:38.999,60.0,buy,236.01,ETH-28JUN19-400-C,120.95,0.026000000000000002,60.0,0,1558127138999,2826440,97
2019-05-17 21:51:44.980,60.0,buy,238.46,ETH-28JUN19-400-C,121.83,0.027999999999999997,60.0,0,1558129904980,2830740,98
2019-05-17 21:52:52.247,60.0,buy,238.71,ETH-28JUN19-400-C,122.85,0.028999999999999998,60.0,0,1558129972247,2830856,99
2019-05-17 21:52:55.575,20.0,sell,238.71,ETH-28JUN19-400-C,122.85,0.028999999999999998,20.0,1,1558129975575,2830857,100
2019-05-17 21:52:56.436,1.0,buy,238.71,ETH-28JUN19-400-C,122.85,0.028999999999999998,1.0,1,1558129976436,2830858,101
2019-05-17 21:52:57.306,1.0,buy,238.71,ETH-28JUN19-400-C,122.85,0.028999999999999998,1.0,1,1558129977306,2830859,102
2019-05-17 21:52:58.287,1.0,buy,238.72,ETH-28JUN19-400-C,122.85,0.028999999999999998,1.0,1,1558129978287,2830860,103
2019-05-17 21:52:59.098,1.0,buy,238.72,ETH-28JUN19-400-C,122.85,0.028999999999999998,1.0,1,1558129979098,2830864,104
2019-05-17 21:52:59.991,1.0,buy,238.78,ETH-28JUN19-400-C,122.8,0.028999999999999998,1.0,1,1558129979991,2830865,105
2019-05-17 21:53:01.003,1.0,buy,238.78,ETH-28JUN19-400-C,122.8,0.028999999999999998,1.0,1,1558129981003,2830866,106
2019-05-17 21:53:01.942,1.0,buy,238.78,ETH-28JUN19-400-C,122.8,0.028999999999999998,1.0,1,1558129981942,2830867,107
2019-05-17 21:53:02.935,1.0,buy,238.79,ETH-28JUN19-400-C,122.8,0.028999999999999998,1.0,1,1558129982935,2830868,108
2019-05-17 21:53:03.866,1.0,buy,238.79,ETH-28JUN19-400-C,122.8,0.028999999999999998,1.0,1,1558129983866,2830869,109
2019-05-17 21:53:04.736,1.0,buy,238.82,ETH-28JUN19-400-C,122.8,0.028999999999999998,1.0,1,1558129984736,2830871,110
2019-05-17 21:53:06.907,1.0,buy,238.8,ETH-28JUN19-400-C,122.78,0.028999999999999998,1.0,1,1558129986907,2830872,111
2019-05-17 21:53:08.166,1.0,buy,238.8,ETH-28JUN19-400-C,122.78,0.028999999999999998,1.0,1,1558129988166,2830873,112
2019-05-17 21:53:09.396,1.0,buy,238.83,ETH-28JUN19-400-C,122.8,0.028999999999999998,1.0,1,1558129989396,2830875,113
2019-05-17 21:53:10.240,1.0,buy,238.83,ETH-28JUN19-400-C,122.8,0.028999999999999998,1.0,1,1558129990240,2830876,114
2019-05-17 21:53:11.166,1.0,buy,238.8,ETH-28JUN19-400-C,122.78,0.028999999999999998,1.0,1,1558129991166,2830877,115
2019-05-18 05:20:40.068,1.0,sell,243.93,ETH-28JUN19-400-C,120.85,0.028999999999999998,1.0,1,1558156840068,2885472,116
2019-05-18 10:30:50.689,20.0,sell,234.46,ETH-28JUN19-400-C,117.34,0.021,20.0,2,1558175450689,2911556,117
2019-05-18 10:30:50.689,60.0,sell,234.46,ETH-28JUN19-400-C,117.34,0.021,60.0,3,1558175450689,2911557,118
2019-05-18 10:34:56.287,60.0,sell,236.0,ETH-28JUN19-400-C,113.42,0.019,60.0,2,1558175696287,2911784,119
2019-05-18 12:48:10.209,5.0,buy,235.87,ETH-28JUN19-400-C,119.47,0.023,5.0,0,1558183690209,2922107,120
2019-05-19 01:28:16.580,10.0,buy,242.55,ETH-28JUN19-400-C,117.27,0.024,10.0,0,1558229296580,2970529,121
2019-05-19 01:43:13.227,60.0,buy,243.29,ETH-28JUN19-400-C,117.97,0.025,60.0,0,1558230193227,2973412,122
2019-05-19 01:43:16.510,5.0,sell,243.39,ETH-28JUN19-400-C,117.89,0.025,5.0,1,1558230196510,2973417,123
2019-05-19 09:19:28.081,3.0,buy,255.49,ETH-28JUN19-400-C,113.95,0.027999999999999997,3.0,0,1558257568081,3015075,124
2019-05-19 15:47:34.760,60.0,buy,254.56,ETH-28JUN19-400-C,117.53,0.031,60.0,0,1558280854760,3037341,125
2019-05-19 15:47:37.574,40.0,sell,254.6,ETH-28JUN19-400-C,117.52,0.031,40.0,1,1558280857574,3037342,126
2019-05-19 15:51:26.904,20.0,buy,255.03,ETH-28JUN19-400-C,118.27,0.032,20.0,0,1558281086904,3037391,127
2019-05-19 15:51:26.904,50.0,buy,255.03,ETH-28JUN19-400-C,118.27,0.032,50.0,1,1558281086904,3037392,128
2019-05-19 22:22:58.444,200.0,sell,257.42,ETH-28JUN19-400-C,114.05,0.028999999999999998,200.0,2,1558304578444,3062174,129
2019-05-20 05:20:40.887,1.0,buy,251.62,ETH-28JUN19-400-C,117.04,0.027999999999999997,1.0,2,1558329640887,3104316,130
2019-05-20 06:54:25.253,400.0,buy,248.98,ETH-28JUN19-400-C,117.63,0.027000000000000003,400.0,2,1558335265253,3110017,131
2019-05-20 12:16:21.927,20.0,buy,248.09,ETH-28JUN19-400-C,119.66,0.028,20.0,0,1558354581927,3131930,132
2019-05-20 13:09:11.544,10.0,buy,241.01,ETH-28JUN19-400-C,120.17,0.025,10.0,2,1558357751544,3137637,133
2019-05-20 16:30:05.933,30.0,sell,248.2,ETH-28JUN19-400-C,117.21,0.026,30.0,0,1558369805933,3150944,134
2019-05-20 18:49:42.638,60.0,sell,244.44,ETH-28JUN19-400-C,115.7,0.023,60.0,2,1558378182638,3158923,135
2019-05-20 22:12:28.205,8.0,buy,254.53,ETH-28JUN19-400-C,118.19,0.03,8.0,0,1558390348205,3176163,136
2019-05-21 01:46:07.584,1.0,sell,252.66,ETH-28JUN19-400-C,110.79,0.023,1.0,2,1558403167584,3189502,137
2019-05-21 11:34:03.139,35.0,sell,250.73,ETH-28JUN19-400-C,111.23,0.022,35.0,2,1558438443139,3213542,138
2019-05-21 14:21:34.427,15.0,sell,250.75,ETH-28JUN19-400-C,111.59,0.022,15.0,3,1558448494427,3225338,139
2019-05-21 14:21:52.564,3.0,sell,251.01,ETH-28JUN19-400-C,111.45,0.022,3.0,3,1558448512564,3225363,140
2019-05-22 05:15:40.846,10.0,buy,257.94,ETH-28JUN19-400-C,116.9,0.029,10.0,0,1558502140846,3279108,141
2019-05-22 05:15:43.554,10.0,buy,257.94,ETH-28JUN19-400-C,116.9,0.029,10.0,1,1558502143554,3279109,142
2019-05-22 08:46:59.287,5.0,sell,256.23,ETH-28JUN19-400-C,110.34,0.023,5.0,2,1558514819287,3284844,143
2019-05-22 08:48:21.037,5.0,sell,256.26,ETH-28JUN19-400-C,110.35,0.023,5.0,3,1558514901037,3284862,144
2019-05-22 10:22:21.790,4.0,buy,255.35,ETH-28JUN19-400-C,117.52,0.028,4.0,0,1558520541790,3288915,145
2019-05-22 11:03:40.867,10.0,buy,252.69,ETH-28JUN19-400-C,111.34,0.022,10.0,2,1558523020867,3290312,146
2019-05-22 12:21:30.000,5.0,buy,253.8,ETH-28JUN19-400-C,117.14,0.027000000000000003,5.0,0,1558527690000,3295604,147
2019-05-22 12:55:48.010,5.0,sell,250.75,ETH-28JUN19-400-C,110.99,0.021,5.0,2,1558529748010,3296912,148
2019-05-22 20:17:45.864,14.0,buy,248.83,ETH-28JUN19-400-C,115.94,0.023,14.0,0,1558556265864,3319443,149
2019-05-22 20:17:53.868,1.0,buy,249.19,ETH-28JUN19-400-C,116.01,0.023,1.0,1,1558556273868,3319578,150
2019-05-23 02:51:02.978,3.0,buy,245.07,ETH-28JUN19-400-C,118.21,0.022,3.0,2,1558579862978,3356254,151
2019-05-23 03:29:55.931,3.0,sell,242.47,ETH-28JUN19-400-C,110.45,0.016,3.0,2,1558582195931,3357695,152
2019-05-23 03:37:35.569,2.0,buy,243.07,ETH-28JUN19-400-C,118.03,0.021,2.0,0,1558582655569,3358003,153
2019-05-23 05:03:54.600,3.0,buy,242.78,ETH-28JUN19-400-C,117.14,0.02,3.0,2,1558587834600,3359794,154
2019-05-23 05:04:04.693,30.0,buy,242.76,ETH-28JUN19-400-C,117.15,0.02,30.0,3,1558587844693,3359795,155
2019-05-23 05:05:06.733,2.0,buy,242.79,ETH-28JUN19-400-C,117.13,0.02,2.0,3,1558587906733,3359806,156
2019-05-24 01:37:50.094,13.0,buy,246.07,ETH-28JUN19-400-C,117.7,0.02,13.0,3,1558661870094,3436599,157
2019-05-24 08:20:22.625,4.0,sell,251.68,ETH-28JUN19-400-C,108.96,0.017,4.0,2,1558686022625,3450600,158
2019-05-24 13:51:24.345,50.0,sell,251.29,ETH-28JUN19-400-C,115.49,0.021,50.0,0,1558705884345,3467461,159
2019-05-24 15:59:10.928,3.0,buy,253.43,ETH-28JUN19-400-C,116.98,0.023,3.0,0,1558713550928,3474586,160
2019-05-24 20:21:59.771,5.0,buy,252.68,ETH-28JUN19-400-C,115.92,0.022,5.0,2,1558729319771,3489317,161
2019-05-24 23:13:33.856,5.0,buy,248.6,ETH-28JUN19-400-C,117.29,0.021,5.0,2,1558739613856,3496822,162
2019-05-25 01:23:38.970,5.0,buy,250.65,ETH-28JUN19-400-C,117.7,0.022,5.0,0,1558747418970,3502535,163
2019-05-25 03:41:20.785,1.0,buy,251.84,ETH-28JUN19-400-C,118.14,0.023,1.0,0,1558755680785,3507244,164
2019-05-25 03:42:09.461,3.0,buy,251.86,ETH-28JUN19-400-C,118.13,0.023,3.0,1,1558755729461,3507247,165
2019-05-25 05:03:50.289,5.0,sell,251.62,ETH-28JUN19-400-C,115.45,0.021,5.0,2,1558760630289,3509287,166
2019-05-25 05:09:28.042,5.0,sell,251.41,ETH-28JUN19-400-C,114.23,0.02,5.0,2,1558760968042,3509370,167
2019-05-25 05:11:52.623,5.0,sell,250.91,ETH-28JUN19-400-C,114.56,0.02,5.0,3,1558761112623,3509522,168
2019-05-25 05:45:25.889,60.0,buy,250.75,ETH-28JUN19-400-C,117.67,0.022,60.0,0,1558763125889,3510226,169
2019-05-25 11:31:53.960,160.0,sell,257.69,ETH-28JUN19-400-C,114.13,0.023,160.0,0,1558783913960,3522517,170
2019-05-25 11:47:52.643,1.0,buy,256.88,ETH-28JUN19-400-C,116.36,0.024,1.0,0,1558784872643,3522950,171
2019-05-26 06:25:21.408,20.0,buy,248.06,ETH-28JUN19-400-C,118.68,0.02,20.0,2,1558851921408,3557365,172
2019-05-26 11:30:48.365,5.0,sell,246.63,ETH-28JUN19-400-C,118.68,0.019,5.0,2,1558870248365,3565985,173
2019-05-26 13:44:11.049,2.0,sell,248.53,ETH-28JUN19-400-C,113.69,0.017,2.0,2,1558878251049,3569434,174
2019-05-26 14:37:49.130,3.0,sell,249.57,ETH-28JUN19-400-C,112.82,0.017,3.0,3,1558881469130,3570820,175
2019-05-26 20:12:43.818,4.0,buy,265.71,ETH-28JUN19-400-C,110.01,0.024,4.0,0,1558901563818,3597775,176
2019-05-27 09:42:17.540,100.0,buy,268.49,ETH-28JUN19-400-C,118.8,0.032,100.0,1,1558950137540,3664461,178
2019-05-27 09:42:17.540,50.0,buy,268.49,ETH-28JUN19-400-C,118.8,0.032,50.0,0,1558950137540,3664460,177
2019-05-27 10:44:20.072,160.0,sell,267.67,ETH-28JUN19-400-C,119.74,0.032,160.0,1,1558953860072,3666930,179
2019-05-27 10:47:54.250,160.0,sell,267.58,ETH-28JUN19-400-C,118.66,0.031,160.0,3,1558954074250,3667078,181
2019-05-27 10:47:54.250,10.0,sell,267.58,ETH-28JUN19-400-C,118.66,0.031,10.0,2,1558954074250,3667077,180
2019-05-27 11:38:07.729,20.0,sell,266.06,ETH-28JUN19-400-C,115.85,0.028,20.0,2,1558957087729,3669417,182
2019-05-27 16:35:47.814,2.0,buy,278.0,ETH-28JUN19-400-C,117.42,0.037000000000000005,2.0,0,1558974947814,3690730,183
2019-05-27 21:23:04.500,91.0,sell,268.2,ETH-28JUN19-400-C,119.02,0.031,91.0,2,1558992184500,3717950,184
2019-05-27 22:27:47.158,65.0,sell,267.62,ETH-28JUN19-400-C,117.28,0.029,65.0,2,1558996067158,3719884,185
2019-05-28 02:47:11.678,5.0,buy,273.23,ETH-28JUN19-400-C,121.1,0.036000000000000004,5.0,0,1559011631678,3733061,186
2019-05-28 03:34:49.709,1.0,buy,271.19,ETH-28JUN19-400-C,121.61,0.035,1.0,2,1559014489709,3735489,187
2019-05-28 08:15:04.775,5.0,sell,269.54,ETH-28JUN19-400-C,119.73,0.032,5.0,2,1559031304775,3745706,188
2019-05-28 09:20:20.006,7.0,sell,270.35,ETH-28JUN19-400-C,118.91,0.032,7.0,3,1559035220006,3747425,189
2019-05-28 16:28:50.951,5.0,sell,269.18,ETH-28JUN19-400-C,115.29,0.027000000000000003,5.0,2,1559060930951,3769820,190
2019-05-28 16:30:34.511,5.0,sell,269.67,ETH-28JUN19-400-C,114.98,0.027000000000000003,5.0,3,1559061034511,3769896,191
2019-05-28 16:34:47.151,1.0,sell,269.25,ETH-28JUN19-400-C,115.31,0.027000000000000003,1.0,3,1559061287151,3770171,192
2019-05-29 02:38:19.166,3.0,sell,268.02,ETH-28JUN19-400-C,115.43,0.025,3.0,2,1559097499166,3799326,193
2019-05-29 02:38:29.534,1.0,sell,268.01,ETH-28JUN19-400-C,115.45,0.025,1.0,3,1559097509534,3799327,194
2019-05-29 02:39:12.774,1.0,sell,268.09,ETH-28JUN19-400-C,115.33,0.025,1.0,3,1559097552774,3799328,195
2019-05-29 02:40:18.815,1.0,sell,268.39,ETH-28JUN19-400-C,115.11,0.025,1.0,3,1559097618815,3799361,196
2019-05-29 02:41:12.506,3.0,sell,268.39,ETH-28JUN19-400-C,115.09,0.025,3.0,3,1559097672506,3799376,197
2019-05-29 05:44:34.950,5.0,sell,262.42,ETH-28JUN19-400-C,116.1,0.022,5.0,2,1559108674950,3811748,198
2019-05-29 05:45:31.909,5.0,sell,261.5,ETH-28JUN19-400-C,116.72,0.022,5.0,3,1559108731909,3811990,199
2019-05-29 08:31:45.524,5.0,sell,266.14,ETH-28JUN19-400-C,99.09,0.013,5.0,3,1559118705524,3820911,202
2019-05-29 08:31:45.524,10.0,sell,266.14,ETH-28JUN19-400-C,99.09,0.013,10.0,2,1559118705524,3820910,201
2019-05-29 08:31:45.524,160.0,sell,266.14,ETH-28JUN19-400-C,115.59,0.023,160.0,0,1559118705524,3820909,200
2019-05-29 08:31:45.524,10.0,sell,266.14,ETH-28JUN19-400-C,68.5,0.002,10.0,2,1559118705524,3820914,205
2019-05-29 08:31:45.524,2.0,sell,266.14,ETH-28JUN19-400-C,83.31,0.006,2.0,2,1559118705524,3820913,204
2019-05-29 08:31:45.524,10.0,sell,266.14,ETH-28JUN19-400-C,90.84,0.009000000000000001,10.0,2,1559118705524,3820912,203
2019-05-29 08:31:45.528,3.0,buy,266.14,ETH-28JUN19-400-C,61.89,0.001,3.0,2,1559118705528,3820915,206
2019-05-29 11:19:47.015,1.0,sell,269.32,ETH-28JUN19-400-C,113.51,0.023,1.0,0,1559128787015,3827793,207
2019-05-29 22:27:27.949,25.0,buy,271.31,ETH-28JUN19-400-C,116.99,0.026,25.0,0,1559168847949,3856745,208
2019-05-30 03:43:42.575,20.0,buy,278.29,ETH-28JUN19-400-C,112.82,0.027999999999999997,20.0,0,1559187822575,3883703,209
2019-05-30 04:17:28.381,45.0,buy,287.07,ETH-28JUN19-400-C,113.8,0.034,45.0,1,1559189848381,3894814,211
2019-05-30 04:17:28.381,5.0,buy,287.07,ETH-28JUN19-400-C,113.8,0.034,5.0,0,1559189848381,3894813,210
2019-05-30 07:30:19.871,1.0,buy,283.77,ETH-28JUN19-400-C,116.66,0.034,1.0,1,1559201419871,3907445,212
2019-05-30 08:43:48.911,60.0,sell,281.82,ETH-28JUN19-400-C,109.61,0.027000000000000003,60.0,2,1559205828911,3911466,213
2019-05-30 11:31:50.700,3.0,buy,284.44,ETH-28JUN19-400-C,115.59,0.033,3.0,0,1559215910700,3916590,214
2019-05-30 12:08:55.199,25.0,buy,282.66,ETH-28JUN19-400-C,117.21,0.033,25.0,1,1559218135199,3917631,215
2019-05-30 16:12:19.319,50.0,sell,283.26,ETH-28JUN19-400-C,116.3,0.032,50.0,2,1559232739319,3930201,216
2019-05-30 16:47:52.583,54.0,sell,275.55,ETH-28JUN19-400-C,113.14,0.025,54.0,2,1559234872583,3944161,217
2019-05-30 20:22:41.251,20.0,sell,264.2,ETH-28JUN19-400-C,117.02,0.021,20.0,2,1559247761251,3968784,218
2019-05-30 20:25:47.076,15.0,sell,261.55,ETH-28JUN19-400-C,117.38,0.02,15.0,2,1559247947076,3969690,219
2019-05-30 20:57:54.148,23.0,sell,263.16,ETH-28JUN19-400-C,111.04,0.017,23.0,2,1559249874148,3974697,220
2019-05-31 00:43:09.629,10.0,buy,256.18,ETH-28JUN19-400-C,124.86,0.021,10.0,0,1559263389629,4026503,221
2019-05-31 02:45:58.247,20.0,buy,255.99,ETH-28JUN19-400-C,123.11,0.02,20.0,2,1559270758247,4030332,222
2019-05-31 05:36:13.276,10.0,buy,250.93,ETH-28JUN19-400-C,122.78,0.017,10.0,2,1559280973276,4043086,223
2019-05-31 06:56:06.763,3.0,buy,253.72,ETH-28JUN19-400-C,116.93,0.015,3.0,2,1559285766763,4045555,224
2019-05-31 08:56:17.207,100.0,sell,253.52,ETH-28JUN19-400-C,113.14,0.013,100.0,2,1559292977207,4050511,225
2019-05-31 08:56:17.207,150.0,sell,253.52,ETH-28JUN19-400-C,113.14,0.013,150.0,3,1559292977207,4050513,227
2019-05-31 08:56:17.207,10.0,sell,253.52,ETH-28JUN19-400-C,113.14,0.013,10.0,3,1559292977207,4050512,226
2019-05-31 13:21:03.773,22.0,buy,260.08,ETH-28JUN19-400-C,119.55,0.019,22.0,1,1559308863773,4059573,229
2019-05-31 13:21:03.773,3.0,buy,260.08,ETH-28JUN19-400-C,119.55,0.019,3.0,0,1559308863773,4059572,228
2019-05-31 15:12:53.111,15.0,sell,260.51,ETH-28JUN19-400-C,108.45,0.013,15.0,2,1559315573111,4064996,230
2019-05-31 20:01:30.916,76.0,sell,261.9,ETH-28JUN19-400-C,110.96,0.015,76.0,0,1559332890916,4078507,231
2019-06-01 01:07:34.369,10.0,buy,272.25,ETH-28JUN19-400-C,119.72,0.027000000000000003,10.0,0,1559351254369,4102152,232
2019-06-01 06:05:17.987,1.0,sell,266.16,ETH-28JUN19-400-C,109.54,0.017,1.0,2,1559369117987,4116307,233
2019-06-01 17:38:58.325,3.0,buy,266.28,ETH-28JUN19-400-C,114.27,0.018000000000000002,3.0,0,1559410738325,4139044,234
2019-06-02 05:50:25.378,5.0,buy,268.09,ETH-28JUN19-400-C,105.35,0.013,5.0,2,1559454625378,4164684,235
2019-06-02 07:42:02.334,110.0,sell,271.37,ETH-28JUN19-400-C,104.61,0.014,110.0,0,1559461322334,4167956,236
2019-06-02 12:25:13.031,10.0,buy,272.19,ETH-28JUN19-400-C,102.1,0.013,10.0,2,1559478313031,4178765,237
2019-06-02 13:17:42.320,1.0,sell,267.21,ETH-28JUN19-400-C,101.98,0.011,1.0,2,1559481462320,4182720,238
2019-06-02 17:33:52.847,15.0,sell,268.33,ETH-28JUN19-400-C,101.37,0.011,15.0,3,1559496832847,4192717,239
2019-06-02 20:25:22.690,20.0,buy,268.71,ETH-28JUN19-400-C,103.71,0.012,20.0,0,1559507122690,4197982,240
2019-06-02 20:25:39.164,30.0,buy,268.72,ETH-28JUN19-400-C,103.69,0.012,30.0,1,1559507139164,4197984,241
2019-06-02 21:15:20.619,10.0,sell,267.42,ETH-28JUN19-400-C,100.26,0.01,10.0,2,1559510120619,4198932,242
2019-06-03 06:38:45.597,110.0,sell,263.56,ETH-28JUN19-400-C,100.91,0.009000000000000001,110.0,2,1559543925597,4220311,243
2019-06-03 07:22:45.633,5.0,buy,260.34,ETH-28JUN19-400-C,103.42,0.009000000000000001,5.0,3,1559546565633,4227886,244
2019-06-03 09:56:41.552,150.0,sell,261.27,ETH-28JUN19-400-C,97.74,0.006999999999999999,150.0,3,1559555801552,4235538,246
2019-06-03 09:56:41.552,100.0,sell,261.27,ETH-28JUN19-400-C,97.74,0.006999999999999999,100.0,2,1559555801552,4235537,245
2019-06-03 09:57:03.184,100.0,sell,261.27,ETH-28JUN19-400-C,97.72,0.006999999999999999,100.0,3,1559555823184,4235539,247
2019-06-03 09:57:03.184,150.0,sell,261.27,ETH-28JUN19-400-C,97.72,0.006999999999999999,150.0,3,1559555823184,4235540,248
2019-06-03 09:59:34.375,100.0,sell,261.33,ETH-28JUN19-400-C,97.72,0.006999999999999999,100.0,3,1559555974375,4235561,249
2019-06-03 10:00:52.902,150.0,sell,261.27,ETH-28JUN19-400-C,97.77,0.006999999999999999,150.0,3,1559556052902,4235593,251
2019-06-03 10:00:52.902,100.0,sell,261.27,ETH-28JUN19-400-C,97.77,0.006999999999999999,100.0,3,1559556052902,4235592,250
2019-06-03 16:41:22.944,150.0,sell,260.34,ETH-28JUN19-400-C,99.09,0.006999999999999999,150.0,3,1559580082944,4253831,252
2019-06-03 16:41:52.186,150.0,sell,260.68,ETH-28JUN19-400-C,98.86,0.006999999999999999,150.0,3,1559580112186,4253845,253
2019-06-04 00:12:27.222,50.0,buy,242.21,ETH-28JUN19-400-C,112.38,0.006999999999999999,50.0,3,1559607147222,4285163,254
2019-06-04 00:48:40.177,50.0,sell,245.8,ETH-28JUN19-400-C,103.18,0.005,50.0,3,1559609320177,4292141,256
2019-06-04 00:48:40.177,20.0,sell,245.8,ETH-28JUN19-400-C,103.18,0.005,20.0,2,1559609320177,4292140,255
2019-06-04 01:26:59.147,1.0,buy,248.34,ETH-28JUN19-400-C,111.54,0.008,1.0,0,1559611619147,4295139,257
2019-06-04 03:23:07.638,50.0,sell,246.95,ETH-28JUN19-400-C,102.67,0.005,50.0,2,1559618587638,4298913,258
2019-06-04 07:31:58.214,150.0,sell,243.65,ETH-28JUN19-400-C,101.12,0.004,150.0,3,1559633518214,4317100,260
2019-06-04 07:31:58.214,50.0,sell,243.65,ETH-28JUN19-400-C,101.12,0.004,50.0,2,1559633518214,4317099,259
2019-06-04 10:14:33.126,25.0,sell,247.56,ETH-28JUN19-400-C,98.95,0.004,25.0,3,1559643273126,4321453,261
2019-06-04 10:14:33.126,150.0,sell,247.56,ETH-28JUN19-400-C,98.95,0.004,150.0,3,1559643273126,4321454,262
2019-06-04 10:14:33.126,100.0,sell,247.56,ETH-28JUN19-400-C,98.95,0.004,100.0,3,1559643273126,4321455,263
2019-06-04 17:26:37.672,50.0,sell,245.36,ETH-28JUN19-400-C,96.74,0.003,50.0,2,1559669197672,4337531,264
2019-06-04 18:00:32.717,15.0,buy,239.51,ETH-28JUN19-400-C,109.8,0.005,15.0,0,1559671232717,4346631,265
2019-06-05 20:39:25.373,500.0,sell,244.17,ETH-28JUN19-400-C,94.02,0.002,500.0,3,1559767165373,4412878,267
2019-06-05 20:39:25.373,100.0,sell,244.17,ETH-28JUN19-400-C,94.02,0.002,100.0,2,1559767165373,4412877,266
2019-06-06 02:40:56.586,50.0,buy,246.36,ETH-28JUN19-400-C,104.18,0.004,50.0,0,1559788856586,4424726,268
2019-06-06 02:41:14.940,15.0,buy,246.47,ETH-28JUN19-400-C,104.1,0.004,15.0,1,1559788874940,4424735,269
2019-06-06 16:08:59.620,20.0,buy,242.89,ETH-28JUN19-400-C,108.25,0.004,20.0,1,1559837339620,4447456,270
2019-06-07 07:53:45.227,100.0,buy,248.07,ETH-28JUN19-400-C,94.57,0.002,100.0,2,1559894025227,4488444,271
2019-06-07 08:39:45.136,10.0,buy,248.77,ETH-28JUN19-400-C,100.66,0.003,10.0,0,1559896785136,4489909,272
2019-06-07 16:05:45.797,100.0,sell,249.46,ETH-28JUN19-400-C,94.87,0.002,100.0,2,1559923545797,4496736,273
2019-06-07 16:10:00.466,7.0,buy,249.24,ETH-28JUN19-400-C,101.13,0.003,7.0,0,1559923800466,4496811,274
2019-06-07 16:13:48.998,30.0,buy,249.89,ETH-28JUN19-400-C,100.75,0.003,30.0,1,1559924028998,4496898,275
2019-06-07 19:45:10.185,35.0,sell,249.7,ETH-28JUN19-400-C,95.27,0.002,35.0,2,1559936710185,4502948,276
2019-06-07 22:09:23.119,100.0,buy,249.05,ETH-28JUN19-400-C,95.72,0.002,100.0,3,1559945363119,4506375,277
2019-06-07 22:09:41.751,100.0,buy,249.04,ETH-28JUN19-400-C,95.73,0.002,100.0,3,1559945381751,4506376,278
2019-06-07 22:47:32.947,5.0,buy,250.29,ETH-28JUN19-400-C,101.22,0.003,5.0,0,1559947652947,4506878,279
2019-06-08 08:39:56.289,70.0,sell,248.45,ETH-28JUN19-400-C,88.62,0.001,70.0,3,1559983196289,4515433,281
2019-06-08 08:39:56.289,100.0,sell,248.45,ETH-28JUN19-400-C,88.62,0.001,100.0,2,1559983196289,4515432,280
2019-06-08 16:35:42.992,40.0,sell,244.38,ETH-28JUN19-400-C,92.25,0.001,40.0,3,1560011742992,4523224,282
2019-06-08 16:35:42.992,20.0,sell,244.38,ETH-28JUN19-400-C,92.25,0.001,20.0,3,1560011742992,4523225,283
2019-06-08 16:35:42.992,200.0,sell,244.38,ETH-28JUN19-400-C,92.25,0.001,200.0,3,1560011742992,4523226,284
2019-06-08 16:35:42.992,200.0,sell,244.38,ETH-28JUN19-400-C,92.25,0.001,200.0,3,1560011742992,4523227,285
2019-06-09 08:54:01.215,100.0,sell,243.75,ETH-28JUN19-400-C,94.39,0.001,100.0,3,1560070441215,4540677,286
2019-06-09 22:11:48.481,51.0,sell,229.27,ETH-28JUN19-400-C,105.87,0.001,51.0,3,1560118308481,4567208,287
2019-06-09 22:11:48.481,111.0,sell,229.27,ETH-28JUN19-400-C,105.87,0.001,111.0,3,1560118308481,4567209,288
2019-06-10 04:52:59.298,25.0,sell,234.26,ETH-28JUN19-400-C,103.07,0.001,25.0,3,1560142379298,4579960,289
2019-06-10 04:54:35.683,25.0,sell,234.25,ETH-28JUN19-400-C,103.09,0.001,25.0,3,1560142475683,4579965,290
2019-06-10 06:51:15.349,35.0,buy,235.71,ETH-28JUN19-400-C,102.24,0.001,35.0,3,1560149475349,4581702,291
2019-06-10 06:51:15.349,100.0,buy,235.71,ETH-28JUN19-400-C,102.24,0.001,100.0,3,1560149475349,4581703,292
2019-06-10 12:16:12.742,200.0,sell,244.12,ETH-28JUN19-400-C,97.03,0.001,200.0,3,1560168972742,4593986,293
2019-06-10 16:05:57.378,50.0,sell,243.26,ETH-28JUN19-400-C,97.52,0.001,50.0,3,1560182757378,4599458,294
2019-06-12 03:11:15.770,10.0,buy,249.52,ETH-28JUN19-400-C,107.73,0.002,10.0,0,1560309075770,4661323,295
2019-06-12 16:30:09.905,50.0,buy,259.79,ETH-28JUN19-400-C,101.93,0.002,50.0,1,1560357009905,4682123,296
2019-06-12 16:30:10.095,100.0,buy,259.79,ETH-28JUN19-400-C,101.93,0.002,100.0,1,1560357010095,4682124,297
2019-06-15 16:52:03.516,50.0,buy,272.92,ETH-28JUN19-400-C,101.34,0.002,50.0,1,1560617523516,4795882,298
2019-06-16 04:08:12.938,2.0,buy,271.64,ETH-28JUN19-400-C,104.49,0.002,2.0,1,1560658092938,4812481,299
2019-06-16 04:09:18.854,2.0,buy,271.65,ETH-28JUN19-400-C,104.48,0.002,2.0,1,1560658158854,4812482,300
2019-06-16 04:09:30.279,20.0,buy,271.69,ETH-28JUN19-400-C,104.45,0.002,20.0,1,1560658170279,4812483,301
2019-06-16 04:09:50.389,36.0,buy,271.73,ETH-28JUN19-400-C,104.46,0.002,36.0,1,1560658190389,4812484,302
2019-06-16 04:09:50.389,64.0,buy,271.73,ETH-28JUN19-400-C,104.46,0.002,64.0,1,1560658190389,4812485,303
2019-06-17 00:40:50.992,20.0,sell,273.19,ETH-28JUN19-400-C,106.37,0.002,20.0,1,1560732050992,4876726,304
2019-06-17 19:16:36.736,30.0,sell,273.37,ETH-28JUN19-400-C,99.87,0.001,30.0,2,1560798996736,4914666,305
2019-06-17 20:08:34.271,100.0,buy,273.33,ETH-28JUN19-400-C,118.52,0.003,100.0,0,1560802114271,4916682,306
2019-06-18 11:32:42.463,1.0,buy,268.67,ETH-28JUN19-400-C,106.73,0.001,1.0,2,1560857562463,4950138,307
2019-06-18 11:51:38.212,1.0,sell,267.51,ETH-28JUN19-400-C,107.74,0.001,1.0,3,1560858698212,4950569,308
2019-06-18 11:52:09.024,1.0,sell,267.43,ETH-28JUN19-400-C,107.76,0.001,1.0,3,1560858729024,4950589,309
2019-06-18 12:52:46.085,1.0,buy,266.9,ETH-28JUN19-400-C,108.37,0.001,1.0,3,1560862366085,4951824,310
2019-06-18 12:52:52.113,1.0,buy,266.89,ETH-28JUN19-400-C,119.94,0.002,1.0,0,1560862372113,4951825,311
2019-06-18 13:07:41.078,1.0,buy,267.44,ETH-28JUN19-400-C,108.16,0.001,1.0,2,1560863261078,4952280,312
2019-06-18 16:30:46.492,6.0,sell,265.68,ETH-28JUN19-400-C,110.0,0.001,6.0,3,1560875446492,4958419,313
2019-06-18 16:39:25.178,4.0,buy,265.93,ETH-28JUN19-400-C,109.87,0.001,4.0,3,1560875965178,4958580,314
2019-06-18 16:39:25.178,4.0,buy,265.93,ETH-28JUN19-400-C,109.87,0.001,4.0,3,1560875965178,4958581,315
2019-06-19 06:01:32.642,1.0,buy,268.15,ETH-28JUN19-400-C,111.85,0.001,1.0,3,1560924092642,4977914,316
2019-06-19 06:01:32.642,19.0,buy,268.15,ETH-28JUN19-400-C,111.85,0.001,19.0,3,1560924092642,4977915,317
2019-06-19 06:04:28.152,80.0,buy,268.24,ETH-28JUN19-400-C,111.85,0.001,80.0,3,1560924268152,4977923,318
2019-06-20 15:39:29.002,1.0,buy,268.9,ETH-28JUN19-400-C,120.89,0.001,1.0,3,1561045169002,5006490,319
