date_utc,amount,direction,indexPrice,instrument,iv,price,quantity,tickDirection,timeStamp,tradeId,tradeSeq
2019-04-01 10:54:45.442,10.0,buy,4114.25,BTC-28JUN19-5500-C,55.1,0.0215,10.0,1,1554116085442,17003654,1
2019-04-01 12:49:31.283,0.5,buy,4126.85,BTC-28JUN19-5500-C,54.84,0.0215,0.5,1,1554122971283,17004936,2
2019-04-01 12:49:41.271,0.5,buy,4126.83,BTC-28JUN19-5500-C,54.84,0.0215,0.5,1,1554122981271,17004938,3
2019-04-01 14:22:23.543,0.1,buy,4139.25,BTC-28JUN19-5500-C,54.7,0.0215,0.1,1,1554128543543,17006462,4
2019-04-01 14:22:26.628,0.1,buy,4139.66,BTC-28JUN19-5500-C,54.7,0.0215,0.1,1,1554128546628,17006466,5
2019-04-01 14:22:29.990,0.1,buy,4139.66,BTC-28JUN19-5500-C,54.7,0.0215,0.1,1,1554128549990,17006469,6
2019-04-01 14:32:00.379,8.700000000000001,buy,4143.14,BTC-28JUN19-5500-C,54.61,0.0215,8.700000000000001,1,1554129120379,17006649,7
2019-04-01 14:32:00.379,1.3,buy,4143.14,BTC-28JUN19-5500-C,54.61,0.0215,1.3,1,1554129120379,17006650,8
2019-04-01 15:40:28.464,2.0,buy,4135.12,BTC-28JUN19-5500-C,54.43,0.021,2.0,2,1554133228464,17008110,9
2019-04-01 18:41:41.906,3.0,sell,4133.83,BTC-28JUN19-5500-C,54.5,0.021,3.0,3,1554144101906,17009877,10
2019-04-01 19:15:55.071,0.1,buy,4132.16,BTC-28JUN19-5500-C,55.05,0.0215,0.1,0,1554146155071,17010205,11
2019-04-02 00:13:49.411,18.6,buy,4137.4,BTC-28JUN19-5500-C,54.91,0.0215,18.6,1,1554164029411,17012621,12
2019-04-02 00:13:49.411,6.4,buy,4137.4,BTC-28JUN19-5500-C,54.91,0.0215,6.4,1,1554164029411,17012622,13
2019-04-02 00:49:12.799,13.6,buy,4146.09,BTC-28JUN19-5500-C,54.59,0.0215,13.6,1,1554166152799,17013076,14
2019-04-02 02:57:20.085,0.5,sell,4175.83,BTC-28JUN19-5500-C,53.65,0.0215,0.5,1,1554173840085,17017195,15
2019-04-02 04:53:56.964,0.2,buy,4754.98,BTC-28JUN19-5500-C,49.27,0.043,0.2,1,1554180836964,17039322,17
2019-04-02 04:53:56.964,0.5,buy,4754.98,BTC-28JUN19-5500-C,49.27,0.043,0.5,0,1554180836964,17039321,16
2019-04-02 09:30:07.509,2.0,buy,4788.2,BTC-28JUN19-5500-C,53.76,0.053,2.0,0,1554197407509,17098132,18
2019-04-02 10:23:02.595,0.1,buy,4761.94,BTC-28JUN19-5500-C,56.35,0.055999999999999994,0.1,0,1554200582595,17104423,19
2019-04-02 17:20:52.440,1.0,buy,4729.14,BTC-28JUN19-5500-C,57.75,0.0565,1.0,0,1554225652440,17123806,20
2019-04-02 18:22:50.085,10.6,sell,4731.52,BTC-28JUN19-5500-C,54.62,0.051,10.6,3,1554229370085,17126381,22
2019-04-02 18:22:50.085,0.3,sell,4731.52,BTC-28JUN19-5500-C,54.62,0.051,0.3,2,1554229370085,17126380,21
2019-04-02 18:22:50.085,34.1,sell,4731.52,BTC-28JUN19-5500-C,54.62,0.051,34.1,3,1554229370085,17126382,23
2019-04-02 18:27:52.693,10.0,sell,4731.67,BTC-28JUN19-5500-C,54.14,0.0505,10.0,3,1554229672693,17126517,25
2019-04-02 18:27:52.693,5.0,sell,4731.67,BTC-28JUN19-5500-C,54.14,0.0505,5.0,2,1554229672693,17126516,24
2019-04-02 18:31:53.036,14.4,sell,4733.09,BTC-28JUN19-5500-C,54.49,0.051,14.4,0,1554229913036,17126575,26
2019-04-02 18:31:53.040,0.6,buy,4733.09,BTC-28JUN19-5500-C,54.49,0.051,0.6,1,1554229913040,17126576,27
2019-04-02 19:47:30.560,0.3,buy,4750.65,BTC-28JUN19-5500-C,57.32,0.0575,0.3,0,1554234450560,17127744,29
2019-04-02 19:47:30.560,0.6,buy,4750.65,BTC-28JUN19-5500-C,57.59,0.058,0.6,0,1554234450560,17127745,30
2019-04-02 19:47:30.560,0.1,buy,4750.65,BTC-28JUN19-5500-C,56.49,0.056,0.1,0,1554234450560,17127743,28
2019-04-02 21:51:11.819,25.0,sell,4799.92,BTC-28JUN19-5500-C,56.93,0.059,25.0,0,1554241871819,17139408,31
2019-04-02 23:14:44.434,0.9,buy,4862.15,BTC-28JUN19-5500-C,55.43,0.06,0.9,0,1554246884434,17143632,32
2019-04-03 02:07:40.992,5.0,buy,5004.78,BTC-28JUN19-5500-C,59.52,0.0775,5.0,0,1554257260992,17167162,33
2019-04-03 07:08:01.554,1.0,buy,4974.64,BTC-28JUN19-5500-C,63.01,0.08199999999999999,1.0,0,1554275281554,17190204,34
2019-04-03 07:54:52.360,0.3,sell,4958.65,BTC-28JUN19-5500-C,62.33,0.0795,0.3,2,1554278092360,17191082,35
2019-04-03 08:03:36.396,0.3,sell,4963.42,BTC-28JUN19-5500-C,61.0,0.0775,0.3,2,1554278616396,17191405,36
2019-04-03 08:27:50.837,0.3,sell,4934.35,BTC-28JUN19-5500-C,60.86,0.0755,0.3,2,1554280070837,17192074,37
2019-04-03 13:04:05.687,6.0,buy,5008.4,BTC-28JUN19-5500-C,58.3,0.075,6.0,2,1554296645687,17199636,38
2019-04-03 13:26:25.037,1.0,buy,5016.39,BTC-28JUN19-5500-C,63.57,0.0855,1.0,0,1554297985037,17200817,39
2019-04-03 15:00:20.923,0.1,sell,5009.23,BTC-28JUN19-5500-C,60.64,0.0795,0.1,2,1554303620923,17204289,40
2019-04-03 16:17:16.027,1.0,buy,5086.98,BTC-28JUN19-5500-C,61.38,0.087,1.0,0,1554308236027,17210353,41
2019-04-03 16:47:33.356,5.0,buy,5132.53,BTC-28JUN19-5500-C,62.34,0.092,5.0,0,1554310053356,17213968,42
2019-04-03 16:52:18.475,1.0,sell,5133.09,BTC-28JUN19-5500-C,62.44,0.092,1.0,1,1554310338475,17214417,43
2019-04-03 17:01:44.828,5.0,sell,5146.64,BTC-28JUN19-5500-C,62.46,0.09300000000000001,5.0,0,1554310904828,17215033,44
2019-04-03 17:16:53.372,5.2,sell,5090.37,BTC-28JUN19-5500-C,63.67,0.0905,5.2,2,1554311813372,17218111,45
2019-04-03 17:16:55.553,5.1000000000000005,sell,5079.95,BTC-28JUN19-5500-C,63.92,0.0905,5.1000000000000005,3,1554311815553,17218180,46
2019-04-03 17:16:57.033,10.8,sell,5079.95,BTC-28JUN19-5500-C,64.09,0.0905,10.8,3,1554311817033,17218214,47
2019-04-03 17:18:07.873,3.9,sell,5109.75,BTC-28JUN19-5500-C,62.65,0.0905,3.9,3,1554311887873,17218847,48
2019-04-03 18:38:51.599,1.0,buy,5162.87,BTC-28JUN19-5500-C,62.26,0.093,1.0,0,1554316731599,17222722,49
2019-04-03 18:44:18.577,0.8,buy,5180.37,BTC-28JUN19-5500-C,61.69,0.094,0.8,0,1554317058577,17223301,50
2019-04-03 18:44:20.530,0.2,buy,5180.37,BTC-28JUN19-5500-C,61.69,0.094,0.2,1,1554317060530,17223304,51
2019-04-03 20:14:48.886,1.0,buy,5198.09,BTC-28JUN19-5500-C,63.64,0.0995,1.0,0,1554322488886,17229224,52
2019-04-03 20:15:23.833,1.0,buy,5227.48,BTC-28JUN19-5500-C,63.72,0.102,1.0,0,1554322523833,17229835,53
2019-04-03 20:27:24.949,1.0,buy,5240.43,BTC-28JUN19-5500-C,67.25,0.109,1.0,0,1554323244949,17234938,54
2019-04-03 21:00:40.143,0.1,buy,5304.12,BTC-28JUN19-5500-C,65.01,0.1095,0.1,0,1554325240143,17238189,55
2019-04-03 21:02:17.762,1.0,buy,5322.28,BTC-28JUN19-5500-C,65.24,0.1115,1.0,0,1554325337762,17238457,56
2019-04-03 21:06:00.868,1.0,buy,5328.33,BTC-28JUN19-5500-C,66.69,0.114,1.0,0,1554325560868,17239135,57
2019-04-03 21:07:44.809,10.0,buy,5296.14,BTC-28JUN19-5500-C,68.34,0.115,10.0,0,1554325664809,17239618,58
2019-04-03 21:07:55.572,9.0,buy,5294.59,BTC-28JUN19-5500-C,68.9,0.116,9.0,0,1554325675572,17239664,59
2019-04-03 22:53:44.252,8.6,buy,5087.23,BTC-28JUN19-5500-C,63.79,0.091,8.6,2,1554332024252,17257114,60
2019-04-03 23:04:48.532,1.2,sell,4988.31,BTC-28JUN19-5500-C,66.52,0.0895,1.2,2,1554332688532,17260544,61
2019-04-03 23:05:15.214,10.7,sell,4961.71,BTC-28JUN19-5500-C,67.2,0.08900000000000001,10.7,2,1554332715214,17260964,62
2019-04-03 23:05:15.298,2.6,sell,4961.71,BTC-28JUN19-5500-C,67.2,0.08900000000000001,2.6,3,1554332715298,17260967,63
2019-04-03 23:05:16.721,1.6,sell,4957.08,BTC-28JUN19-5500-C,67.16,0.08900000000000001,1.6,3,1554332716721,17261004,64
2019-04-03 23:05:16.798,0.9,sell,4957.08,BTC-28JUN19-5500-C,67.16,0.08900000000000001,0.9,3,1554332716798,17261005,65
2019-04-03 23:05:16.936,1.0,sell,4957.08,BTC-28JUN19-5500-C,67.33,0.08900000000000001,1.0,3,1554332716936,17261010,66
2019-04-03 23:05:17.854,0.7000000000000001,sell,4956.65,BTC-28JUN19-5500-C,67.36,0.08900000000000001,0.7000000000000001,3,1554332717854,17261069,67
2019-04-03 23:05:18.554,0.5,sell,4956.65,BTC-28JUN19-5500-C,67.36,0.08900000000000001,0.5,3,1554332718554,17261083,68
2019-04-03 23:05:18.879,0.6,sell,4956.65,BTC-28JUN19-5500-C,67.36,0.08900000000000001,0.6,3,1554332718879,17261091,69
2019-04-03 23:05:18.910,0.7000000000000001,sell,4956.65,BTC-28JUN19-5500-C,67.36,0.08900000000000001,0.7000000000000001,3,1554332718910,17261092,70
2019-04-03 23:05:19.517,5.7,sell,4954.49,BTC-28JUN19-5500-C,67.41,0.08900000000000001,5.7,3,1554332719517,17261094,71
2019-04-04 02:18:40.719,1.4,sell,5023.27,BTC-28JUN19-5500-C,65.17,0.08800000000000001,1.4,2,1554344320719,17286662,72
2019-04-04 02:55:11.850,3.0,sell,5017.22,BTC-28JUN19-5500-C,65.02,0.0875,3.0,2,1554346511850,17288325,73
2019-04-04 14:02:21.650,1.0,sell,5013.0,BTC-28JUN19-5500-C,65.66,0.0885,1.0,0,1554386541650,17308996,74
2019-04-04 14:47:26.335,7.5,sell,4999.04,BTC-28JUN19-5500-C,63.56,0.0835,7.5,2,1554389246335,17311046,76
2019-04-04 14:47:26.335,5.0,sell,4999.04,BTC-28JUN19-5500-C,64.09,0.0845,5.0,2,1554389246335,17311045,75
2019-04-04 14:47:26.335,7.5,sell,4999.04,BTC-28JUN19-5500-C,62.77,0.08199999999999999,7.5,2,1554389246335,17311047,77
2019-04-04 16:56:00.181,1.0,sell,4939.5,BTC-28JUN19-5500-C,61.98,0.077,1.0,2,1554396960181,17315743,78
2019-04-04 16:56:11.253,0.1,buy,4937.05,BTC-28JUN19-5500-C,62.61,0.078,0.1,0,1554396971253,17315748,79
2019-04-04 16:56:24.713,0.1,buy,4940.44,BTC-28JUN19-5500-C,62.99,0.079,0.1,0,1554396984713,17315755,80
2019-04-06 15:08:18.467,1.1,buy,5044.13,BTC-28JUN19-5500-C,66.14,0.091,1.1,0,1554563298467,17398330,81
2019-04-07 18:42:09.600,0.1,buy,5113.9,BTC-28JUN19-5500-C,68.06,0.099,0.1,0,1554662529600,17475798,82
2019-04-08 02:59:49.643,5.0,sell,5288.76,BTC-28JUN19-5500-C,66.41,0.111,5.0,0,1554692389643,17508970,83
2019-04-08 04:22:22.476,10.0,buy,5270.69,BTC-28JUN19-5500-C,64.09,0.105,10.0,2,1554697342476,17512405,84
2019-04-09 02:02:46.863,0.1,buy,5275.82,BTC-28JUN19-5500-C,64.78,0.104,0.1,2,1554775366863,17554041,85
2019-04-09 15:28:29.874,7.2,sell,5221.02,BTC-28JUN19-5500-C,64.39,0.0985,7.2,2,1554823709874,17577393,86
2019-04-09 18:44:23.336,0.1,buy,5218.76,BTC-28JUN19-5500-C,64.16,0.0975,0.1,2,1554835463336,17580010,87
2019-04-10 07:46:16.328,0.5,buy,5258.86,BTC-28JUN19-5500-C,61.22,0.096,0.5,2,1554882376328,17594738,88
2019-04-10 13:00:27.243,7.2,buy,5278.28,BTC-28JUN19-5500-C,61.5,0.0975,7.2,0,1554901227243,17599786,89
2019-04-10 17:56:03.804,4.2,sell,5315.03,BTC-28JUN19-5500-C,60.5,0.098,4.2,0,1554918963804,17607662,90
2019-04-10 18:39:04.020,0.9,buy,5432.42,BTC-28JUN19-5500-C,62.5,0.1105,0.9,0,1554921544020,17618501,91
2019-04-11 03:18:10.402,0.1,sell,5292.54,BTC-28JUN19-5500-C,63.23,0.1,0.1,2,1554952690402,17657611,92
2019-04-11 03:34:38.598,0.1,sell,5222.37,BTC-28JUN19-5500-C,66.3,0.1,0.1,3,1554953678598,17661019,93
2019-04-11 03:54:01.056,2.0,sell,5220.05,BTC-28JUN19-5500-C,63.62,0.095,2.0,2,1554954841056,17666336,94
2019-04-11 10:11:06.043,0.1,buy,5072.52,BTC-28JUN19-5500-C,64.39,0.0855,0.1,2,1554977466043,17687136,95
2019-04-11 11:31:32.362,0.5,sell,5001.43,BTC-28JUN19-5500-C,63.21,0.078,0.5,2,1554982292362,17693324,96
2019-04-11 17:03:16.589,0.1,buy,5044.48,BTC-28JUN19-5500-C,63.2,0.08,0.1,0,1555002196589,17708834,97
2019-04-11 19:52:41.586,0.2,buy,5072.63,BTC-28JUN19-5500-C,63.07,0.0815,0.2,0,1555012361586,17713963,98
2019-04-12 01:07:40.946,1.0,sell,5001.04,BTC-28JUN19-5500-C,63.2,0.077,1.0,2,1555031260946,17724015,99
2019-04-12 01:13:29.582,5.0,buy,5014.99,BTC-28JUN19-5500-C,62.7,0.077,5.0,3,1555031609582,17724682,100
2019-04-12 01:14:20.159,7.0,buy,5008.88,BTC-28JUN19-5500-C,63.22,0.0775,7.0,0,1555031660159,17724720,101
2019-04-12 01:21:14.821,5.7,buy,4992.56,BTC-28JUN19-5500-C,63.8,0.0775,5.7,0,1555032074821,17725770,103
2019-04-12 01:21:14.821,0.3,buy,4992.56,BTC-28JUN19-5500-C,63.25,0.0765,0.3,2,1555032074821,17725769,102
2019-04-12 01:22:34.380,2.0,sell,4993.5,BTC-28JUN19-5500-C,63.66,0.0775,2.0,1,1555032154380,17725983,104
2019-04-12 01:25:46.716,1.0,sell,4971.18,BTC-28JUN19-5500-C,63.41,0.0755,1.0,2,1555032346716,17726445,105
2019-04-12 02:38:32.501,2.0,sell,5003.86,BTC-28JUN19-5500-C,61.15,0.0735,2.0,2,1555036712501,17734891,106
2019-04-12 02:38:51.605,1.0,sell,5004.2,BTC-28JUN19-5500-C,61.1,0.0735,1.0,3,1555036731605,17734901,107
2019-04-12 04:18:25.600,0.1,buy,5037.59,BTC-28JUN19-5500-C,64.58,0.0825,0.1,0,1555042705600,17736952,108
2019-04-12 09:32:48.966,5.0,sell,5022.42,BTC-28JUN19-5500-C,60.94,0.075,5.0,2,1555061568966,17743457,109
2019-04-12 14:51:41.751,5.0,buy,5079.33,BTC-28JUN19-5500-C,59.59,0.0755,5.0,0,1555080701751,17750473,110
2019-04-12 17:06:54.954,0.1,buy,5079.56,BTC-28JUN19-5500-C,59.27,0.075,0.1,2,1555088814954,17752481,111
2019-04-12 17:42:37.440,0.4,buy,5092.57,BTC-28JUN19-5500-C,59.21,0.075,0.4,3,1555090957440,17753528,112
2019-04-12 18:11:18.009,0.1,sell,5065.76,BTC-28JUN19-5500-C,57.02,0.0695,0.1,2,1555092678009,17757082,113
2019-04-13 08:47:01.448,0.8,buy,5074.17,BTC-28JUN19-5500-C,60.79,0.075,0.8,0,1555145221448,17769699,114
2019-04-14 13:02:10.822,0.1,buy,5070.71,BTC-28JUN19-5500-C,58.86,0.071,0.1,2,1555246930822,17795908,115
2019-04-14 22:09:21.970,3.0,buy,5144.32,BTC-28JUN19-5500-C,56.19,0.0715,3.0,0,1555279761970,17803041,116
2019-04-14 22:50:04.067,0.4,buy,5172.59,BTC-28JUN19-5500-C,57.8,0.076,0.4,0,1555282204067,17808150,117
2019-04-15 14:43:37.902,1.0,sell,5168.29,BTC-28JUN19-5500-C,56.3,0.073,1.0,2,1555339417902,17820259,118
2019-04-15 15:36:15.289,0.1,buy,5155.77,BTC-28JUN19-5500-C,59.39,0.0775,0.1,0,1555342575289,17820742,119
2019-04-16 01:10:23.741,0.1,buy,5049.58,BTC-28JUN19-5500-C,59.6,0.071,0.1,2,1555377023741,17849750,120
2019-04-16 09:54:31.962,0.2,buy,5084.87,BTC-28JUN19-5500-C,59.52,0.0735,0.2,0,1555408471962,17855301,121
2019-04-16 16:54:39.906,0.1,sell,5090.93,BTC-28JUN19-5500-C,56.79,0.0695,0.1,2,1555433679906,17864464,122
2019-04-16 17:17:18.038,0.1,buy,5094.87,BTC-28JUN19-5500-C,56.7,0.0695,0.1,3,1555435038038,17864799,123
2019-04-16 17:21:05.977,0.1,buy,5100.71,BTC-28JUN19-5500-C,56.84,0.07,0.1,0,1555435265977,17864910,124
2019-04-16 17:21:11.682,0.1,buy,5108.09,BTC-28JUN19-5500-C,56.89,0.0705,0.1,0,1555435271682,17865149,125
2019-04-16 17:21:30.799,5.0,buy,5117.89,BTC-28JUN19-5500-C,56.68,0.071,5.0,0,1555435290799,17865305,126
2019-04-16 17:27:32.422,5.0,buy,5121.79,BTC-28JUN19-5500-C,56.8,0.0715,5.0,0,1555435652422,17866162,127
2019-04-16 17:27:45.939,5.0,buy,5127.06,BTC-28JUN19-5500-C,56.81,0.07200000000000001,5.0,0,1555435665939,17866269,128
2019-04-16 17:30:05.669,0.1,buy,5191.07,BTC-28JUN19-5500-C,56.91,0.077,0.1,0,1555435805669,17868403,129
2019-04-17 19:57:48.552,1.0,buy,5230.68,BTC-28JUN19-5500-C,57.31,0.08,1.0,0,1555531068552,17907151,130
2019-04-18 06:41:21.932,1.0,sell,5267.17,BTC-28JUN19-5500-C,55.49,0.079,1.0,2,1555569681932,17918732,131
2019-04-18 07:58:09.226,0.5,sell,5265.28,BTC-28JUN19-5500-C,55.17,0.078,0.5,2,1555574289226,17919198,132
2019-04-19 00:06:55.811,1.0,sell,5273.73,BTC-28JUN19-5500-C,56.95,0.0815,1.0,0,1555632415811,17938725,133
2019-04-19 02:01:12.716,0.3,sell,5198.5,BTC-28JUN19-5500-C,55.31,0.0725,0.3,2,1555639272716,17943233,134
2019-04-19 07:52:43.944,0.1,sell,5246.06,BTC-28JUN19-5500-C,54.37,0.0745,0.1,0,1555660363944,17947545,135
2019-04-19 07:52:43.944,0.9,sell,5246.06,BTC-28JUN19-5500-C,54.37,0.0745,0.9,1,1555660363944,17947546,136
2019-04-19 11:45:15.120,0.1,buy,5259.65,BTC-28JUN19-5500-C,56.28,0.079,0.1,0,1555674315120,17950055,137
2019-04-19 15:13:39.641,1.0,buy,5278.07,BTC-28JUN19-5500-C,54.82,0.0775,1.0,2,1555686819641,17952064,138
2019-04-19 22:27:02.889,0.1,sell,5263.11,BTC-28JUN19-5500-C,54.16,0.075,0.1,2,1555712822889,17969111,139
2019-04-20 01:02:18.866,0.1,sell,5288.78,BTC-28JUN19-5500-C,53.89,0.076,0.1,0,1555722138866,17971404,140
2019-04-20 07:30:43.474,0.2,buy,5327.59,BTC-28JUN19-5500-C,56.23,0.083,0.2,0,1555745443474,17977837,141
2019-04-21 12:30:15.237,1.0,sell,5224.72,BTC-28JUN19-5500-C,56.59,0.0745,1.0,2,1555849815237,18012845,142
2019-04-22 08:35:10.356,3.0,buy,5289.28,BTC-28JUN19-5500-C,55.04,0.076,3.0,0,1555922110356,18033569,143
2019-04-22 14:41:41.928,1.0,sell,5312.41,BTC-28JUN19-5500-C,54.96,0.0785,1.0,0,1555944101928,18038312,144
2019-04-22 15:39:47.106,1.0,buy,5347.17,BTC-28JUN19-5500-C,54.31,0.08,1.0,0,1555947587106,18040068,145
2019-04-22 15:40:20.417,0.1,buy,5369.68,BTC-28JUN19-5500-C,54.97,0.083,0.1,0,1555947620417,18040922,146
2019-04-22 15:40:21.051,1.7,buy,5373.81,BTC-28JUN19-5500-C,54.7,0.083,1.7,1,1555947621051,18040963,147
2019-04-22 15:43:18.769,1.0,sell,5348.2,BTC-28JUN19-5500-C,55.9,0.083,1.0,1,1555947798769,18045266,148
2019-04-22 18:09:40.697,1.0,sell,5379.73,BTC-28JUN19-5500-C,55.93,0.085,1.0,0,1555956580697,18057836,149
2019-04-22 19:11:08.148,0.1,sell,5366.19,BTC-28JUN19-5500-C,56.25,0.0845,0.1,2,1555960268148,18064082,150
2019-04-22 20:47:55.775,2.8000000000000003,buy,5399.5,BTC-28JUN19-5500-C,57.18,0.08900000000000001,2.8000000000000003,1,1555966075775,18067910,152
2019-04-22 20:47:55.775,7.2,buy,5399.5,BTC-28JUN19-5500-C,57.18,0.08900000000000001,7.2,0,1555966075775,18067909,151
2019-04-23 03:24:54.797,3.0,sell,5413.14,BTC-28JUN19-5500-C,57.03,0.0895,3.0,0,1555989894797,18075574,153
2019-04-23 04:25:39.212,0.1,sell,5615.78,BTC-28JUN19-5500-C,58.79,0.109,0.1,0,1555993539212,18085536,154
2019-04-23 04:46:39.063,0.2,buy,5501.19,BTC-28JUN19-5500-C,61.1,0.1035,0.2,2,1555994799063,18093888,155
2019-04-23 05:24:07.029,0.5,buy,5513.3,BTC-28JUN19-5500-C,58.5,0.1,0.5,2,1555997047029,18096773,156
2019-04-23 06:51:07.296,1.0,buy,5536.61,BTC-28JUN19-5500-C,57.36,0.1,1.0,3,1556002267296,18099904,157
2019-04-23 11:15:15.258,2.5,sell,5547.86,BTC-28JUN19-5500-C,57.29,0.1005,2.5,0,1556018115258,18106879,158
2019-04-23 11:16:20.903,0.2,buy,5546.67,BTC-28JUN19-5500-C,58.84,0.10300000000000001,0.2,0,1556018180903,18106955,159
2019-04-23 11:29:27.717,0.2,sell,5546.31,BTC-28JUN19-5500-C,56.55,0.099,0.2,2,1556018967717,18107068,160
2019-04-23 17:48:18.357,4.0,sell,5596.54,BTC-28JUN19-5500-C,58.46,0.106,4.0,0,1556041698357,18118941,161
2019-04-24 03:56:18.217,5.0,buy,5572.39,BTC-28JUN19-5500-C,59.51,0.105,5.0,2,1556078178217,18141817,162
2019-04-24 04:21:57.357,0.1,buy,5605.69,BTC-28JUN19-5500-C,58.87,0.1065,0.1,0,1556079717357,18143313,163
2019-04-24 04:26:49.050,0.1,buy,5599.48,BTC-28JUN19-5500-C,59.54,0.107,0.1,0,1556080009050,18143647,164
2019-04-24 04:26:49.050,1.8,buy,5599.48,BTC-28JUN19-5500-C,59.54,0.107,1.8,1,1556080009050,18143648,165
2019-04-24 10:22:14.997,0.1,buy,5475.16,BTC-28JUN19-5500-C,57.36,0.092,0.1,2,1556101334997,18167880,166
2019-04-24 10:24:35.673,2.0,buy,5474.45,BTC-28JUN19-5500-C,60.08,0.0965,2.0,0,1556101475673,18168027,167
2019-04-24 10:53:48.407,0.1,sell,5434.78,BTC-28JUN19-5500-C,58.89,0.0915,0.1,2,1556103228407,18169452,168
2019-04-24 10:54:08.980,0.1,sell,5430.53,BTC-28JUN19-5500-C,59.12,0.0915,0.1,3,1556103248980,18169551,169
2019-04-24 10:54:12.590,0.1,sell,5428.94,BTC-28JUN19-5500-C,59.18,0.0915,0.1,3,1556103252590,18169557,170
2019-04-24 12:45:55.032,8.0,buy,5461.76,BTC-28JUN19-5500-C,59.76,0.095,8.0,0,1556109955032,18176551,171
2019-04-25 02:19:00.481,0.1,sell,5445.9,BTC-28JUN19-5500-C,58.04,0.0905,0.1,2,1556158740481,18202534,172
2019-04-25 12:37:43.548,0.2,sell,5459.6,BTC-28JUN19-5500-C,56.97,0.08900000000000001,0.2,2,1556195863548,18220495,173
2019-04-25 19:20:32.973,0.2,sell,5503.23,BTC-28JUN19-5500-C,56.85,0.0915,0.2,0,1556220032973,18228607,174
2019-04-25 20:32:19.247,90.0,sell,5485.0,BTC-28JUN19-5500-C,56.72,0.0905,90.0,2,1556224339247,18230563,175
2019-04-25 21:45:57.526,0.3,sell,5442.37,BTC-28JUN19-5500-C,57.77,0.0885,0.3,2,1556228757526,18233552,176
2019-04-25 22:09:37.473,0.1,sell,5088.62,BTC-28JUN19-5500-C,60.46,0.0645,0.1,2,1556230177473,18251791,177
2019-04-25 22:09:41.621,0.1,sell,5081.49,BTC-28JUN19-5500-C,59.02,0.061,0.1,2,1556230181621,18252050,178
2019-04-25 22:09:41.771,0.1,buy,5081.49,BTC-28JUN19-5500-C,52.44,0.0505,0.1,2,1556230181771,18252054,179
2019-04-25 22:09:46.426,0.1,buy,5076.99,BTC-28JUN19-5500-C,52.99,0.051,0.1,0,1556230186426,18252201,180
2019-04-25 22:10:36.885,0.1,sell,5034.57,BTC-28JUN19-5500-C,60.61,0.057999999999999996,0.1,0,1556230236885,18254083,181
2019-04-25 22:16:55.248,0.2,buy,5095.01,BTC-28JUN19-5500-C,61.02,0.0665,0.2,0,1556230615248,18265374,182
2019-04-25 22:30:48.568,0.2,buy,5103.04,BTC-28JUN19-5500-C,61.72,0.068,0.2,0,1556231448568,18272501,183
2019-04-26 02:39:10.126,5.0,buy,5259.91,BTC-28JUN19-5500-C,58.19,0.075,5.0,0,1556246350126,18300355,184
2019-04-26 04:30:49.282,0.2,sell,5189.48,BTC-28JUN19-5500-C,57.35,0.069,0.2,2,1556253049282,18310755,185
2019-04-26 04:30:55.305,0.1,sell,5190.95,BTC-28JUN19-5500-C,57.29,0.069,0.1,3,1556253055305,18310759,186
2019-04-26 06:37:26.614,0.1,sell,5162.81,BTC-28JUN19-5500-C,57.51,0.0675,0.1,2,1556260646614,18315755,187
2019-04-26 13:57:54.447,0.1,buy,5164.68,BTC-28JUN19-5500-C,60.98,0.0715,0.1,0,1556287074447,18330285,188
2019-04-26 16:20:58.709,0.1,sell,5098.01,BTC-28JUN19-5500-C,58.41,0.0635,0.1,2,1556295658709,18337128,189
2019-04-26 16:20:58.711,1.9,buy,5098.01,BTC-28JUN19-5500-C,58.41,0.0635,1.9,3,1556295658711,18337129,190
2019-04-26 22:05:53.586,3.0,buy,5142.8,BTC-28JUN19-5500-C,58.05,0.066,3.0,0,1556316353586,18350314,191
2019-04-26 22:05:56.173,3.0,buy,5146.02,BTC-28JUN19-5500-C,58.14,0.0665,3.0,0,1556316356173,18350500,192
2019-04-26 22:06:22.512,3.0,buy,5159.8,BTC-28JUN19-5500-C,57.78,0.067,3.0,0,1556316382512,18350671,193
2019-04-27 01:11:58.730,0.6,buy,5145.99,BTC-28JUN19-5500-C,59.04,0.0675,0.6,0,1556327518730,18355170,194
2019-04-27 21:45:52.043,3.0,sell,5202.35,BTC-28JUN19-5500-C,56.17,0.065,3.0,2,1556401552043,18373669,195
2019-04-27 23:47:09.934,0.1,sell,5165.43,BTC-28JUN19-5500-C,55.91,0.062,0.1,2,1556408829934,18376135,196
2019-04-28 00:15:53.135,0.2,buy,5177.03,BTC-28JUN19-5500-C,58.31,0.0665,0.2,0,1556410553135,18376833,197
2019-04-28 00:17:01.504,0.6,buy,5177.03,BTC-28JUN19-5500-C,58.31,0.0665,0.6,1,1556410621504,18376838,198
2019-04-28 00:17:36.781,0.2,buy,5176.96,BTC-28JUN19-5500-C,58.32,0.0665,0.2,1,1556410656781,18376847,199
2019-04-28 08:07:33.332,0.5,buy,5185.88,BTC-28JUN19-5500-C,58.03,0.0665,0.5,1,1556438853332,18381303,200
2019-04-28 08:09:01.078,0.5,buy,5185.45,BTC-28JUN19-5500-C,58.34,0.067,0.5,0,1556438941078,18381307,201
2019-04-28 21:02:57.691,0.1,sell,5115.32,BTC-28JUN19-5500-C,58.01,0.061,0.1,2,1556485377691,18401792,202
2019-04-29 00:01:37.548,0.1,buy,5152.92,BTC-28JUN19-5500-C,58.15,0.064,0.1,0,1556496097548,18404755,203
2019-04-29 05:11:33.208,0.8,buy,5182.68,BTC-28JUN19-5500-C,58.0,0.0655,0.8,0,1556514693208,18409089,204
2019-04-29 08:41:29.265,5.0,buy,5165.48,BTC-28JUN19-5500-C,58.51,0.0645,5.0,2,1556527289265,18411066,205
2019-04-29 14:15:37.349,5.0,sell,5151.36,BTC-28JUN19-5500-C,58.3,0.063,5.0,2,1556547337349,18427692,206
2019-04-29 15:11:17.816,5.0,sell,5154.95,BTC-28JUN19-5500-C,57.91,0.0625,5.0,2,1556550677816,18428657,207
2019-04-29 16:32:42.860,2.0,buy,5154.51,BTC-28JUN19-5500-C,58.28,0.063,2.0,0,1556555562860,18430419,208
2019-04-30 13:21:38.686,0.5,buy,5220.54,BTC-28JUN19-5500-C,58.66,0.0675,0.5,0,1556630498686,18465278,209
2019-04-30 13:22:11.735,0.1,buy,5260.22,BTC-28JUN19-5500-C,58.64,0.071,0.1,0,1556630531735,18467074,210
2019-04-30 13:34:56.692,4.4,sell,5246.52,BTC-28JUN19-5500-C,58.53,0.069,4.4,2,1556631296692,18470248,211
2019-04-30 14:28:26.552,0.5,buy,5273.75,BTC-28JUN19-5500-C,58.03,0.07,0.5,0,1556634506552,18473559,212
2019-04-30 14:32:29.655,0.7000000000000001,buy,5274.52,BTC-28JUN19-5500-C,58.62,0.071,0.7000000000000001,0,1556634749655,18474096,213
2019-04-30 15:54:41.316,0.1,sell,5260.89,BTC-28JUN19-5500-C,58.35,0.0695,0.1,2,1556639681316,18477844,214
2019-04-30 20:39:55.681,5.0,sell,5243.13,BTC-28JUN19-5500-C,57.71,0.0675,5.0,2,1556656795681,18483280,215
2019-05-01 04:02:44.419,3.0,buy,5312.66,BTC-28JUN19-5500-C,59.46,0.07400000000000001,3.0,0,1556683364419,18497152,216
2019-05-02 01:07:47.889,1.0,sell,5322.87,BTC-28JUN19-5500-C,56.15,0.0685,1.0,2,1556759267889,18527007,217
2019-05-02 01:41:02.146,2.0,buy,5323.68,BTC-28JUN19-5500-C,58.09,0.0715,2.0,0,1556761262146,18527660,218
2019-05-02 07:16:57.884,0.1,buy,5340.12,BTC-28JUN19-5500-C,57.29,0.0715,0.1,1,1556781417884,18534295,219
2019-05-02 08:43:56.372,0.5,buy,5350.73,BTC-28JUN19-5500-C,56.66,0.0715,0.5,1,1556786636372,18538526,220
2019-05-02 08:46:20.325,0.1,buy,5368.3,BTC-28JUN19-5500-C,56.58,0.073,0.1,0,1556786780325,18539220,221
2019-05-02 09:08:47.189,0.2,sell,5358.51,BTC-28JUN19-5500-C,56.23,0.0715,0.2,2,1556788127189,18542545,222
2019-05-02 09:08:56.558,0.1,sell,5358.63,BTC-28JUN19-5500-C,56.22,0.0715,0.1,3,1556788136558,18542550,223
2019-05-02 09:09:07.708,0.1,sell,5359.11,BTC-28JUN19-5500-C,56.19,0.0715,0.1,3,1556788147708,18542597,224
2019-05-02 13:22:34.661,5.0,sell,5353.71,BTC-28JUN19-5500-C,58.12,0.0735,5.0,0,1556803354661,18550745,225
2019-05-02 14:11:20.947,0.5,buy,5366.83,BTC-28JUN19-5500-C,58.73,0.0755,0.5,0,1556806280947,18552310,226
2019-05-02 14:38:19.490,0.2,buy,5379.77,BTC-28JUN19-5500-C,58.0,0.0755,0.2,1,1556807899490,18553331,227
2019-05-02 15:40:24.731,5.0,buy,5400.46,BTC-28JUN19-5500-C,58.34,0.0775,5.0,0,1556811624731,18559412,228
2019-05-02 17:49:51.760,2.5,buy,5394.87,BTC-28JUN19-5500-C,57.92,0.076,2.5,2,1556819391760,18564896,229
2019-05-02 17:55:47.738,2.5,buy,5394.42,BTC-28JUN19-5500-C,58.01,0.076,2.5,3,1556819747738,18564937,230
2019-05-02 18:07:16.436,0.7000000000000001,buy,5393.35,BTC-28JUN19-5500-C,58.19,0.076,0.7000000000000001,3,1556820436436,18565117,231
2019-05-02 18:10:49.609,0.2,buy,5393.57,BTC-28JUN19-5500-C,58.45,0.0765,0.2,0,1556820649609,18565144,232
2019-05-02 19:22:57.705,0.6,buy,5402.19,BTC-28JUN19-5500-C,58.36,0.077,0.6,0,1556824977705,18566373,233
2019-05-02 19:48:48.312,5.0,buy,5409.25,BTC-28JUN19-5500-C,58.5,0.0775,5.0,0,1556826528312,18567184,234
2019-05-02 20:25:31.892,5.0,buy,5393.6,BTC-28JUN19-5500-C,58.46,0.076,5.0,2,1556828731892,18569244,235
2019-05-02 20:26:14.634,1.0,buy,5393.49,BTC-28JUN19-5500-C,58.46,0.076,1.0,3,1556828774634,18569249,236
2019-05-02 20:27:06.112,2.0,buy,5393.15,BTC-28JUN19-5500-C,58.47,0.076,2.0,3,1556828826112,18569259,237
2019-05-02 20:36:05.862,2.0,buy,5393.48,BTC-28JUN19-5500-C,58.41,0.076,2.0,3,1556829365862,18569465,238
2019-05-02 20:39:06.610,2.0,buy,5394.35,BTC-28JUN19-5500-C,58.4,0.076,2.0,3,1556829546610,18569477,239
2019-05-03 07:49:00.568,0.1,buy,5582.54,BTC-28JUN19-5500-C,58.02,0.0935,0.1,0,1556869740568,18615724,240
2019-05-03 07:49:10.871,0.1,buy,5581.93,BTC-28JUN19-5500-C,58.06,0.0935,0.1,1,1556869750871,18615727,241
2019-05-03 07:56:58.987,0.1,buy,5576.92,BTC-28JUN19-5500-C,57.96,0.09300000000000001,0.1,2,1556870218987,18616503,242
2019-05-03 09:11:32.816,0.1,buy,5690.25,BTC-28JUN19-5500-C,58.46,0.1045,0.1,0,1556874692816,18639085,243
2019-05-03 09:15:46.874,0.3,buy,5706.13,BTC-28JUN19-5500-C,57.98,0.1055,0.3,0,1556874946874,18640389,244
2019-05-03 09:53:25.209,0.6,buy,5787.6,BTC-28JUN19-5500-C,57.81,0.11199999999999999,0.6,0,1556877205209,18652872,245
2019-05-03 12:27:26.774,2.0,sell,5729.28,BTC-28JUN19-5500-C,58.47,0.10800000000000001,2.0,2,1556886446774,18674457,246
2019-05-03 21:19:09.739,2.0,buy,5676.56,BTC-28JUN19-5500-C,59.38,0.105,2.0,2,1556918349739,18708722,247
2019-05-03 21:20:48.685,1.4,buy,5677.17,BTC-28JUN19-5500-C,60.7,0.107,1.4,0,1556918448685,18708838,248
2019-05-03 22:19:47.843,2.0,sell,5659.57,BTC-28JUN19-5500-C,60.2,0.105,2.0,2,1556921987843,18712084,249
2019-05-04 00:34:14.093,0.6,sell,5745.02,BTC-28JUN19-5500-C,57.84,0.109,0.6,0,1556930054093,18726928,250
2019-05-04 16:04:26.265,0.5,sell,5549.79,BTC-28JUN19-5500-C,58.35,0.0915,0.5,2,1556985866265,18786465,251
2019-05-04 16:07:56.907,0.5,buy,5547.62,BTC-28JUN19-5500-C,62.28,0.0975,0.5,0,1556986076907,18786578,252
2019-05-04 17:42:27.961,0.5,buy,5585.38,BTC-28JUN19-5500-C,60.97,0.098,0.5,0,1556991747961,18789382,253
2019-05-04 19:55:41.359,0.3,buy,5615.9,BTC-28JUN19-5500-C,60.87,0.1,0.3,0,1556999741359,18793940,254
2019-05-04 22:55:12.340,2.0,buy,5804.12,BTC-28JUN19-5500-C,61.05,0.1175,2.0,0,1557010512340,18828004,255
2019-05-05 04:21:41.041,0.9,sell,5730.72,BTC-28JUN19-5500-C,57.9,0.1065,0.9,2,1557030101041,18852166,256
2019-05-05 08:28:36.400,0.2,buy,5711.78,BTC-28JUN19-5500-C,60.38,0.109,0.2,0,1557044916400,18863804,257
2019-05-06 01:28:40.587,3.0,sell,5572.75,BTC-28JUN19-5500-C,58.15,0.09300000000000001,3.0,2,1557106120587,18922574,258
2019-05-06 03:09:55.093,5.0,buy,5626.0,BTC-28JUN19-5500-C,61.63,0.102,5.0,0,1557112195093,18929468,259
2019-05-06 04:19:03.425,5.0,buy,5627.43,BTC-28JUN19-5500-C,61.68,0.102,5.0,1,1557116343425,18931337,260
2019-05-06 04:19:03.439,0.2,buy,5627.43,BTC-28JUN19-5500-C,61.68,0.102,0.2,1,1557116343439,18931338,261
2019-05-06 08:59:35.649,10.0,buy,5598.87,BTC-28JUN19-5500-C,60.86,0.098,10.0,2,1557133175649,18944130,262
2019-05-06 09:13:18.630,5.0,sell,5609.2,BTC-28JUN19-5500-C,59.37,0.09699999999999999,5.0,2,1557133998630,18944589,263
2019-05-06 09:13:18.630,5.0,sell,5609.2,BTC-28JUN19-5500-C,59.37,0.09699999999999999,5.0,3,1557133998630,18944590,264
2019-05-06 09:27:15.828,5.0,sell,5626.46,BTC-28JUN19-5500-C,59.31,0.0985,5.0,0,1557134835828,18945261,265
2019-05-07 03:20:44.116,1.0,sell,5888.07,BTC-28JUN19-5500-C,60.26,0.1235,1.0,0,1557199244116,19018929,266
2019-05-07 18:48:20.121,0.1,sell,5868.98,BTC-28JUN19-5500-C,63.82,0.125,0.1,0,1557254900121,19071212,267
2019-05-07 18:49:35.644,0.1,sell,5872.88,BTC-28JUN19-5500-C,63.47,0.125,0.1,1,1557254975644,19071242,268
2019-05-07 19:11:49.796,0.8,sell,5866.45,BTC-28JUN19-5500-C,63.8,0.125,0.8,1,1557256309796,19071761,269
2019-05-08 02:54:40.150,2.1,sell,5797.38,BTC-28JUN19-5500-C,62.38,0.1145,2.1,2,1557284080150,19126702,270
2019-05-08 07:19:54.953,1.0,sell,5832.34,BTC-28JUN19-5500-C,62.18,0.1175,1.0,0,1557299994953,19134194,271
2019-05-08 15:07:39.777,5.0,sell,5865.73,BTC-28JUN19-5500-C,62.77,0.12,5.0,0,1557328059777,19151604,272
2019-05-08 15:10:25.578,5.0,sell,5864.91,BTC-28JUN19-5500-C,62.4,0.1195,5.0,2,1557328225578,19151661,273
2019-05-08 22:44:38.181,2.0,buy,5931.88,BTC-28JUN19-5500-C,63.49,0.1265,2.0,0,1557355478181,19176415,274
2019-05-09 12:11:24.974,10.0,buy,6026.17,BTC-28JUN19-5500-C,60.85,0.13,10.0,0,1557403884974,19238264,275
2019-05-09 21:34:23.666,1.1,buy,6108.46,BTC-28JUN19-5500-C,60.71,0.138,1.1,0,1557437663666,19266608,276
2019-05-09 21:37:17.570,1.2,buy,6128.12,BTC-28JUN19-5500-C,62.0,0.141,1.2,0,1557437837570,19268135,277
2019-05-09 22:43:15.227,0.2,buy,6146.59,BTC-28JUN19-5500-C,62.23,0.1425,0.2,0,1557441795227,19274291,278
2019-05-09 22:59:38.055,0.2,buy,6156.88,BTC-28JUN19-5500-C,62.52,0.14300000000000002,0.2,0,1557442778055,19276143,279
2019-05-10 01:36:28.182,5.0,buy,6139.83,BTC-28JUN19-5500-C,63.44,0.141,5.0,2,1557452188182,19285860,280
2019-05-10 03:35:10.519,0.2,buy,6279.67,BTC-28JUN19-5500-C,63.74,0.155,0.2,0,1557459310519,19308999,281
2019-05-10 03:47:33.295,1.0,sell,6271.64,BTC-28JUN19-5500-C,59.87,0.1505,1.0,2,1557460053295,19310413,282
2019-05-10 03:47:33.295,2.0,sell,6271.64,BTC-28JUN19-5500-C,59.87,0.1505,2.0,3,1557460053295,19310414,283
2019-05-10 05:20:42.607,0.1,buy,6267.81,BTC-28JUN19-5500-C,60.21,0.1485,0.1,2,1557465642607,19323425,284
2019-05-10 15:59:19.355,0.1,sell,6317.22,BTC-28JUN19-5500-C,62.07,0.156,0.1,0,1557503959355,19367548,285
2019-05-10 16:47:02.128,0.1,sell,6392.73,BTC-28JUN19-5500-C,60.08,0.161,0.1,0,1557506822128,19376289,286
2019-05-10 16:53:49.610,2.0,sell,6401.5,BTC-28JUN19-5500-C,61.42,0.163,2.0,0,1557507229610,19379208,287
2019-05-10 17:20:35.397,1.0,sell,6369.22,BTC-28JUN19-5500-C,61.96,0.1605,1.0,2,1557508835397,19384791,288
2019-05-10 17:50:34.774,0.3,sell,6395.18,BTC-28JUN19-5500-C,61.58,0.162,0.3,0,1557510634774,19386510,289
2019-05-10 17:53:27.632,0.2,sell,6408.17,BTC-28JUN19-5500-C,61.35,0.163,0.2,0,1557510807632,19386741,290
2019-05-10 20:09:45.001,0.1,buy,6360.49,BTC-28JUN19-5500-C,67.25,0.165,0.1,0,1557518985001,19395861,291
2019-05-10 23:49:10.031,0.1,sell,6339.2,BTC-28JUN19-5500-C,62.43,0.1575,0.1,2,1557532150031,19415844,292
2019-05-11 05:28:34.244,0.1,sell,6688.44,BTC-28JUN19-5500-C,62.43,0.193,0.1,0,1557552514244,19468553,293
2019-05-11 07:47:47.890,1.0,sell,6804.92,BTC-28JUN19-5500-C,70.58,0.21100000000000002,1.0,0,1557560867890,19527774,294
2019-05-11 09:24:12.891,1.0,buy,6732.88,BTC-28JUN19-5500-C,71.43,0.20600000000000002,1.0,2,1557566652891,19543622,295
2019-05-11 10:35:18.642,5.0,buy,6839.55,BTC-28JUN19-5500-C,85.98,0.23,5.0,0,1557570918642,19551328,296
2019-05-11 10:37:31.558,0.4,sell,6836.11,BTC-28JUN19-5500-C,69.36,0.213,0.4,2,1557571051558,19551579,297
2019-05-11 10:44:21.623,1.0,sell,6782.63,BTC-28JUN19-5500-C,77.45,0.21600000000000005,1.0,0,1557571461623,19552496,298
2019-05-11 11:47:54.321,8.0,buy,6810.58,BTC-28JUN19-5500-C,87.14,0.22899999999999998,8.0,0,1557575274321,19557946,299
2019-05-11 11:57:39.270,3.2,buy,6784.71,BTC-28JUN19-5500-C,88.07,0.228,3.2,2,1557575859270,19558896,300
2019-05-11 12:23:09.185,3.2,sell,6778.02,BTC-28JUN19-5500-C,78.97,0.21899999999999997,3.2,2,1557577389185,19563004,301
2019-05-11 12:42:53.666,3.2,sell,6755.42,BTC-28JUN19-5500-C,76.76,0.215,3.2,2,1557578573666,19564394,302
2019-05-11 12:42:53.666,5.0,sell,6755.42,BTC-28JUN19-5500-C,76.76,0.215,5.0,3,1557578573666,19564395,303
2019-05-11 14:17:28.260,5.0,sell,6796.82,BTC-28JUN19-5500-C,75.82,0.218,5.0,0,1557584248260,19571622,304
2019-05-11 16:07:07.436,0.1,sell,6929.84,BTC-28JUN19-5500-C,74.97,0.23,0.1,0,1557590827436,19592706,305
2019-05-11 16:45:02.187,1.0,sell,6954.91,BTC-28JUN19-5500-C,79.16,0.2365,1.0,0,1557593102187,19606588,306
2019-05-11 18:16:45.630,0.1,buy,7010.81,BTC-28JUN19-5500-C,83.24,0.245,0.1,0,1557598605630,19621615,307
2019-05-11 18:17:50.526,0.9,sell,6990.33,BTC-28JUN19-5500-C,78.13,0.23800000000000002,0.9,2,1557598670526,19622169,308
2019-05-11 22:21:25.312,0.4,sell,7155.6,BTC-28JUN19-5500-C,0.0,0.2305,0.4,2,1557613285312,19662845,309
2019-05-11 23:24:29.853,5.0,buy,7375.56,BTC-28JUN19-5500-C,94.47,0.28300000000000003,5.0,0,1557617069853,19708691,310
2019-05-11 23:24:41.684,5.0,buy,7371.79,BTC-28JUN19-5500-C,95.89,0.284,5.0,0,1557617081684,19708743,311
2019-05-11 23:24:50.136,5.0,buy,7366.45,BTC-28JUN19-5500-C,97.36,0.285,5.0,0,1557617090136,19708784,312
2019-05-11 23:26:56.790,5.0,buy,7359.12,BTC-28JUN19-5500-C,98.16,0.2855,5.0,0,1557617216790,19709996,313
2019-05-11 23:27:23.157,5.0,buy,7366.63,BTC-28JUN19-5500-C,99.02,0.287,5.0,0,1557617243157,19710316,314
2019-05-11 23:28:35.998,5.0,buy,7370.29,BTC-28JUN19-5500-C,97.26,0.2855,5.0,2,1557617315998,19710694,315
2019-05-11 23:29:04.081,5.0,buy,7373.46,BTC-28JUN19-5500-C,100.07,0.2885,5.0,0,1557617344081,19710783,316
2019-05-12 00:06:40.773,0.5,sell,7288.15,BTC-28JUN19-5500-C,91.94,0.275,0.5,2,1557619600773,19734648,317
2019-05-12 00:38:08.647,4.0,sell,6991.89,BTC-28JUN19-5500-C,85.91,0.2455,4.0,2,1557621488647,19754372,318
2019-05-12 00:38:08.703,4.0,sell,6991.89,BTC-28JUN19-5500-C,85.91,0.2455,4.0,3,1557621488703,19754377,319
2019-05-12 04:59:20.743,0.1,buy,7199.35,BTC-28JUN19-5500-C,85.26,0.261,0.1,0,1557637160743,19808289,320
