date_utc,amount,direction,indexPrice,instrument,iv,price,quantity,tickDirection,timeStamp,tradeId,tradeSeq
2019-06-02 08:36:42.119,5.0,sell,8745.26,BTC-7JUN19-7250-P,96.1,0.002,5.0,1,1559464602119,22925424,1
2019-06-02 08:42:43.016,2.0,sell,8750.41,BTC-7JUN19-7250-P,96.39,0.002,2.0,1,1559464963016,22926179,2
2019-06-02 22:42:10.589,3.9,buy,8738.76,BTC-7JUN19-7250-P,101.99,0.002,3.9,1,1559515330589,22963440,3
2019-06-03 14:49:20.852,0.6,buy,8363.0,BTC-7JUN19-7250-P,89.13,0.002,0.6,1,1559573360852,23037000,4
2019-06-03 23:23:05.340,4.0,buy,8224.32,BTC-7JUN19-7250-P,84.86,0.002,4.0,1,1559604185340,23087746,5
2019-06-03 23:26:47.330,1.0,buy,8086.09,BTC-7JUN19-7250-P,83.42,0.003,1.0,0,1559604407330,23097405,6
2019-06-04 00:50:30.203,5.0,sell,7957.01,BTC-7JUN19-7250-P,93.71,0.0065,5.0,0,1559609430203,23145195,7
2019-06-04 06:25:20.107,0.2,buy,7912.37,BTC-7JUN19-7250-P,97.87,0.0075,0.2,0,1559629520107,23172549,8
2019-06-04 12:25:47.645,0.4,buy,7895.68,BTC-7JUN19-7250-P,95.62,0.0065,0.4,2,1559651147645,23204637,9
2019-06-04 12:28:35.912,0.1,buy,7879.98,BTC-7JUN19-7250-P,94.15,0.0065,0.1,3,1559651315912,23204855,10
2019-06-04 12:35:28.227,1.0,buy,7882.17,BTC-7JUN19-7250-P,96.88,0.006999999999999999,1.0,0,1559651728227,23206214,11
2019-06-04 13:06:22.715,2.0,sell,7947.81,BTC-7JUN19-7250-P,98.45,0.006,2.0,2,1559653582715,23207986,12
2019-06-04 13:26:12.763,4.5,sell,7997.16,BTC-7JUN19-7250-P,103.27,0.006,4.5,3,1559654772763,23210445,13
2019-06-04 13:26:48.717,0.1,sell,7990.72,BTC-7JUN19-7250-P,102.69,0.006,0.1,3,1559654808717,23210532,14
2019-06-04 13:43:38.018,10.0,buy,7981.52,BTC-7JUN19-7250-P,104.74,0.0065,10.0,0,1559655818018,23212421,15
2019-06-04 13:52:27.448,93.4,sell,7989.38,BTC-7JUN19-7250-P,102.89,0.006,93.4,2,1559656347448,23212970,16
2019-06-04 16:05:21.112,0.1,buy,7908.01,BTC-7JUN19-7250-P,91.4,0.005,0.1,2,1559664321112,23221782,17
2019-06-04 17:23:21.427,0.1,sell,7788.6,BTC-7JUN19-7250-P,99.98,0.009000000000000001,0.1,0,1559669001427,23235450,18
2019-06-04 17:47:35.447,5.0,buy,7650.98,BTC-7JUN19-7250-P,90.51,0.0105,5.0,0,1559670455447,23255463,19
2019-06-04 17:52:56.364,0.1,sell,7623.25,BTC-7JUN19-7250-P,89.07,0.011,0.1,0,1559670776364,23259206,20
2019-06-04 17:58:36.309,0.1,sell,7615.64,BTC-7JUN19-7250-P,101.13,0.0145,0.1,0,1559671116309,23261280,21
2019-06-04 18:45:53.506,0.6,sell,7699.27,BTC-7JUN19-7250-P,90.9,0.009000000000000001,0.6,2,1559673953506,23268835,22
2019-06-04 18:45:53.582,4.2,buy,7699.27,BTC-7JUN19-7250-P,88.77,0.0085,4.2,2,1559673953582,23268836,23
2019-06-04 18:45:53.601,10.0,buy,7699.27,BTC-7JUN19-7250-P,88.77,0.0085,10.0,3,1559673953601,23268837,24
2019-06-04 18:45:53.659,5.0,buy,7699.27,BTC-7JUN19-7250-P,88.77,0.0085,5.0,3,1559673953659,23268838,25
2019-06-04 18:46:23.939,10.2,buy,7697.14,BTC-7JUN19-7250-P,88.52,0.0085,10.2,3,1559673983939,23268863,26
2019-06-04 19:11:28.541,1.0,buy,7519.92,BTC-7JUN19-7250-P,102.44,0.0185,1.0,0,1559675488541,23276171,28
2019-06-04 19:11:28.541,6.0,buy,7519.92,BTC-7JUN19-7250-P,99.07,0.0175,6.0,0,1559675488541,23276170,27
2019-06-04 19:11:28.624,5.0,sell,7519.92,BTC-7JUN19-7250-P,102.44,0.0185,5.0,1,1559675488624,23276173,29
2019-06-04 20:04:37.599,10.0,sell,7586.97,BTC-7JUN19-7250-P,100.76,0.015,10.0,2,1559678677599,23290138,30
2019-06-04 21:59:58.093,1.0,buy,7453.86,BTC-7JUN19-7250-P,92.76,0.018000000000000002,1.0,0,1559685598093,23304599,31
2019-06-04 22:00:25.226,0.4,buy,7452.01,BTC-7JUN19-7250-P,95.8,0.019,0.4,0,1559685625226,23305313,32
2019-06-04 22:09:45.876,10.0,sell,7538.5,BTC-7JUN19-7250-P,102.66,0.017,10.0,2,1559686185876,23310572,33
2019-06-05 00:17:17.933,5.0,sell,7767.01,BTC-7JUN19-7250-P,91.37,0.0065,5.0,2,1559693837933,23324889,34
2019-06-05 00:17:17.933,4.0,sell,7767.01,BTC-7JUN19-7250-P,91.37,0.0065,4.0,3,1559693837933,23324890,35
2019-06-05 00:17:17.935,1.0,buy,7767.01,BTC-7JUN19-7250-P,91.37,0.0065,1.0,3,1559693837935,23324891,36
2019-06-05 07:49:44.924,6.4,buy,7815.58,BTC-7JUN19-7250-P,101.16,0.006,6.4,2,1559720984924,23341348,37
2019-06-05 09:05:23.238,0.4,sell,7832.52,BTC-7JUN19-7250-P,101.45,0.0055,0.4,2,1559725523238,23343822,38
2019-06-05 09:31:52.025,0.1,buy,7780.09,BTC-7JUN19-7250-P,101.64,0.0065,0.1,0,1559727112025,23344801,39
2019-06-05 12:39:53.236,11.4,buy,7779.96,BTC-7JUN19-7250-P,89.5,0.004,11.4,2,1559738393236,23358339,40
2019-06-05 12:39:59.624,0.1,buy,7779.08,BTC-7JUN19-7250-P,89.4,0.004,0.1,3,1559738399624,23358340,41
2019-06-05 13:07:38.892,1.0,buy,7765.25,BTC-7JUN19-7250-P,101.01,0.006,1.0,0,1559740058892,23359941,42
2019-06-05 13:57:53.967,0.1,buy,7757.89,BTC-7JUN19-7250-P,101.08,0.006,0.1,1,1559743073967,23362086,43
2019-06-05 14:37:09.209,20.0,buy,7734.24,BTC-7JUN19-7250-P,101.76,0.0065,20.0,0,1559745429209,23365462,44
2019-06-05 17:31:24.907,2.0,sell,7815.23,BTC-7JUN19-7250-P,95.35,0.0035,2.0,2,1559755884907,23385347,45
2019-06-05 20:02:13.488,0.1,sell,7801.3,BTC-7JUN19-7250-P,92.74,0.003,0.1,2,1559764933488,23396975,46
2019-06-05 20:02:13.488,0.9,sell,7801.3,BTC-7JUN19-7250-P,88.23,0.0025,0.9,2,1559764933488,23396976,47
2019-06-05 21:25:15.441,0.9,buy,7666.53,BTC-7JUN19-7250-P,92.07,0.005,0.9,0,1559769915441,23415050,48
2019-06-06 00:56:20.306,3.7,sell,7799.0,BTC-7JUN19-7250-P,94.65,0.0025,3.7,2,1559782580306,23434066,49
2019-06-06 06:27:55.559,5.0,sell,7793.75,BTC-7JUN19-7250-P,97.86,0.002,5.0,2,1559802475559,23442935,50
2019-06-06 06:58:46.271,5.0,sell,7817.91,BTC-7JUN19-7250-P,95.29,0.0015,5.0,2,1559804326271,23443526,51
2019-06-06 08:12:09.068,1.0,sell,7763.42,BTC-7JUN19-7250-P,90.59,0.0015,1.0,3,1559808729068,23446379,52
2019-06-06 09:35:24.884,0.2,sell,7801.14,BTC-7JUN19-7250-P,90.04,0.001,0.2,2,1559813724884,23448484,53
2019-06-06 09:44:49.295,2.8000000000000003,sell,7794.94,BTC-7JUN19-7250-P,89.59,0.001,2.8000000000000003,3,1559814289295,23448625,54
2019-06-06 09:44:49.295,30.0,sell,7794.94,BTC-7JUN19-7250-P,89.59,0.001,30.0,3,1559814289295,23448626,55
2019-06-06 09:44:49.295,0.5,sell,7794.94,BTC-7JUN19-7250-P,89.59,0.001,0.5,3,1559814289295,23448627,56
2019-06-06 11:36:06.978,0.1,sell,7829.92,BTC-7JUN19-7250-P,98.17,0.001,0.1,3,1559820966978,23452103,57
2019-06-06 12:52:57.685,0.5,buy,7770.33,BTC-7JUN19-7250-P,109.52,0.002,0.5,0,1559825577685,23462274,58
2019-06-06 14:51:12.783,0.2,buy,7657.37,BTC-7JUN19-7250-P,96.87,0.002,0.2,1,1559832672783,23481048,59
2019-06-06 18:07:24.153,2.0,buy,7634.34,BTC-7JUN19-7250-P,103.28,0.002,2.0,1,1559844444153,23497857,60
2019-06-06 18:29:51.612,0.1,sell,7505.64,BTC-7JUN19-7250-P,84.58,0.0025,0.1,0,1559845791612,23510231,61
2019-06-06 19:27:01.631,1.0,buy,7573.17,BTC-7JUN19-7250-P,96.09,0.002,1.0,2,1559849221631,23520498,62
2019-06-06 20:12:39.499,7.0,sell,7634.87,BTC-7JUN19-7250-P,94.35,0.001,7.0,2,1559851959499,23524602,63
2019-06-06 20:19:26.484,1.0,sell,7669.98,BTC-7JUN19-7250-P,101.26,0.001,1.0,3,1559852366484,23526089,64
2019-06-06 20:19:26.487,3.0,sell,7669.98,BTC-7JUN19-7250-P,101.26,0.001,3.0,3,1559852366487,23526090,65
2019-06-06 20:47:35.971,5.0,sell,7710.14,BTC-7JUN19-7250-P,96.57,0.0005,5.0,2,1559854055971,23529473,66
