date_utc,amount,direction,indexPrice,instrument,iv,price,quantity,tickDirection,timeStamp,tradeId,tradeSeq
2019-04-04 03:42:43.947,10.0,sell,160.39,ETH-28JUN19-300-C,85.82,0.018000000000000002,10.0,1,1554349363947,432092,1
2019-04-08 02:49:56.102,48.0,buy,183.73,ETH-28JUN19-300-C,87.56,0.037000000000000005,48.0,0,1554691796102,601738,2
2019-04-08 02:59:43.016,48.0,buy,182.66,ETH-28JUN19-300-C,89.96,0.04,48.0,0,1554692383016,602900,3
2019-04-08 02:59:43.335,48.0,buy,182.66,ETH-28JUN19-300-C,89.96,0.04,48.0,1,1554692383335,602916,4
2019-04-08 02:59:43.437,4.0,buy,182.66,ETH-28JUN19-300-C,89.96,0.04,4.0,1,1554692383437,602928,5
2019-04-08 02:59:43.454,44.0,sell,182.66,ETH-28JUN19-300-C,90.71,0.041,44.0,0,1554692383454,602931,6
2019-04-08 02:59:43.522,48.0,sell,182.66,ETH-28JUN19-300-C,90.71,0.040999999999999995,48.0,1,1554692383522,602938,7
2019-04-08 07:22:37.672,5.0,buy,180.15,ETH-28JUN19-300-C,88.09,0.034,5.0,2,1554708157672,616927,8
2019-04-08 07:28:03.699,5.0,buy,179.62,ETH-28JUN19-300-C,87.4,0.033,5.0,2,1554708483699,617424,9
2019-04-08 10:58:27.374,1.0,sell,178.38,ETH-28JUN19-300-C,83.61,0.027000000000000003,1.0,2,1554721107374,624374,10
2019-04-08 11:10:04.293,51.0,sell,177.97,ETH-28JUN19-300-C,83.72,0.027000000000000003,51.0,3,1554721804293,625952,11
2019-04-08 16:58:04.635,1.0,sell,179.29,ETH-28JUN19-300-C,86.22,0.03,1.0,0,1554742684635,646098,12
2019-04-09 05:43:02.611,1.0,buy,175.64,ETH-28JUN19-300-C,88.29,0.03,1.0,1,1554788582611,682308,13
2019-04-09 07:53:57.759,90.0,buy,176.94,ETH-28JUN19-300-C,85.45,0.028,90.0,2,1554796437759,687346,14
2019-04-09 07:54:26.479,90.0,buy,176.7,ETH-28JUN19-300-C,86.47,0.029,90.0,0,1554796466479,687377,15
2019-04-09 14:38:25.517,90.0,sell,177.38,ETH-28JUN19-300-C,83.12,0.025,90.0,2,1554820705517,700894,16
2019-04-09 14:38:29.664,30.0,sell,177.38,ETH-28JUN19-300-C,83.12,0.025,30.0,3,1554820709664,700899,17
2019-04-09 15:11:11.803,90.0,sell,177.53,ETH-28JUN19-300-C,82.0,0.024,90.0,2,1554822671803,702056,18
2019-04-09 15:26:39.546,66.0,buy,177.84,ETH-28JUN19-300-C,81.75,0.024,66.0,3,1554823599546,702606,19
2019-04-10 05:58:26.994,1.0,buy,181.89,ETH-28JUN19-300-C,78.36,0.023,1.0,2,1554875906994,723778,20
2019-04-11 03:35:05.660,100.0,sell,171.92,ETH-28JUN19-300-C,85.06,0.022000000000000002,100.0,2,1554953705660,794349,21
2019-04-11 11:10:58.861,5.0,buy,164.14,ETH-28JUN19-300-C,88.51,0.02,5.0,2,1554981058861,820826,22
2019-04-11 11:13:07.506,2.0,buy,164.6,ETH-28JUN19-300-C,89.35,0.021,2.0,0,1554981187506,820940,23
2019-04-11 15:57:52.026,100.0,sell,163.82,ETH-28JUN19-300-C,88.15,0.018000000000000002,100.0,2,1554998272026,833218,24
2019-04-11 19:03:47.769,54.0,buy,166.29,ETH-28JUN19-300-C,81.83,0.014,54.0,2,1555009427769,841705,25
2019-04-11 23:05:53.226,100.0,buy,165.16,ETH-28JUN19-300-C,86.24,0.017,100.0,0,1555023953226,849384,26
2019-04-12 08:25:36.971,90.0,sell,163.73,ETH-28JUN19-300-C,84.91,0.015,90.0,2,1555057536971,867867,27
2019-04-12 22:05:36.635,10.0,buy,164.2,ETH-28JUN19-300-C,86.25,0.016,10.0,0,1555106736635,897452,28
2019-04-13 16:59:24.128,80.0,buy,163.72,ETH-28JUN19-300-C,83.9,0.013,80.0,2,1555174764128,914043,29
2019-04-16 19:50:02.666,2.0,buy,165.76,ETH-28JUN19-300-C,86.65,0.015,2.0,0,1555444202666,1021092,30
2019-04-16 19:50:02.666,98.0,buy,165.76,ETH-28JUN19-300-C,86.65,0.015,98.0,1,1555444202666,1021093,31
2019-04-22 16:18:22.190,3.0,sell,169.3,ETH-28JUN19-300-C,84.95,0.013000000000000001,3.0,2,1555949902190,1160090,32
2019-04-24 01:06:14.502,2.0,sell,169.41,ETH-28JUN19-300-C,85.88,0.013000000000000001,2.0,3,1556067974502,1195849,33
2019-04-24 03:40:56.232,10.0,buy,170.06,ETH-28JUN19-300-C,86.87,0.013999999999999999,10.0,0,1556077256232,1199745,34
2019-04-24 14:01:03.791,90.0,sell,163.66,ETH-28JUN19-300-C,87.32,0.011000000000000001,90.0,2,1556114463791,1212740,35
2019-04-24 16:36:28.128,23.0,sell,162.5,ETH-28JUN19-300-C,86.4,0.01,23.0,2,1556123788128,1215136,36
2019-04-26 10:48:52.856,20.0,buy,152.36,ETH-28JUN19-300-C,94.08,0.01,20.0,3,1556275732856,1273299,37
2019-04-26 10:51:55.158,1.0,buy,152.42,ETH-28JUN19-300-C,94.0,0.01,1.0,3,1556275915158,1273330,38
2019-04-28 12:23:07.523,22.0,sell,155.71,ETH-28JUN19-300-C,88.04,0.006999999999999999,22.0,2,1556454187523,1306980,39
2019-04-28 15:06:49.761,20.0,buy,154.51,ETH-28JUN19-300-C,91.15,0.008,20.0,0,1556464009761,1310973,40
2019-04-29 13:02:31.537,240.0,sell,150.39,ETH-28JUN19-300-C,92.43,0.006999999999999999,240.0,2,1556542951537,1328492,41
2019-04-29 13:37:38.254,70.0,sell,150.42,ETH-28JUN19-300-C,92.46,0.006999999999999999,70.0,3,1556545058254,1330191,42
2019-04-30 01:50:11.366,3.0,buy,154.15,ETH-28JUN19-300-C,92.45,0.008,3.0,0,1556589011366,1342217,43
2019-04-30 12:03:58.792,1.0,sell,156.81,ETH-28JUN19-300-C,88.89,0.006999999999999999,1.0,2,1556625838792,1353288,44
2019-05-03 13:30:28.270,1.0,buy,167.03,ETH-28JUN19-300-C,90.52,0.01,1.0,0,1556890228270,1441429,45
2019-05-04 00:37:48.547,20.0,buy,167.16,ETH-28JUN19-300-C,86.13,0.008,20.0,2,1556930268547,1452996,46
2019-05-06 14:17:40.707,100.0,buy,165.15,ETH-28JUN19-300-C,90.04,0.008,100.0,3,1557152260707,1513532,47
2019-05-06 16:01:22.728,100.0,buy,170.16,ETH-28JUN19-300-C,88.39,0.009000000000000001,100.0,0,1557158482728,1519369,48
2019-05-06 16:03:14.496,60.0,sell,172.6,ETH-28JUN19-300-C,88.29,0.01,60.0,0,1557158594496,1520659,49
2019-05-06 16:03:19.438,60.0,sell,172.87,ETH-28JUN19-300-C,88.17,0.01,60.0,1,1557158599438,1520748,50
2019-05-07 12:22:01.255,22.0,buy,175.98,ETH-28JUN19-300-C,91.77,0.013000000000000001,22.0,0,1557231721255,1564819,51
2019-05-10 05:43:32.549,100.0,buy,173.75,ETH-28JUN19-300-C,97.27,0.013000000000000001,100.0,1,1557467012549,1683477,52
2019-05-11 10:30:34.050,50.0,buy,191.73,ETH-28JUN19-300-C,99.82,0.024,50.0,0,1557570634050,1765925,53
2019-05-11 14:00:15.474,40.0,buy,190.04,ETH-28JUN19-300-C,99.87,0.023,40.0,3,1557583215474,1782285,55
2019-05-11 14:00:15.474,60.0,buy,190.04,ETH-28JUN19-300-C,99.87,0.023,60.0,2,1557583215474,1782284,54
2019-05-11 15:00:05.292,50.0,buy,189.5,ETH-28JUN19-300-C,100.08,0.023,50.0,3,1557586805292,1785159,56
2019-05-11 15:29:46.597,72.0,sell,192.68,ETH-28JUN19-300-C,99.05,0.024,72.0,0,1557588586597,1788024,57
2019-05-11 15:55:38.977,1.0,buy,191.6,ETH-28JUN19-300-C,101.15,0.025,1.0,0,1557590138977,1789931,58
2019-05-11 17:35:22.181,25.0,buy,193.93,ETH-28JUN19-300-C,101.78,0.027000000000000003,25.0,0,1557596122181,1797184,59
2019-05-11 20:13:11.695,25.0,buy,198.16,ETH-28JUN19-300-C,101.74,0.03,25.0,0,1557605591695,1813670,60
2019-05-11 20:13:17.522,25.0,buy,198.17,ETH-28JUN19-300-C,101.69,0.03,25.0,1,1557605597522,1813683,61
2019-05-11 21:56:36.773,50.0,sell,198.5,ETH-28JUN19-300-C,97.66,0.026000000000000002,50.0,2,1557611796773,1818182,62
2019-05-11 23:17:03.901,25.0,sell,204.71,ETH-28JUN19-300-C,106.22,0.04,25.0,0,1557616623901,1839672,63
2019-05-13 12:42:26.116,60.0,sell,193.87,ETH-28JUN19-300-C,103.31,0.026000000000000002,60.0,2,1557751346116,2023307,64
2019-05-13 13:30:08.150,10.0,buy,193.56,ETH-28JUN19-300-C,106.21,0.027999999999999997,10.0,0,1557754208150,2025420,65
2019-05-13 13:30:22.472,20.0,buy,193.61,ETH-28JUN19-300-C,106.17,0.027999999999999997,20.0,1,1557754222472,2025436,66
2019-05-13 17:22:23.608,9.0,sell,203.45,ETH-28JUN19-300-C,109.6,0.04,9.0,0,1557768143608,2051613,67
2019-05-13 17:57:23.399,50.0,sell,199.97,ETH-28JUN19-300-C,108.23,0.036000000000000004,50.0,2,1557770243399,2055643,68
2019-05-13 18:05:55.052,15.0,sell,200.12,ETH-28JUN19-300-C,113.73,0.042,15.0,0,1557770755052,2056130,69
2019-05-13 22:04:27.851,11.0,sell,205.03,ETH-28JUN19-300-C,115.07,0.048,11.0,0,1557785067851,2064735,70
2019-05-13 22:05:22.426,82.0,sell,204.34,ETH-28JUN19-300-C,115.56,0.048,82.0,1,1557785122426,2064822,71
2019-05-14 05:19:42.251,40.0,sell,211.6,ETH-28JUN19-300-C,107.87,0.046,40.0,3,1557811182251,2096812,73
2019-05-14 05:19:42.251,60.0,sell,211.6,ETH-28JUN19-300-C,107.87,0.046,60.0,2,1557811182251,2096811,72
2019-05-14 05:47:21.053,10.0,buy,208.92,ETH-28JUN19-300-C,114.18,0.051,10.0,0,1557812841053,2099683,74
2019-05-14 06:57:06.933,25.0,sell,209.63,ETH-28JUN19-300-C,109.17,0.046,25.0,2,1557817026933,2102299,75
2019-05-14 08:00:13.192,40.0,buy,215.51,ETH-28JUN19-300-C,107.99,0.051,40.0,0,1557820813192,2107729,76
2019-05-14 08:57:33.091,10.0,sell,207.18,ETH-28JUN19-300-C,108.98,0.044000000000000004,10.0,2,1557824253091,2115637,77
2019-05-14 09:36:02.022,120.0,sell,208.43,ETH-28JUN19-300-C,114.3,0.051,120.0,0,1557826562022,2118604,78
2019-05-14 16:01:16.203,30.0,sell,204.01,ETH-28JUN19-300-C,113.76,0.044000000000000004,30.0,2,1557849676203,2142306,79
2019-05-14 23:14:16.699,3.0,sell,218.65,ETH-28JUN19-300-C,111.7,0.055999999999999994,3.0,0,1557875656699,2176015,80
2019-05-14 23:18:45.295,3.0,sell,218.43,ETH-28JUN19-300-C,111.81,0.055999999999999994,3.0,1,1557875925295,2176489,81
2019-05-15 05:36:57.361,1.0,buy,229.29,ETH-28JUN19-300-C,112.85,0.07,1.0,0,1557898617361,2203319,82
2019-05-15 05:45:16.449,1.0,buy,228.78,ETH-28JUN19-300-C,113.37,0.07,1.0,1,1557899116449,2203768,83
2019-05-15 06:13:44.703,3.0,buy,233.76,ETH-28JUN19-300-C,109.15,0.07,3.0,1,1557900824703,2206076,84
2019-05-15 06:14:46.825,5.0,buy,233.76,ETH-28JUN19-300-C,108.99,0.07,5.0,1,1557900886825,2206207,85
2019-05-15 06:18:31.153,20.0,sell,232.88,ETH-28JUN19-300-C,109.31,0.069,20.0,2,1557901111153,2206422,86
2019-05-15 10:58:25.154,10.0,buy,234.04,ETH-28JUN19-300-C,111.63,0.07200000000000001,10.0,0,1557917905154,2229762,87
2019-05-15 10:59:08.414,10.0,buy,233.93,ETH-28JUN19-300-C,111.71,0.07200000000000001,10.0,1,1557917948414,2229777,88
2019-05-15 10:59:14.389,30.0,buy,233.89,ETH-28JUN19-300-C,111.74,0.07200000000000001,30.0,1,1557917954389,2229778,89
2019-05-15 15:57:42.266,1.0,buy,239.18,ETH-28JUN19-300-C,113.14,0.08,1.0,0,1557935862266,2249527,90
2019-05-15 17:47:00.117,60.0,buy,242.19,ETH-28JUN19-300-C,112.73,0.08199999999999999,60.0,0,1557942420117,2265259,91
2019-05-15 17:47:06.440,40.0,buy,242.36,ETH-28JUN19-300-C,112.57,0.08199999999999999,40.0,1,1557942426440,2265271,92
2019-05-15 21:01:51.343,4.0,sell,239.07,ETH-28JUN19-300-C,107.19,0.071,4.0,2,1557954111343,2281410,93
2019-05-16 00:55:33.836,50.0,buy,264.91,ETH-28JUN19-300-C,112.54,0.11,50.0,0,1557968133836,2309393,94
2019-05-16 01:21:26.448,20.0,sell,263.65,ETH-28JUN19-300-C,100.08,0.092,20.0,2,1557969686448,2313410,95
2019-05-16 01:22:46.655,10.0,sell,263.85,ETH-28JUN19-300-C,99.99,0.092,10.0,3,1557969766655,2313499,96
2019-05-16 03:08:22.542,15.0,buy,271.7,ETH-28JUN19-300-C,112.63,0.12,15.0,0,1557976102542,2322998,97
2019-05-16 03:13:27.605,1.0,buy,271.87,ETH-28JUN19-300-C,117.45,0.127,1.0,0,1557976407605,2323228,98
2019-05-16 03:22:24.881,1.0,sell,270.52,ETH-28JUN19-300-C,110.15,0.115,1.0,2,1557976944881,2323981,99
2019-05-16 04:15:01.284,50.0,buy,265.07,ETH-28JUN19-300-C,111.12,0.111,50.0,2,1557980101284,2330142,100
2019-05-16 06:18:36.802,20.0,buy,262.62,ETH-28JUN19-300-C,102.69,0.096,20.0,2,1557987516802,2363160,101
2019-05-16 06:35:16.637,11.0,sell,266.08,ETH-28JUN19-300-C,97.34,0.092,11.0,2,1557988516637,2367131,102
2019-05-16 06:38:42.650,11.0,sell,265.93,ETH-28JUN19-300-C,96.7,0.091,11.0,2,1557988722650,2367645,103
2019-05-16 07:01:23.854,1.0,buy,267.6,ETH-28JUN19-300-C,101.4,0.1,1.0,0,1557990083854,2370718,104
2019-05-16 07:05:05.700,2.0,sell,266.33,ETH-28JUN19-300-C,95.85,0.091,2.0,2,1557990305700,2371130,105
2019-05-16 07:32:02.540,49.0,buy,265.79,ETH-28JUN19-300-C,102.66,0.1,49.0,0,1557991922540,2373468,106
2019-05-16 08:05:02.031,40.0,sell,259.99,ETH-28JUN19-300-C,95.5,0.083,40.0,2,1557993902031,2378026,107
2019-05-16 11:24:15.710,50.0,buy,252.37,ETH-28JUN19-300-C,110.11,0.09300000000000001,50.0,0,1558005855710,2413212,108
2019-05-16 12:28:14.932,20.0,buy,251.37,ETH-28JUN19-300-C,111.52,0.09300000000000001,20.0,1,1558009694932,2418795,109
2019-05-16 12:30:32.825,30.0,buy,251.3,ETH-28JUN19-300-C,111.67,0.09300000000000001,30.0,1,1558009832825,2418924,110
2019-05-16 16:12:05.817,100.0,buy,275.78,ETH-28JUN19-300-C,100.73,0.113,100.0,0,1558023125817,2462717,111
2019-05-16 16:12:10.671,80.0,sell,275.64,ETH-28JUN19-300-C,98.41,0.11,80.0,2,1558023130671,2462763,112
2019-05-16 16:12:10.677,3.0,buy,275.64,ETH-28JUN19-300-C,97.67,0.109,3.0,2,1558023130677,2462764,113
2019-05-16 16:12:58.754,17.0,buy,274.2,ETH-28JUN19-300-C,98.5,0.10800000000000001,17.0,2,1558023178754,2463385,114
2019-05-16 16:24:27.013,5.0,buy,268.42,ETH-28JUN19-300-C,100.62,0.102,5.0,2,1558023867013,2468472,115
2019-05-16 16:59:32.610,45.0,buy,265.88,ETH-28JUN19-300-C,100.16,0.09699999999999999,45.0,2,1558025972610,2480652,116
2019-05-16 21:18:08.434,86.0,buy,260.9,ETH-28JUN19-300-C,107.02,0.099,86.0,0,1558041488434,2538767,117
2019-05-16 21:18:08.437,14.0,sell,260.9,ETH-28JUN19-300-C,107.02,0.099,14.0,1,1558041488437,2538768,118
2019-05-17 01:40:13.458,20.0,sell,257.64,ETH-28JUN19-300-C,104.2,0.09,20.0,2,1558057213458,2576070,119
2019-05-17 03:07:47.962,5.0,sell,235.3,ETH-28JUN19-300-C,106.57,0.07,5.0,2,1558062467962,2613612,120
2019-05-17 03:07:47.962,15.0,sell,235.3,ETH-28JUN19-300-C,91.87,0.052000000000000005,15.0,2,1558062467962,2613613,121
2019-05-17 03:12:49.241,5.0,buy,234.38,ETH-28JUN19-300-C,110.12,0.069,5.0,0,1558062769241,2622977,122
2019-05-17 03:12:56.844,5.0,buy,234.81,ETH-28JUN19-300-C,110.68,0.07,5.0,0,1558062776844,2623077,123
2019-05-17 03:44:33.740,2.0,sell,237.53,ETH-28JUN19-300-C,130.26,0.1,2.0,0,1558064673740,2647773,124
2019-05-17 04:49:36.540,100.0,sell,242.15,ETH-28JUN19-300-C,107.5,0.075,100.0,2,1558068576540,2664094,125
2019-05-17 11:10:41.383,1.0,sell,233.18,ETH-28JUN19-300-C,101.42,0.057,1.0,2,1558091441383,2716174,126
2019-05-17 17:24:39.001,50.0,sell,227.35,ETH-28JUN19-300-C,113.53,0.064,50.0,0,1558113879001,2790654,127
2019-05-17 18:49:33.510,25.0,buy,230.76,ETH-28JUN19-300-C,111.49,0.065,25.0,0,1558118973510,2808066,128
2019-05-17 19:46:43.056,62.0,buy,231.09,ETH-28JUN19-300-C,113.73,0.068,62.0,0,1558122403056,2817297,129
2019-05-18 06:06:40.995,4.0,sell,241.94,ETH-28JUN19-300-C,115.18,0.08,4.0,0,1558159600995,2889508,130
2019-05-18 08:03:43.570,22.0,sell,238.24,ETH-28JUN19-300-C,106.05,0.064,22.0,2,1558166623570,2899133,131
2019-05-18 17:00:30.684,6.0,buy,239.28,ETH-28JUN19-300-C,111.86,0.071,6.0,0,1558198830684,2936341,132
2019-05-18 17:01:44.361,217.0,buy,238.56,ETH-28JUN19-300-C,111.53,0.07,217.0,2,1558198904361,2936460,133
2019-05-18 20:51:12.409,1.0,buy,236.2,ETH-28JUN19-300-C,110.65,0.066,1.0,2,1558212672409,2951043,134
2019-05-18 21:09:16.840,1.0,buy,235.96,ETH-28JUN19-300-C,110.8,0.066,1.0,3,1558213756840,2951916,135
2019-05-18 21:37:30.039,1.0,buy,237.52,ETH-28JUN19-300-C,110.0,0.067,1.0,0,1558215450039,2952664,136
2019-05-19 04:34:33.902,2.0,sell,251.98,ETH-28JUN19-300-C,109.9,0.083,2.0,0,1558240473902,2995286,137
2019-05-19 04:35:50.023,1.0,buy,251.65,ETH-28JUN19-300-C,114.09,0.08800000000000001,1.0,0,1558240550023,2995399,138
2019-05-19 09:28:12.013,4.0,buy,255.35,ETH-28JUN19-300-C,114.33,0.09300000000000001,4.0,0,1558258092013,3015250,139
2019-05-19 10:46:16.349,30.0,sell,260.06,ETH-28JUN19-300-C,114.48,0.099,30.0,0,1558262776349,3020590,140
2019-05-19 12:07:16.850,10.0,sell,255.55,ETH-28JUN19-300-C,112.01,0.09,10.0,2,1558267636850,3024538,141
2019-05-19 13:56:23.284,50.0,buy,253.93,ETH-28JUN19-300-C,114.71,0.09300000000000001,50.0,0,1558274183284,3033738,142
2019-05-19 21:53:32.987,2.0,buy,260.29,ETH-28JUN19-300-C,109.91,0.094,2.0,0,1558302812987,3059986,143
2019-05-19 22:40:38.838,5.0,sell,260.74,ETH-28JUN19-300-C,110.34,0.095,5.0,0,1558305638838,3063893,144
2019-05-20 03:07:31.118,1.0,buy,249.83,ETH-28JUN19-300-C,110.43,0.081,1.0,2,1558321651118,3095669,145
2019-05-20 09:05:00.963,10.0,buy,249.94,ETH-28JUN19-300-C,105.35,0.075,10.0,2,1558343100963,3122132,146
2019-05-20 09:05:38.116,10.0,buy,249.91,ETH-28JUN19-300-C,105.47,0.075,10.0,3,1558343138116,3122186,147
2019-05-20 09:40:46.850,10.0,buy,250.8,ETH-28JUN19-300-C,107.08,0.078,10.0,0,1558345246850,3124502,148
2019-05-20 12:53:30.304,1.0,sell,242.61,ETH-28JUN19-300-C,109.84,0.07200000000000001,1.0,2,1558356810304,3135039,149
2019-05-20 13:08:07.111,10.0,sell,241.17,ETH-28JUN19-300-C,110.31,0.071,10.0,2,1558357687111,3137279,150
2019-05-20 13:08:42.780,5.0,sell,240.57,ETH-28JUN19-300-C,110.08,0.07,5.0,2,1558357722780,3137460,151
2019-05-20 18:07:42.558,6.0,sell,245.07,ETH-28JUN19-300-C,111.33,0.076,6.0,0,1558375662558,3156645,152
2019-05-20 18:13:42.480,6.0,sell,245.63,ETH-28JUN19-300-C,103.09,0.067,6.0,2,1558376022480,3156861,153
2019-05-20 21:04:27.903,1.0,buy,256.44,ETH-28JUN19-300-C,112.48,0.091,1.0,0,1558386267903,3169861,154
2019-05-21 02:01:57.876,1.0,sell,251.76,ETH-28JUN19-300-C,105.93,0.077,1.0,2,1558404117876,3190368,155
2019-05-21 03:39:05.294,25.0,sell,252.05,ETH-28JUN19-300-C,103.35,0.07400000000000001,25.0,2,1558409945294,3194976,156
2019-05-21 13:08:38.397,1.0,buy,254.91,ETH-28JUN19-300-C,107.8,0.083,1.0,0,1558444118397,3218940,157
2019-05-21 19:58:55.054,25.0,sell,256.96,ETH-28JUN19-300-C,100.73,0.075,25.0,2,1558468735054,3242240,158
2019-05-21 20:08:38.682,15.0,sell,259.33,ETH-28JUN19-300-C,100.91,0.078,15.0,0,1558469318682,3243022,159
2019-05-21 20:12:36.642,10.0,sell,259.65,ETH-28JUN19-300-C,100.63,0.078,10.0,1,1558469556642,3243150,160
2019-05-21 20:58:35.941,10.0,buy,262.83,ETH-28JUN19-300-C,107.43,0.091,10.0,0,1558472315941,3247263,161
2019-05-21 21:49:40.036,125.0,buy,261.69,ETH-28JUN19-300-C,107.67,0.09,125.0,2,1558475380036,3252529,162
2019-05-22 12:51:54.907,1.0,buy,251.96,ETH-28JUN19-300-C,108.1,0.078,1.0,2,1558529514907,3296642,163
2019-05-22 15:25:45.830,1.0,buy,256.83,ETH-28JUN19-300-C,102.9,0.077,1.0,2,1558538745830,3302073,164
2019-05-22 15:58:15.326,60.0,sell,256.35,ETH-28JUN19-300-C,100.51,0.073,60.0,2,1558540695326,3304712,165
2019-05-22 15:58:15.326,90.0,sell,256.35,ETH-28JUN19-300-C,100.51,0.073,90.0,3,1558540695326,3304713,166
2019-05-22 16:41:06.759,13.0,buy,255.67,ETH-28JUN19-300-C,106.78,0.08,13.0,0,1558543266759,3306614,167
2019-05-22 21:47:16.558,1.0,buy,244.09,ETH-28JUN19-300-C,107.96,0.067,1.0,2,1558561636558,3333759,168
2019-05-22 23:56:29.725,5.0,buy,244.2,ETH-28JUN19-300-C,107.32,0.066,5.0,2,1558569389725,3346707,169
2019-05-23 02:12:09.692,2.0,sell,242.87,ETH-28JUN19-300-C,103.79,0.06,2.0,2,1558577529692,3354604,170
2019-05-23 02:21:45.601,4.0,sell,243.46,ETH-28JUN19-300-C,103.46,0.06,4.0,3,1558578105601,3354954,171
2019-05-23 05:35:38.213,2.0,sell,239.4,ETH-28JUN19-300-C,103.5,0.055,2.0,2,1558589738213,3361744,172
2019-05-23 05:36:00.112,2.0,sell,238.2,ETH-28JUN19-300-C,103.64,0.054000000000000006,2.0,2,1558589760112,3362117,173
2019-05-23 06:10:32.391,2.0,buy,235.73,ETH-28JUN19-300-C,106.07,0.054000000000000006,2.0,3,1558591832391,3366072,174
2019-05-23 06:41:11.834,145.0,buy,237.61,ETH-28JUN19-300-C,106.41,0.056,145.0,0,1558593671834,3370191,175
2019-05-23 07:31:48.586,50.0,buy,236.72,ETH-28JUN19-300-C,106.62,0.055,50.0,2,1558596708586,3372483,176
2019-05-23 09:06:07.027,65.0,buy,233.25,ETH-28JUN19-300-C,106.79,0.051,65.0,2,1558602367027,3379430,177
2019-05-23 09:09:16.179,50.0,sell,233.39,ETH-28JUN19-300-C,99.94,0.044,50.0,2,1558602556179,3379743,178
2019-05-23 12:58:48.948,2.0,sell,238.19,ETH-28JUN19-300-C,106.17,0.055,2.0,0,1558616328948,3392884,179
2019-05-23 18:05:18.174,1.0,buy,240.91,ETH-28JUN19-300-C,105.43,0.056,1.0,0,1558634718174,3411257,180
2019-05-23 18:40:14.989,63.0,buy,241.17,ETH-28JUN19-300-C,105.32,0.056,63.0,1,1558636814989,3412878,181
2019-05-23 18:40:14.989,20.0,buy,241.17,ETH-28JUN19-300-C,108.92,0.06,20.0,0,1558636814989,3412880,183
2019-05-23 18:40:14.989,80.0,buy,241.17,ETH-28JUN19-300-C,107.12,0.058,80.0,0,1558636814989,3412879,182
2019-05-23 18:40:14.989,37.0,buy,241.17,ETH-28JUN19-300-C,108.92,0.06,37.0,1,1558636814989,3412881,184
2019-05-23 21:41:08.992,20.0,sell,245.56,ETH-28JUN19-300-C,105.28,0.06,20.0,1,1558647668992,3422076,185
2019-05-24 01:29:52.116,9.0,sell,246.29,ETH-28JUN19-300-C,105.51,0.061,9.0,0,1558661392116,3436344,186
2019-05-24 04:25:20.032,58.0,sell,244.5,ETH-28JUN19-300-C,103.74,0.057,58.0,2,1558671920032,3440967,187
2019-05-24 04:27:00.456,2.0,sell,244.41,ETH-28JUN19-300-C,103.84,0.057,2.0,3,1558672020456,3441032,188
2019-05-24 04:34:01.435,8.0,sell,244.42,ETH-28JUN19-300-C,103.81,0.057,8.0,3,1558672441435,3441117,189
2019-05-24 04:34:01.435,20.0,sell,244.42,ETH-28JUN19-300-C,103.81,0.057,20.0,3,1558672441435,3441118,190
2019-05-24 04:34:01.435,4.0,sell,244.42,ETH-28JUN19-300-C,103.81,0.057,4.0,3,1558672441435,3441120,192
2019-05-24 04:34:01.435,9.0,sell,244.42,ETH-28JUN19-300-C,103.81,0.057,9.0,3,1558672441435,3441119,191
2019-05-24 12:36:54.340,100.0,buy,252.32,ETH-28JUN19-300-C,105.03,0.068,100.0,0,1558701414340,3464449,193
2019-05-24 12:36:54.340,80.0,buy,252.32,ETH-28JUN19-300-C,105.03,0.068,80.0,1,1558701414340,3464450,194
2019-05-24 12:39:15.727,10.0,buy,252.01,ETH-28JUN19-300-C,105.36,0.068,10.0,1,1558701555727,3464672,196
2019-05-24 12:39:15.727,160.0,buy,252.01,ETH-28JUN19-300-C,105.36,0.068,160.0,1,1558701555727,3464671,195
2019-05-24 15:08:24.470,1.0,buy,253.61,ETH-28JUN19-300-C,104.25,0.069,1.0,0,1558710504470,3470533,197
2019-05-24 15:11:09.616,1.0,buy,254.6,ETH-28JUN19-300-C,104.07,0.07,1.0,0,1558710669616,3470641,198
2019-05-24 15:22:27.323,2.0,buy,254.89,ETH-28JUN19-300-C,105.52,0.07200000000000001,2.0,0,1558711347323,3472040,199
2019-05-24 16:35:52.905,2.0,buy,255.6,ETH-28JUN19-300-C,105.74,0.073,2.0,0,1558715752905,3477393,200
2019-05-24 16:37:08.057,2.0,buy,255.7,ETH-28JUN19-300-C,105.71,0.073,2.0,1,1558715828057,3477461,201
2019-05-24 22:55:30.172,50.0,sell,250.72,ETH-28JUN19-300-C,103.0,0.065,50.0,2,1558738530172,3495106,202
2019-05-24 23:39:31.419,10.0,buy,248.7,ETH-28JUN19-300-C,104.65,0.064,10.0,2,1558741171419,3498999,203
2019-05-25 00:14:55.987,10.0,buy,250.15,ETH-28JUN19-300-C,104.99,0.066,10.0,0,1558743295987,3500561,204
2019-05-25 09:32:05.237,1.0,buy,252.92,ETH-28JUN19-300-C,106.83,0.071,1.0,0,1558776725237,3515269,205
2019-05-25 09:32:08.106,1.0,buy,252.93,ETH-28JUN19-300-C,106.82,0.071,1.0,1,1558776728106,3515270,206
2019-05-25 11:12:51.739,2.0,buy,258.3,ETH-28JUN19-300-C,106.68,0.079,2.0,0,1558782771739,3521720,207
2019-05-26 01:00:11.551,1.0,buy,252.11,ETH-28JUN19-300-C,107.25,0.07,1.0,2,1558832411551,3548170,208
2019-05-26 12:35:49.643,1.0,sell,247.71,ETH-28JUN19-300-C,101.64,0.057,1.0,2,1558874149643,3568026,209
2019-05-26 14:36:08.815,1.0,sell,249.48,ETH-28JUN19-300-C,97.73,0.055,1.0,2,1558881368815,3570812,210
2019-05-26 19:28:33.051,50.0,buy,255.27,ETH-28JUN19-300-C,103.6,0.068,50.0,0,1558898913051,3578994,211
2019-05-26 20:09:26.778,5.0,buy,264.38,ETH-28JUN19-300-C,99.71,0.08,5.0,0,1558901366778,3596416,212
2019-05-26 20:45:30.639,6.0,sell,265.03,ETH-28JUN19-300-C,100.5,0.08,6.0,1,1558903530639,3605537,213
2019-05-26 20:54:09.930,4.0,sell,265.87,ETH-28JUN19-300-C,99.88,0.08,4.0,1,1558904049930,3606890,214
2019-05-26 20:54:09.930,6.0,sell,265.87,ETH-28JUN19-300-C,99.88,0.08,6.0,1,1558904049930,3606891,215
2019-05-26 20:55:09.682,40.0,sell,265.82,ETH-28JUN19-300-C,100.04,0.08,40.0,1,1558904109682,3607038,216
2019-05-27 01:59:58.201,1.0,buy,269.54,ETH-28JUN19-300-C,109.96,0.09699999999999999,1.0,0,1558922398201,3637880,217
2019-05-27 04:39:03.467,2.0,sell,267.71,ETH-28JUN19-300-C,100.49,0.085,2.0,2,1558931943467,3653410,218
2019-05-27 08:31:11.758,13.0,buy,268.4,ETH-28JUN19-300-C,102.03,0.087,13.0,0,1558945871758,3662203,219
2019-05-27 09:43:32.506,10.0,buy,268.3,ETH-28JUN19-300-C,104.89,0.091,10.0,0,1558950212506,3664534,220
2019-05-27 09:50:32.918,2.0,buy,267.86,ETH-28JUN19-300-C,109.58,0.096,2.0,0,1558950632918,3664763,221
2019-05-27 09:50:32.918,100.0,buy,267.86,ETH-28JUN19-300-C,111.28,0.098,100.0,0,1558950632918,3664764,222
2019-05-27 09:58:21.606,1.0,buy,268.31,ETH-28JUN19-300-C,115.59,0.10400000000000001,1.0,0,1558951101606,3664939,224
2019-05-27 09:58:21.606,5.0,buy,268.31,ETH-28JUN19-300-C,112.19,0.1,5.0,0,1558951101606,3664938,223
2019-05-27 09:58:21.606,120.0,buy,268.31,ETH-28JUN19-300-C,116.44,0.105,120.0,0,1558951101606,3664940,225
2019-05-27 11:39:28.434,3.0,sell,266.29,ETH-28JUN19-300-C,105.36,0.08800000000000001,3.0,2,1558957168434,3669435,226
2019-05-27 11:40:30.633,2.0,sell,266.25,ETH-28JUN19-300-C,104.52,0.087,2.0,2,1558957230633,3669470,227
2019-05-27 15:28:26.917,1.0,sell,273.6,ETH-28JUN19-300-C,112.44,0.107,1.0,0,1558970906917,3684141,228
2019-05-27 15:37:28.583,1.0,buy,273.43,ETH-28JUN19-300-C,113.94,0.108,1.0,0,1558971448583,3684798,229
2019-05-27 15:39:51.978,5.0,buy,273.49,ETH-28JUN19-300-C,113.7,0.108,5.0,1,1558971591978,3685019,230
2019-05-27 15:40:41.260,5.0,buy,273.73,ETH-28JUN19-300-C,113.33,0.108,5.0,1,1558971641260,3685029,231
2019-05-27 16:39:24.270,2.0,buy,278.34,ETH-28JUN19-300-C,114.46,0.118,2.0,0,1558975164270,3692197,232
2019-05-28 00:32:19.862,80.0,sell,270.98,ETH-28JUN19-300-C,105.33,0.094,80.0,2,1559003539862,3727198,233
2019-05-28 00:32:27.942,45.0,buy,270.95,ETH-28JUN19-300-C,105.39,0.094,45.0,3,1559003547942,3727204,234
2019-05-28 02:44:51.007,5.0,buy,273.82,ETH-28JUN19-300-C,106.72,0.1,5.0,0,1559011491007,3732883,235
2019-05-28 08:52:20.824,1.0,sell,269.78,ETH-28JUN19-300-C,105.46,0.092,1.0,2,1559033540824,3746667,236
2019-05-28 11:05:03.071,80.0,sell,268.83,ETH-28JUN19-300-C,105.26,0.09,80.0,2,1559041503071,3750418,237
2019-05-28 21:49:29.537,1.0,buy,273.02,ETH-28JUN19-300-C,109.41,0.097,1.0,0,1559080169537,3786548,238
2019-05-29 01:56:42.280,1.0,buy,269.16,ETH-28JUN19-300-C,111.17,0.092,1.0,2,1559095002280,3797370,239
2019-05-29 13:11:31.454,1.0,buy,269.84,ETH-28JUN19-300-C,107.34,0.085,1.0,2,1559135491454,3831391,240
2019-05-29 17:38:04.323,20.0,buy,272.48,ETH-28JUN19-300-C,106.25,0.087,20.0,0,1559151484323,3844754,241
2019-05-29 22:16:25.673,7.0,buy,271.04,ETH-28JUN19-300-C,105.05,0.084,7.0,2,1559168185673,3856268,242
2019-05-30 04:01:12.047,1.0,buy,284.79,ETH-28JUN19-300-C,103.08,0.105,1.0,0,1559188872047,3891789,243
2019-05-30 04:15:20.857,1.0,buy,286.0,ETH-28JUN19-300-C,102.68,0.106,1.0,0,1559189720857,3894286,244
2019-05-30 04:32:53.598,100.0,sell,284.55,ETH-28JUN19-300-C,102.06,0.103,100.0,2,1559190773598,3897477,245
2019-05-30 10:08:50.731,10.0,buy,284.38,ETH-28JUN19-300-C,102.22,0.102,10.0,2,1559210930731,3913921,246
2019-05-30 12:34:25.202,10.0,buy,283.74,ETH-28JUN19-300-C,106.31,0.105,10.0,0,1559219665202,3917943,247
2019-05-30 16:15:43.419,1.0,sell,281.57,ETH-28JUN19-300-C,105.94,0.1,1.0,2,1559232943419,3931994,248
2019-05-30 16:39:25.883,50.0,buy,276.74,ETH-28JUN19-300-C,102.05,0.08800000000000001,50.0,2,1559234365883,3942974,249
2019-05-30 16:39:26.408,3.0,buy,276.75,ETH-28JUN19-300-C,101.98,0.08800000000000001,3.0,3,1559234366408,3942975,250
2019-05-30 16:39:28.751,3.0,buy,276.79,ETH-28JUN19-300-C,101.94,0.08800000000000001,3.0,3,1559234368751,3943001,251
2019-05-30 16:39:31.224,3.0,buy,276.9,ETH-28JUN19-300-C,101.81,0.08800000000000001,3.0,3,1559234371224,3943007,252
2019-05-30 16:47:26.116,42.0,sell,275.68,ETH-28JUN19-300-C,102.14,0.087,42.0,2,1559234846116,3944135,253
2019-05-30 19:05:02.856,20.0,buy,271.27,ETH-28JUN19-300-C,107.56,0.084,20.0,3,1559243102856,3962197,255
2019-05-30 19:05:02.856,80.0,buy,271.27,ETH-28JUN19-300-C,107.56,0.084,80.0,2,1559243102856,3962196,254
2019-05-30 20:40:29.171,1.0,sell,264.51,ETH-28JUN19-300-C,104.23,0.07200000000000001,1.0,2,1559248829171,3972794,256
2019-05-30 21:23:09.140,10.0,sell,254.43,ETH-28JUN19-300-C,107.22,0.063,10.0,2,1559251389140,3980858,257
2019-05-30 21:57:26.045,1.0,buy,247.69,ETH-28JUN19-300-C,113.54,0.059,1.0,2,1559253446045,4012673,258
2019-05-30 21:58:05.366,1.0,buy,247.77,ETH-28JUN19-300-C,113.39,0.059,1.0,3,1559253485366,4012755,259
2019-05-30 23:49:05.838,10.0,sell,254.88,ETH-28JUN19-300-C,110.37,0.065,10.0,0,1559260145838,4024065,260
2019-05-31 03:03:01.638,3.0,sell,252.71,ETH-28JUN19-300-C,108.33,0.06,3.0,2,1559271781638,4031459,261
2019-05-31 03:03:01.638,1.0,sell,252.71,ETH-28JUN19-300-C,108.33,0.06,1.0,3,1559271781638,4031460,262
2019-05-31 04:03:57.224,1.0,buy,252.93,ETH-28JUN19-300-C,111.65,0.063,1.0,0,1559275437224,4035244,263
2019-05-31 04:30:15.847,5.0,sell,250.87,ETH-28JUN19-300-C,107.92,0.057,5.0,2,1559277015847,4036220,264
2019-05-31 04:30:15.847,5.0,sell,250.87,ETH-28JUN19-300-C,107.92,0.057,5.0,3,1559277015847,4036221,265
2019-05-31 04:32:49.149,15.0,sell,249.1,ETH-28JUN19-300-C,110.12,0.057,15.0,3,1559277169149,4036661,266
2019-05-31 04:35:30.790,3.0,sell,248.4,ETH-28JUN19-300-C,105.93,0.052000000000000005,3.0,2,1559277330790,4037217,267
2019-05-31 05:01:18.744,3.0,sell,245.68,ETH-28JUN19-300-C,108.72,0.051,3.0,2,1559278878744,4040541,268
2019-05-31 08:14:01.851,1.0,sell,254.1,ETH-28JUN19-300-C,103.6,0.055,1.0,0,1559290441851,4048831,269
2019-05-31 13:54:23.343,192.0,buy,261.36,ETH-28JUN19-300-C,102.31,0.063,192.0,0,1559310863343,4061096,270
2019-05-31 13:54:49.170,80.0,sell,261.34,ETH-28JUN19-300-C,100.38,0.061,80.0,2,1559310889170,4061131,271
2019-05-31 18:31:25.782,21.0,buy,262.11,ETH-28JUN19-300-C,100.58,0.062,21.0,0,1559327485782,4074333,272
2019-06-01 00:51:47.055,10.0,buy,272.46,ETH-28JUN19-300-C,107.3,0.087,10.0,0,1559350307055,4098121,273
2019-06-01 00:53:59.882,1.0,buy,272.16,ETH-28JUN19-300-C,107.22,0.087,1.0,1,1559350439882,4098602,274
2019-06-01 01:01:50.552,1.0,buy,273.42,ETH-28JUN19-300-C,115.9,0.099,1.0,0,1559350910552,4100821,275
2019-06-01 03:04:01.042,1.0,buy,271.53,ETH-28JUN19-300-C,101.42,0.08,1.0,2,1559358241042,4109696,276
2019-06-01 14:21:56.156,56.0,sell,266.33,ETH-28JUN19-300-C,97.27,0.065,56.0,2,1559398916156,4131058,277
2019-06-01 14:48:00.297,7.0,sell,263.02,ETH-28JUN19-300-C,96.21,0.059,7.0,2,1559400480297,4133210,278
2019-06-01 14:58:29.441,10.0,buy,263.62,ETH-28JUN19-300-C,96.43,0.06,10.0,0,1559401109441,4134252,279
2019-06-01 14:59:30.582,4.0,buy,263.7,ETH-28JUN19-300-C,102.15,0.066,4.0,0,1559401170582,4134359,280
2019-06-01 15:13:43.249,3.0,buy,264.58,ETH-28JUN19-300-C,102.3,0.067,3.0,0,1559402023249,4134957,281
2019-06-01 15:56:33.635,6.0,buy,265.97,ETH-28JUN19-300-C,101.34,0.068,6.0,0,1559404593635,4135937,282
2019-06-01 21:48:20.851,3.0,buy,269.22,ETH-28JUN19-300-C,104.4,0.075,3.0,0,1559425700851,4147461,283
2019-06-02 13:58:18.342,1.0,buy,268.38,ETH-28JUN19-300-C,97.15,0.064,1.0,2,1559483898342,4185812,284
2019-06-02 18:55:47.616,1.0,buy,267.64,ETH-28JUN19-300-C,94.43,0.06,1.0,2,1559501747616,4195677,285
2019-06-02 19:04:02.587,20.0,sell,267.49,ETH-28JUN19-300-C,89.69,0.055,20.0,2,1559502242587,4195819,286
2019-06-02 20:23:34.527,20.0,buy,268.59,ETH-28JUN19-300-C,94.38,0.061,20.0,0,1559507014527,4197918,287
2019-06-03 06:21:18.551,5.0,sell,265.43,ETH-28JUN19-300-C,92.85,0.055,5.0,2,1559542878551,4218032,288
2019-06-03 07:10:14.974,3.0,sell,260.28,ETH-28JUN19-300-C,93.55,0.05,3.0,2,1559545814974,4224047,289
2019-06-03 07:17:06.960,2.0,sell,260.12,ETH-28JUN19-300-C,96.25,0.052000000000000005,2.0,0,1559546226960,4227128,290
2019-06-03 09:31:15.610,51.0,buy,261.37,ETH-28JUN19-300-C,93.45,0.05,51.0,2,1559554275610,4234376,291
2019-06-03 09:31:20.170,3.0,buy,261.37,ETH-28JUN19-300-C,93.43,0.05,3.0,3,1559554280170,4234377,292
2019-06-03 09:31:25.214,46.0,buy,261.38,ETH-28JUN19-300-C,93.37,0.05,46.0,3,1559554285214,4234378,293
2019-06-03 13:47:51.901,1.0,buy,261.93,ETH-28JUN19-300-C,97.1,0.054000000000000006,1.0,0,1559569671901,4241206,294
2019-06-03 14:12:53.537,5.0,buy,260.78,ETH-28JUN19-300-C,97.12,0.053,5.0,2,1559571173537,4242518,295
2019-06-03 14:54:54.393,1.0,sell,255.16,ETH-28JUN19-300-C,93.79,0.043,1.0,2,1559573694393,4247773,296
2019-06-03 15:08:08.531,4.0,sell,257.74,ETH-28JUN19-300-C,91.49,0.044,4.0,0,1559574488531,4250009,297
2019-06-03 22:18:17.748,1.0,sell,257.21,ETH-28JUN19-300-C,96.71,0.048,1.0,0,1559600297748,4262426,298
2019-06-03 22:35:57.436,1.0,buy,256.93,ETH-28JUN19-300-C,100.43,0.051,1.0,0,1559601357436,4263794,299
2019-06-03 22:36:53.720,3.0,buy,257.59,ETH-28JUN19-300-C,97.65,0.049,3.0,2,1559601413720,4263840,300
2019-06-03 23:24:08.591,10.0,sell,249.1,ETH-28JUN19-300-C,97.65,0.04,10.0,2,1559604248591,4267880,301
2019-06-03 23:37:46.323,1.0,sell,250.81,ETH-28JUN19-300-C,99.22,0.043,1.0,0,1559605066323,4273746,302
2019-06-04 00:13:47.746,8.0,buy,242.33,ETH-28JUN19-300-C,102.37,0.037000000000000005,8.0,2,1559607227746,4285628,303
2019-06-04 00:18:54.334,1.0,buy,245.53,ETH-28JUN19-300-C,101.13,0.039,1.0,0,1559607534334,4286774,304
2019-06-04 04:28:39.159,137.0,sell,246.31,ETH-28JUN19-300-C,100.2,0.039,137.0,1,1559622519159,4305805,305
2019-06-04 04:29:26.721,63.0,sell,246.44,ETH-28JUN19-300-C,100.06,0.039,63.0,1,1559622566721,4305814,306
2019-06-04 04:34:04.374,1.0,buy,246.84,ETH-28JUN19-300-C,102.24,0.040999999999999995,1.0,0,1559622844374,4305921,307
2019-06-04 05:34:32.652,50.0,sell,247.63,ETH-28JUN19-300-C,93.35,0.034,50.0,2,1559626472652,4308014,308
2019-06-04 13:01:00.630,1.0,buy,246.88,ETH-28JUN19-300-C,102.13,0.04,1.0,0,1559653260630,4324958,309
2019-06-04 13:37:24.075,1.0,buy,250.26,ETH-28JUN19-300-C,101.63,0.043,1.0,0,1559655444075,4327133,310
2019-06-04 13:38:30.882,1.0,buy,250.26,ETH-28JUN19-300-C,101.88,0.043,1.0,1,1559655510882,4327228,311
2019-06-04 18:04:36.253,2.0,sell,240.41,ETH-28JUN19-300-C,101.47,0.033,2.0,2,1559671476253,4347035,312
2019-06-04 19:11:18.139,10.0,sell,234.26,ETH-28JUN19-300-C,97.97,0.025,10.0,2,1559675478139,4352549,313
2019-06-05 00:08:49.016,15.0,buy,243.12,ETH-28JUN19-300-C,93.47,0.028999999999999998,15.0,0,1559693329016,4373897,314
2019-06-05 13:34:56.876,1.0,buy,244.09,ETH-28JUN19-300-C,99.95,0.033,1.0,0,1559741696876,4393270,315
2019-06-05 17:56:22.133,1.0,buy,245.96,ETH-28JUN19-300-C,97.8,0.033,1.0,1,1559757382133,4405366,316
2019-06-06 09:04:36.128,30.0,buy,246.1,ETH-28JUN19-300-C,90.19,0.026000000000000002,30.0,2,1559811876128,4432155,317
2019-06-06 18:24:26.980,10.0,sell,236.5,ETH-28JUN19-300-C,93.33,0.02,10.0,2,1559845466980,4454481,318
2019-06-06 20:41:08.046,20.0,buy,241.72,ETH-28JUN19-300-C,93.54,0.024,20.0,0,1559853668046,4462116,319
2019-06-07 00:16:37.874,8.0,buy,248.36,ETH-28JUN19-300-C,94.49,0.03,8.0,0,1559866597874,4472753,320
2019-06-07 00:17:23.208,1.0,buy,248.65,ETH-28JUN19-300-C,94.22,0.03,1.0,1,1559866643208,4472769,321
2019-06-07 06:14:48.151,1.0,buy,249.51,ETH-28JUN19-300-C,93.56,0.03,1.0,1,1559888088151,4484376,322
2019-06-07 06:14:53.812,1.0,buy,249.51,ETH-28JUN19-300-C,93.53,0.03,1.0,1,1559888093812,4484383,323
2019-06-07 06:14:56.384,1.0,buy,249.52,ETH-28JUN19-300-C,93.53,0.03,1.0,1,1559888096384,4484385,324
2019-06-07 10:08:03.027,1.0,sell,249.08,ETH-28JUN19-300-C,87.9,0.025,1.0,2,1559902083027,4491838,325
2019-06-07 15:43:07.273,1.0,buy,248.86,ETH-28JUN19-300-C,91.76,0.027000000000000003,1.0,0,1559922187273,4496368,326
2019-06-07 16:07:33.102,7.0,buy,249.32,ETH-28JUN19-300-C,90.98,0.027000000000000003,7.0,1,1559923653102,4496780,327
2019-06-08 05:06:59.251,1.0,sell,248.96,ETH-28JUN19-300-C,85.14,0.021,1.0,2,1559970419251,4511813,328
2019-06-08 05:15:01.184,1.0,sell,248.86,ETH-28JUN19-300-C,85.16,0.021,1.0,3,1559970901184,4511824,329
2019-06-08 06:42:54.008,50.0,sell,247.27,ETH-28JUN19-300-C,85.42,0.02,50.0,2,1559976174008,4513796,330
2019-06-08 08:25:43.577,100.0,sell,248.61,ETH-28JUN19-300-C,84.22,0.02,100.0,3,1559982343577,4515371,332
2019-06-08 08:25:43.577,240.0,sell,248.61,ETH-28JUN19-300-C,84.22,0.02,240.0,3,1559982343577,4515370,331
2019-06-08 08:26:00.922,100.0,sell,248.6,ETH-28JUN19-300-C,84.21,0.02,100.0,3,1559982360922,4515372,333
2019-06-08 08:56:29.374,1.0,sell,248.83,ETH-28JUN19-300-C,83.84,0.02,1.0,3,1559984189374,4515731,334
2019-06-08 19:13:27.592,1.0,buy,242.47,ETH-28JUN19-300-C,87.35,0.017,1.0,2,1560021207592,4527725,335
2019-06-09 07:39:31.763,240.0,sell,243.83,ETH-28JUN19-300-C,80.11,0.013000000000000001,240.0,2,1560065971763,4539059,336
2019-06-09 07:39:31.763,100.0,sell,243.83,ETH-28JUN19-300-C,80.11,0.013000000000000001,100.0,3,1560065971763,4539060,337
2019-06-09 12:11:17.600,10.0,buy,241.59,ETH-28JUN19-300-C,82.22,0.013000000000000001,10.0,3,1560082277600,4542859,338
2019-06-09 13:43:51.595,30.0,sell,236.94,ETH-28JUN19-300-C,81.75,0.01,30.0,2,1560087831595,4546920,339
2019-06-09 15:06:08.805,20.0,buy,237.81,ETH-28JUN19-300-C,83.08,0.011000000000000001,20.0,0,1560092768805,4551310,340
2019-06-09 15:17:51.113,4.0,sell,237.57,ETH-28JUN19-300-C,81.12,0.01,4.0,2,1560093471113,4551497,341
2019-06-09 22:32:05.018,1.0,sell,227.52,ETH-28JUN19-300-C,81.75,0.006,1.0,2,1560119525018,4568927,342
2019-06-09 22:38:11.311,1.0,sell,228.62,ETH-28JUN19-300-C,80.99,0.006,1.0,3,1560119891311,4569459,343
2019-06-09 23:22:05.187,5.0,buy,230.53,ETH-28JUN19-300-C,84.74,0.008,5.0,0,1560122525187,4570766,344
2019-06-10 01:12:15.887,10.0,buy,234.04,ETH-28JUN19-300-C,81.18,0.008,10.0,1,1560129135887,4576235,345
2019-06-10 01:13:16.187,5.0,buy,234.23,ETH-28JUN19-300-C,80.82,0.008,5.0,1,1560129196187,4576368,346
2019-06-10 01:13:46.268,5.0,buy,234.34,ETH-28JUN19-300-C,80.74,0.008,5.0,1,1560129226268,4576391,347
2019-06-10 01:15:49.157,25.0,buy,234.39,ETH-28JUN19-300-C,80.66,0.008,25.0,1,1560129349157,4576446,348
2019-06-10 02:38:22.206,2.0,buy,234.07,ETH-28JUN19-300-C,83.55,0.009000000000000001,2.0,0,1560134302206,4578296,349
2019-06-10 05:30:55.926,100.0,buy,233.37,ETH-28JUN19-300-C,84.52,0.009000000000000001,100.0,1,1560144655926,4580193,350
2019-06-10 05:58:22.935,300.0,sell,233.13,ETH-28JUN19-300-C,79.63,0.006999999999999999,300.0,2,1560146302935,4580490,351
2019-06-10 05:58:22.935,600.0,sell,233.13,ETH-28JUN19-300-C,79.63,0.006999999999999999,600.0,3,1560146302935,4580491,352
2019-06-10 06:01:26.640,600.0,sell,233.42,ETH-28JUN19-300-C,79.33,0.006999999999999999,600.0,3,1560146486640,4580531,353
2019-06-10 09:20:08.522,149.0,sell,236.21,ETH-28JUN19-300-C,79.52,0.008,149.0,0,1560158408522,4583609,354
2019-06-10 10:42:34.697,300.0,buy,234.36,ETH-28JUN19-300-C,86.07,0.01,300.0,0,1560163354697,4585093,355
2019-06-10 11:00:56.976,300.0,sell,233.64,ETH-28JUN19-300-C,86.91,0.01,300.0,1,1560164456976,4585560,356
2019-06-10 11:05:21.908,150.0,sell,234.38,ETH-28JUN19-300-C,86.24,0.01,150.0,1,1560164721908,4585776,357
2019-06-10 11:28:45.274,10.0,buy,239.57,ETH-28JUN19-300-C,84.53,0.012,10.0,0,1560166125274,4587951,358
2019-06-10 12:04:36.073,240.0,buy,245.92,ETH-28JUN19-300-C,88.98,0.018000000000000002,240.0,0,1560168276073,4592361,359
2019-06-10 12:04:36.073,160.0,buy,245.92,ETH-28JUN19-300-C,90.66,0.019,160.0,0,1560168276073,4592362,360
2019-06-10 12:13:38.064,100.0,sell,244.49,ETH-28JUN19-300-C,86.95,0.016,100.0,2,1560168818064,4593514,361
2019-06-10 13:40:00.005,1.0,buy,242.02,ETH-28JUN19-300-C,89.72,0.016,1.0,3,1560174000005,4596472,362
2019-06-10 14:44:48.781,60.0,sell,243.15,ETH-28JUN19-300-C,84.89,0.013999999999999999,60.0,2,1560177888781,4597829,363
2019-06-10 15:18:23.793,3.0,sell,242.61,ETH-28JUN19-300-C,85.54,0.013999999999999999,3.0,3,1560179903793,4598321,364
2019-06-10 16:24:03.602,37.0,sell,244.78,ETH-28JUN19-300-C,82.97,0.013999999999999999,37.0,3,1560183843602,4600555,365
2019-06-10 18:11:03.421,200.0,sell,242.97,ETH-28JUN19-300-C,81.18,0.012,200.0,3,1560190263421,4603060,367
2019-06-10 18:11:03.421,100.0,sell,242.97,ETH-28JUN19-300-C,81.18,0.012,100.0,2,1560190263421,4603059,366
2019-06-10 18:30:57.878,80.0,buy,244.72,ETH-28JUN19-300-C,84.98,0.015,80.0,0,1560191457878,4603751,368
2019-06-10 19:15:26.625,100.0,sell,245.32,ETH-28JUN19-300-C,80.67,0.013000000000000001,100.0,3,1560194126625,4604237,370
2019-06-10 19:15:26.625,1.0,sell,245.32,ETH-28JUN19-300-C,80.67,0.013000000000000001,1.0,2,1560194126625,4604236,369
2019-06-10 19:15:32.350,100.0,sell,245.32,ETH-28JUN19-300-C,80.65,0.013000000000000001,100.0,3,1560194132350,4604238,371
2019-06-10 19:15:34.647,1.0,buy,245.3,ETH-28JUN19-300-C,80.64,0.013000000000000001,1.0,3,1560194134647,4604239,372
2019-06-10 20:26:14.993,10.0,buy,245.3,ETH-28JUN19-300-C,88.14,0.017,10.0,0,1560198374993,4605701,373
2019-06-11 00:03:04.416,1.0,buy,248.56,ETH-28JUN19-300-C,86.48,0.018000000000000002,1.0,0,1560211384416,4611332,374
2019-06-11 00:03:04.536,2.0,sell,248.58,ETH-28JUN19-300-C,86.45,0.018000000000000002,2.0,1,1560211384536,4611333,375
2019-06-11 04:10:06.595,2.0,sell,245.2,ETH-28JUN19-300-C,81.5,0.013000000000000001,2.0,2,1560226206595,4616451,376
2019-06-11 04:27:53.825,20.0,buy,245.58,ETH-28JUN19-300-C,88.57,0.017,20.0,0,1560227273825,4616606,377
2019-06-11 04:29:34.987,2.0,sell,245.59,ETH-28JUN19-300-C,81.15,0.013,2.0,2,1560227374987,4616608,378
2019-06-11 04:55:15.982,10.0,sell,245.38,ETH-28JUN19-300-C,81.47,0.013000000000000001,10.0,3,1560228915982,4616835,379
2019-06-11 07:29:35.925,240.0,sell,245.77,ETH-28JUN19-300-C,81.48,0.013000000000000001,240.0,3,1560238175925,4619113,381
2019-06-11 07:29:35.925,100.0,sell,245.77,ETH-28JUN19-300-C,81.48,0.013000000000000001,100.0,3,1560238175925,4619112,380
2019-06-11 07:29:43.774,100.0,sell,245.78,ETH-28JUN19-300-C,81.46,0.013000000000000001,100.0,3,1560238183774,4619115,382
2019-06-11 07:51:58.175,1.0,sell,247.03,ETH-28JUN19-300-C,82.02,0.013999999999999999,1.0,0,1560239518175,4619768,383
2019-06-11 12:50:18.997,300.0,sell,240.88,ETH-28JUN19-300-C,81.93,0.01,300.0,2,1560257418997,4635865,384
2019-06-11 19:01:25.786,1.0,sell,242.78,ETH-28JUN19-300-C,77.97,0.009000000000000001,1.0,2,1560279685786,4649209,385
2019-06-11 20:29:12.465,5.0,buy,244.33,ETH-28JUN19-300-C,85.3,0.013000000000000001,5.0,0,1560284952465,4651461,386
2019-06-11 22:00:30.650,1.0,sell,246.67,ETH-28JUN19-300-C,78.49,0.011000000000000001,1.0,2,1560290430650,4653742,387
2019-06-12 03:18:18.238,1.0,sell,249.13,ETH-28JUN19-300-C,80.13,0.013000000000000001,1.0,0,1560309498238,4661514,388
2019-06-12 03:55:44.124,5.0,buy,248.59,ETH-28JUN19-300-C,84.67,0.015,5.0,0,1560311744124,4662348,389
2019-06-12 07:31:45.947,240.0,sell,247.61,ETH-28JUN19-300-C,80.57,0.012,240.0,2,1560324705947,4664918,390
2019-06-12 08:28:32.178,120.0,buy,247.38,ETH-28JUN19-300-C,84.64,0.013999999999999999,120.0,0,1560328112178,4665702,391
2019-06-12 08:28:32.178,240.0,buy,247.38,ETH-28JUN19-300-C,84.64,0.013999999999999999,240.0,1,1560328112178,4665703,392
2019-06-12 08:28:32.555,140.0,sell,247.38,ETH-28JUN19-300-C,84.67,0.013999999999999999,140.0,1,1560328112555,4665705,393
2019-06-12 11:51:56.953,20.0,sell,249.73,ETH-28JUN19-300-C,80.51,0.013000000000000001,20.0,2,1560340316953,4669501,394
2019-06-12 12:22:57.643,1.0,buy,250.44,ETH-28JUN19-300-C,87.1,0.017,1.0,0,1560342177643,4670716,395
2019-06-12 13:10:00.518,5.0,buy,250.02,ETH-28JUN19-300-C,85.95,0.016,5.0,2,1560345000518,4671625,396
2019-06-12 14:41:41.031,45.0,buy,250.19,ETH-28JUN19-300-C,86.05,0.016,45.0,3,1560350501031,4673605,397
2019-06-12 20:36:27.757,10.0,sell,253.69,ETH-28JUN19-300-C,86.15,0.018000000000000002,10.0,0,1560371787757,4689275,398
2019-06-12 21:03:42.268,5.0,buy,256.88,ETH-28JUN19-300-C,85.7,0.02,5.0,0,1560373422268,4690312,399
2019-06-12 21:16:36.663,5.0,buy,258.18,ETH-28JUN19-300-C,87.25,0.022000000000000002,5.0,0,1560374196663,4690571,400
2019-06-12 23:47:05.847,60.0,buy,259.98,ETH-28JUN19-300-C,83.75,0.021,60.0,2,1560383225847,4693489,401
2019-06-13 00:02:03.863,2.0,buy,261.9,ETH-28JUN19-300-C,88.56,0.026000000000000002,2.0,0,1560384123863,4696364,402
2019-06-13 02:05:50.636,1.0,sell,260.37,ETH-28JUN19-300-C,79.71,0.019,1.0,2,1560391550636,4700801,403
2019-06-13 07:56:26.959,240.0,sell,260.08,ETH-28JUN19-300-C,81.97,0.02,240.0,0,1560412586959,4705681,404
2019-06-13 14:48:03.949,3.0,buy,260.82,ETH-28JUN19-300-C,85.04,0.022000000000000002,3.0,0,1560437283949,4714028,405
2019-06-13 22:34:54.969,1.0,buy,260.15,ETH-28JUN19-300-C,86.11,0.021,1.0,2,1560465294969,4725477,406
2019-06-13 22:47:36.587,1.0,buy,255.74,ETH-28JUN19-300-C,86.84,0.018000000000000002,1.0,2,1560466056587,4728960,407
2019-06-13 22:48:15.979,3.0,buy,256.07,ETH-28JUN19-300-C,86.6,0.018000000000000002,3.0,3,1560466095979,4729044,408
2019-06-13 23:02:14.653,10.0,sell,256.3,ETH-28JUN19-300-C,78.65,0.013999999999999999,10.0,2,1560466934653,4730099,409
2019-06-14 01:44:15.313,49.0,buy,253.8,ETH-28JUN19-300-C,81.88,0.013999999999999999,49.0,3,1560476655313,4735045,411
2019-06-14 01:44:15.313,1.0,buy,253.8,ETH-28JUN19-300-C,81.88,0.013999999999999999,1.0,3,1560476655313,4735044,410
2019-06-14 15:57:50.477,30.0,sell,257.24,ETH-28JUN19-300-C,77.34,0.013000000000000001,30.0,2,1560527870477,4756833,412
2019-06-14 15:57:50.477,240.0,sell,257.24,ETH-28JUN19-300-C,77.34,0.013000000000000001,240.0,3,1560527870477,4756834,413
2019-06-14 15:57:50.477,120.0,sell,257.24,ETH-28JUN19-300-C,77.34,0.013000000000000001,120.0,3,1560527870477,4756835,414
2019-06-14 15:57:50.479,10.0,buy,257.24,ETH-28JUN19-300-C,77.34,0.013000000000000001,10.0,3,1560527870479,4756836,415
2019-06-14 19:04:51.591,1.0,buy,256.42,ETH-28JUN19-300-C,78.4,0.013000000000000001,1.0,3,1560539091591,4760838,416
2019-06-14 20:05:33.537,40.0,sell,256.57,ETH-28JUN19-300-C,76.36,0.012,40.0,2,1560542733537,4761851,417
2019-06-14 20:27:33.590,30.0,buy,257.49,ETH-28JUN19-300-C,77.55,0.013000000000000001,30.0,0,1560544053590,4762258,418
2019-06-14 20:27:39.685,169.0,buy,257.77,ETH-28JUN19-300-C,77.07,0.013000000000000001,169.0,1,1560544059685,4762292,419
2019-06-14 21:20:27.129,35.0,sell,261.58,ETH-28JUN19-300-C,75.88,0.015,35.0,0,1560547227129,4767638,420
2019-06-15 09:38:58.477,50.0,sell,263.89,ETH-28JUN19-300-C,79.22,0.018000000000000002,50.0,0,1560591538477,4785949,421
2019-06-15 19:37:41.847,100.0,buy,270.16,ETH-28JUN19-300-C,85.02,0.027000000000000003,100.0,0,1560627461847,4800185,422
2019-06-15 20:09:29.200,15.0,buy,269.0,ETH-28JUN19-300-C,85.75,0.026000000000000002,15.0,2,1560629369200,4800820,423
2019-06-16 00:05:16.991,25.0,sell,268.74,ETH-28JUN19-300-C,76.79,0.02,25.0,2,1560643516991,4804700,424
2019-06-16 00:20:46.596,1.0,buy,268.57,ETH-28JUN19-300-C,85.16,0.025,1.0,0,1560644446596,4805306,425
2019-06-16 00:43:54.179,15.0,buy,267.98,ETH-28JUN19-300-C,86.34,0.025,15.0,1,1560645834179,4805769,426
2019-06-16 03:32:54.016,1.0,sell,271.43,ETH-28JUN19-300-C,77.83,0.023,1.0,2,1560655974016,4811905,427
2019-06-16 06:34:33.352,1.0,buy,275.17,ETH-28JUN19-300-C,81.64,0.03,1.0,0,1560666873352,4820714,428
2019-06-16 06:34:39.441,1.0,buy,275.17,ETH-28JUN19-300-C,81.66,0.03,1.0,1,1560666879441,4820715,429
2019-06-16 06:45:33.951,15.0,buy,275.75,ETH-28JUN19-300-C,80.78,0.03,15.0,1,1560667533951,4820975,430
2019-06-16 09:12:39.699,10.0,buy,270.78,ETH-28JUN19-300-C,90.72,0.031,10.0,0,1560676359699,4834710,431
2019-06-16 10:48:24.842,35.0,sell,268.88,ETH-28JUN19-300-C,80.71,0.022000000000000002,35.0,2,1560682104842,4840038,432
2019-06-16 11:52:29.372,1.0,sell,270.06,ETH-28JUN19-300-C,79.31,0.023,1.0,0,1560685949372,4841879,433
2019-06-16 13:48:31.933,31.0,buy,273.43,ETH-28JUN19-300-C,80.02,0.027000000000000003,31.0,0,1560692911933,4845764,434
2019-06-16 17:50:32.341,6.0,sell,269.56,ETH-28JUN19-300-C,85.76,0.026000000000000002,6.0,2,1560707432341,4857327,435
2019-06-16 23:36:05.888,5.0,buy,270.69,ETH-28JUN19-300-C,86.55,0.027000000000000003,5.0,0,1560728165888,4873605,436
2019-06-16 23:47:19.689,5.0,buy,269.1,ETH-28JUN19-300-C,87.8,0.026000000000000002,5.0,2,1560728839689,4873923,437
2019-06-17 03:33:42.184,120.0,buy,269.56,ETH-28JUN19-300-C,93.51,0.028999999999999998,120.0,0,1560742422184,4880904,438
2019-06-17 06:16:43.211,5.0,buy,268.42,ETH-28JUN19-300-C,87.3,0.023,5.0,2,1560752203211,4884523,439
2019-06-17 12:27:14.103,5.0,sell,272.41,ETH-28JUN19-300-C,87.95,0.027000000000000003,5.0,0,1560774434103,4897419,440
2019-06-17 13:19:35.190,1.0,buy,272.13,ETH-28JUN19-300-C,89.76,0.027999999999999997,1.0,0,1560777575190,4899277,441
2019-06-17 13:38:36.093,2.0,sell,273.15,ETH-28JUN19-300-C,89.56,0.028999999999999998,2.0,0,1560778716093,4899909,442
2019-06-17 13:49:10.438,106.0,buy,272.94,ETH-28JUN19-300-C,104.54,0.038,106.0,0,1560779350438,4900168,444
2019-06-17 13:49:10.438,5.0,buy,272.94,ETH-28JUN19-300-C,102.96,0.037000000000000005,5.0,0,1560779350438,4900167,443
2019-06-17 14:04:03.009,2.0,sell,272.92,ETH-28JUN19-300-C,96.3,0.033,2.0,2,1560780243009,4900434,445
2019-06-17 14:11:21.635,1.0,sell,272.96,ETH-28JUN19-300-C,96.22,0.033,1.0,3,1560780681635,4900496,446
2019-06-17 14:19:32.678,1.0,sell,273.09,ETH-28JUN19-300-C,95.5,0.033,1.0,3,1560781172678,4900673,447
2019-06-17 14:21:49.693,5.0,sell,272.9,ETH-28JUN19-300-C,96.18,0.033,5.0,3,1560781309693,4900710,448
2019-06-17 14:35:03.089,1.0,buy,273.64,ETH-28JUN19-300-C,96.41,0.034,1.0,0,1560782103089,4901177,449
2019-06-17 14:37:29.877,2.0,buy,273.68,ETH-28JUN19-300-C,96.55,0.034,2.0,1,1560782249877,4901213,450
2019-06-17 15:06:54.315,120.0,sell,271.83,ETH-28JUN19-300-C,98.51,0.033,120.0,2,1560784014315,4904461,451
2019-06-17 15:07:01.007,120.0,sell,271.37,ETH-28JUN19-300-C,99.19,0.033,120.0,3,1560784021007,4904492,452
2019-06-17 15:20:01.656,1.0,sell,271.6,ETH-28JUN19-300-C,99.26,0.033,1.0,3,1560784801656,4905741,453
2019-06-17 15:56:27.365,5.0,sell,270.07,ETH-28JUN19-300-C,95.45,0.028999999999999998,5.0,2,1560786987365,4909666,454
2019-06-17 19:06:28.366,1.0,buy,272.61,ETH-28JUN19-300-C,96.29,0.032,1.0,0,1560798388366,4914425,455
2019-06-17 20:41:52.134,1.0,buy,272.6,ETH-28JUN19-300-C,96.16,0.032,1.0,1,1560804112134,4918869,456
2019-06-17 20:42:58.711,1.0,buy,272.68,ETH-28JUN19-300-C,97.83,0.033,1.0,0,1560804178711,4918875,457
2019-06-17 21:19:14.592,1.0,buy,271.8,ETH-28JUN19-300-C,98.18,0.032,1.0,2,1560806354592,4920474,458
2019-06-18 02:02:18.769,1.0,buy,271.29,ETH-28JUN19-300-C,97.87,0.031,1.0,2,1560823338769,4934724,459
2019-06-18 02:06:48.782,1.0,buy,271.36,ETH-28JUN19-300-C,97.73,0.031,1.0,3,1560823608782,4934802,460
2019-06-18 02:15:09.608,2.0,buy,271.07,ETH-28JUN19-300-C,98.16,0.031,2.0,3,1560824109608,4934876,461
2019-06-18 02:19:35.930,1.0,buy,270.82,ETH-28JUN19-300-C,98.62,0.031,1.0,3,1560824375930,4934948,462
2019-06-18 04:49:40.835,120.0,sell,271.08,ETH-28JUN19-300-C,95.69,0.028999999999999998,120.0,2,1560833380835,4938609,463
2019-06-18 05:20:43.388,73.0,sell,268.87,ETH-28JUN19-300-C,99.51,0.028999999999999998,73.0,3,1560835243388,4939400,464
2019-06-18 05:20:43.388,7.0,sell,268.87,ETH-28JUN19-300-C,96.03,0.027000000000000003,7.0,2,1560835243388,4939401,465
2019-06-18 05:22:07.981,40.0,sell,269.1,ETH-28JUN19-300-C,95.78,0.027000000000000003,40.0,3,1560835327981,4939450,466
2019-06-18 06:28:52.194,200.0,buy,268.85,ETH-28JUN19-300-C,106.94,0.033,200.0,0,1560839332194,4942276,467
2019-06-18 08:30:42.900,8.0,sell,268.9,ETH-28JUN19-300-C,98.73,0.027999999999999997,8.0,2,1560846642900,4947237,468
2019-06-18 12:16:59.927,50.0,sell,266.73,ETH-28JUN19-300-C,103.62,0.028999999999999998,50.0,0,1560860219927,4950955,469
2019-06-18 16:10:17.288,20.0,buy,265.88,ETH-28JUN19-300-C,100.61,0.026000000000000002,20.0,2,1560874217288,4957959,470
2019-06-18 16:15:54.685,150.0,sell,265.79,ETH-28JUN19-300-C,96.92,0.024,150.0,2,1560874554685,4958154,471
2019-06-18 17:24:46.536,50.0,buy,263.91,ETH-28JUN19-300-C,98.16,0.023,50.0,2,1560878686536,4960039,472
2019-06-18 17:35:48.514,30.0,buy,263.57,ETH-28JUN19-300-C,99.42,0.023,30.0,3,1560879348514,4961628,473
2019-06-18 20:24:09.917,30.0,sell,264.7,ETH-28JUN19-300-C,96.0,0.022000000000000002,30.0,2,1560889449917,4965405,474
2019-06-19 05:49:23.935,2.0,buy,267.7,ETH-28JUN19-300-C,103.23,0.027000000000000003,2.0,0,1560923363935,4977781,475
2019-06-19 06:38:03.116,5.0,buy,267.98,ETH-28JUN19-300-C,103.42,0.027000000000000003,5.0,1,1560926283116,4978274,476
2019-06-19 19:44:33.768,20.0,buy,266.57,ETH-28JUN19-300-C,103.17,0.024,20.0,2,1560973473768,4989086,477
2019-06-19 19:45:37.654,30.0,buy,266.54,ETH-28JUN19-300-C,103.15,0.024,30.0,3,1560973537654,4989094,478
2019-06-19 21:15:09.764,1.0,sell,267.79,ETH-28JUN19-300-C,93.57,0.02,1.0,2,1560978909764,4990806,479
2019-06-19 23:57:29.594,1.0,sell,268.93,ETH-28JUN19-300-C,93.67,0.021,1.0,0,1560988649594,4995954,480
2019-06-20 00:29:11.658,1.0,sell,268.51,ETH-28JUN19-300-C,93.08,0.02,1.0,2,1560990551658,4996273,481
2019-06-20 02:41:04.599,1.0,buy,269.66,ETH-28JUN19-300-C,93.61,0.021,1.0,0,1560998464599,4997741,482
2019-06-20 03:30:40.715,1.0,buy,270.34,ETH-28JUN19-300-C,93.94,0.022000000000000002,1.0,0,1561001440715,4998847,483
2019-06-20 03:55:51.979,1.0,buy,270.28,ETH-28JUN19-300-C,93.91,0.022,1.0,1,1561002951979,4999136,484
2019-06-20 04:21:04.205,2.0,buy,269.99,ETH-28JUN19-300-C,92.98,0.021,2.0,2,1561004464205,4999402,485
2019-06-20 04:29:05.288,3.0,buy,269.63,ETH-28JUN19-300-C,93.49,0.021,3.0,3,1561004945288,4999543,486
2019-06-20 05:53:05.301,5.0,sell,269.44,ETH-28JUN19-300-C,92.13,0.02,5.0,2,1561009985301,5000014,487
2019-06-20 07:59:02.683,5.0,sell,268.34,ETH-28JUN19-300-C,93.1,0.019,5.0,2,1561017542683,5001152,488
2019-06-20 10:45:09.418,120.0,sell,267.42,ETH-28JUN19-300-C,90.24,0.017,120.0,2,1561027509418,5003478,489
2019-06-20 10:45:13.328,120.0,buy,267.42,ETH-28JUN19-300-C,90.22,0.017,120.0,3,1561027513328,5003485,490
2019-06-20 10:45:16.887,120.0,buy,267.42,ETH-28JUN19-300-C,90.26,0.017,120.0,3,1561027516887,5003486,491
2019-06-20 10:49:56.823,114.0,buy,267.25,ETH-28JUN19-300-C,88.3,0.016,114.0,2,1561027796823,5003503,492
2019-06-20 10:52:42.921,200.0,buy,266.86,ETH-28JUN19-300-C,88.95,0.016,200.0,3,1561027962921,5003531,493
2019-06-20 11:02:42.364,240.0,buy,267.02,ETH-28JUN19-300-C,88.71,0.016,240.0,3,1561028562364,5003551,494
2019-06-20 11:13:55.632,1.0,buy,267.21,ETH-28JUN19-300-C,88.8,0.016,1.0,3,1561029235632,5003595,495
2019-06-20 11:36:04.269,60.0,sell,267.4,ETH-28JUN19-300-C,86.22,0.015,60.0,2,1561030564269,5003708,496
2019-06-20 11:47:14.123,100.0,buy,268.17,ETH-28JUN19-300-C,87.41,0.016,100.0,0,1561031234123,5003808,497
2019-06-20 12:16:21.165,35.0,buy,267.82,ETH-28JUN19-300-C,88.2,0.016,35.0,1,1561032981165,5004074,498
