date_utc,amount,direction,indexPrice,instrument,iv,price,quantity,tickDirection,timeStamp,tradeId,tradeSeq
2019-04-04 03:42:43.947,10.0,sell,160.39,ETH-28JUN19-300-C,85.82,0.018000000000000002,10.0,1,1554349363947,432092,1
2019-04-08 02:49:56.102,48.0,buy,183.73,ETH-28JUN19-300-C,87.56,0.037000000000000005,48.0,0,1554691796102,601738,2
2019-04-08 02:59:43.016,48.0,buy,182.66,ETH-28JUN19-300-C,89.96,0.04,48.0,0,1554692383016,602900,3
2019-04-08 02:59:43.335,48.0,buy,182.66,ETH-28JUN19-300-C,89.96,0.04,48.0,1,1554692383335,602916,4
2019-04-08 02:59:43.437,4.0,buy,182.66,ETH-28JUN19-300-C,89.96,0.04,4.0,1,1554692383437,602928,5
2019-04-08 02:59:43.454,44.0,sell,182.66,ETH-28JUN19-300-C,90.71,0.041,44.0,0,1554692383454,602931,6
2019-04-08 02:59:43.522,48.0,sell,182.66,ETH-28JUN19-300-C,90.71,0.040999999999999995,48.0,1,1554692383522,602938,7
2019-04-08 07:22:37.672,5.0,buy,180.15,ETH-28JUN19-300-C,88.09,0.034,5.0,2,1554708157672,616927,8
2019-04-08 07:28:03.699,5.0,buy,179.62,ETH-28JUN19-300-C,87.4,0.033,5.0,2,1554708483699,617424,9
2019-04-08 10:58:27.374,1.0,sell,178.38,ETH-28JUN19-300-C,83.61,0.027000000000000003,1.0,2,1554721107374,624374,10
2019-04-08 11:10:04.293,51.0,sell,177.97,ETH-28JUN19-300-C,83.72,0.027000000000000003,51.0,3,1554721804293,625952,11
2019-04-08 16:58:04.635,1.0,sell,179.29,ETH-28JUN19-300-C,86.22,0.03,1.0,0,1554742684635,646098,12
2019-04-09 05:43:02.611,1.0,buy,175.64,ETH-28JUN19-300-C,88.29,0.03,1.0,1,1554788582611,682308,13
2019-04-09 07:53:57.759,90.0,buy,176.94,ETH-28JUN19-300-C,85.45,0.028,90.0,2,1554796437759,687346,14
2019-04-09 07:54:26.479,90.0,buy,176.7,ETH-28JUN19-300-C,86.47,0.029,90.0,0,1554796466479,687377,15
2019-04-09 14:38:25.517,90.0,sell,177.38,ETH-28JUN19-300-C,83.12,0.025,90.0,2,1554820705517,700894,16
2019-04-09 14:38:29.664,30.0,sell,177.38,ETH-28JUN19-300-C,83.12,0.025,30.0,3,1554820709664,700899,17
2019-04-09 15:11:11.803,90.0,sell,177.53,ETH-28JUN19-300-C,82.0,0.024,90.0,2,1554822671803,702056,18
2019-04-09 15:26:39.546,66.0,buy,177.84,ETH-28JUN19-300-C,81.75,0.024,66.0,3,1554823599546,702606,19
2019-04-10 05:58:26.994,1.0,buy,181.89,ETH-28JUN19-300-C,78.36,0.023,1.0,2,1554875906994,723778,20
2019-04-11 03:35:05.660,100.0,sell,171.92,ETH-28JUN19-300-C,85.06,0.022000000000000002,100.0,2,1554953705660,794349,21
2019-04-11 11:10:58.861,5.0,buy,164.14,ETH-28JUN19-300-C,88.51,0.02,5.0,2,1554981058861,820826,22
2019-04-11 11:13:07.506,2.0,buy,164.6,ETH-28JUN19-300-C,89.35,0.021,2.0,0,1554981187506,820940,23
2019-04-11 15:57:52.026,100.0,sell,163.82,ETH-28JUN19-300-C,88.15,0.018000000000000002,100.0,2,1554998272026,833218,24
2019-04-11 19:03:47.769,54.0,buy,166.29,ETH-28JUN19-300-C,81.83,0.014,54.0,2,1555009427769,841705,25
2019-04-11 23:05:53.226,100.0,buy,165.16,ETH-28JUN19-300-C,86.24,0.017,100.0,0,1555023953226,849384,26
2019-04-12 08:25:36.971,90.0,sell,163.73,ETH-28JUN19-300-C,84.91,0.015,90.0,2,1555057536971,867867,27
2019-04-12 22:05:36.635,10.0,buy,164.2,ETH-28JUN19-300-C,86.25,0.016,10.0,0,1555106736635,897452,28
2019-04-13 16:59:24.128,80.0,buy,163.72,ETH-28JUN19-300-C,83.9,0.013,80.0,2,1555174764128,914043,29
2019-04-16 19:50:02.666,98.0,buy,165.76,ETH-28JUN19-300-C,86.65,0.015,98.0,1,1555444202666,1021093,31
2019-04-16 19:50:02.666,2.0,buy,165.76,ETH-28JUN19-300-C,86.65,0.015,2.0,0,1555444202666,1021092,30
2019-04-22 16:18:22.190,3.0,sell,169.3,ETH-28JUN19-300-C,84.95,0.013000000000000001,3.0,2,1555949902190,1160090,32
2019-04-24 01:06:14.502,2.0,sell,169.41,ETH-28JUN19-300-C,85.88,0.013000000000000001,2.0,3,1556067974502,1195849,33
2019-04-24 03:40:56.232,10.0,buy,170.06,ETH-28JUN19-300-C,86.87,0.013999999999999999,10.0,0,1556077256232,1199745,34
2019-04-24 14:01:03.791,90.0,sell,163.66,ETH-28JUN19-300-C,87.32,0.011000000000000001,90.0,2,1556114463791,1212740,35
2019-04-24 16:36:28.128,23.0,sell,162.5,ETH-28JUN19-300-C,86.4,0.01,23.0,2,1556123788128,1215136,36
2019-04-26 10:48:52.856,20.0,buy,152.36,ETH-28JUN19-300-C,94.08,0.01,20.0,3,1556275732856,1273299,37
2019-04-26 10:51:55.158,1.0,buy,152.42,ETH-28JUN19-300-C,94.0,0.01,1.0,3,1556275915158,1273330,38
2019-04-28 12:23:07.523,22.0,sell,155.71,ETH-28JUN19-300-C,88.04,0.006999999999999999,22.0,2,1556454187523,1306980,39
2019-04-28 15:06:49.761,20.0,buy,154.51,ETH-28JUN19-300-C,91.15,0.008,20.0,0,1556464009761,1310973,40
2019-04-29 13:02:31.537,240.0,sell,150.39,ETH-28JUN19-300-C,92.43,0.006999999999999999,240.0,2,1556542951537,1328492,41
2019-04-29 13:37:38.254,70.0,sell,150.42,ETH-28JUN19-300-C,92.46,0.006999999999999999,70.0,3,1556545058254,1330191,42
2019-04-30 01:50:11.366,3.0,buy,154.15,ETH-28JUN19-300-C,92.45,0.008,3.0,0,1556589011366,1342217,43
2019-04-30 12:03:58.792,1.0,sell,156.81,ETH-28JUN19-300-C,88.89,0.006999999999999999,1.0,2,1556625838792,1353288,44
2019-05-03 13:30:28.270,1.0,buy,167.03,ETH-28JUN19-300-C,90.52,0.01,1.0,0,1556890228270,1441429,45
2019-05-04 00:37:48.547,20.0,buy,167.16,ETH-28JUN19-300-C,86.13,0.008,20.0,2,1556930268547,1452996,46
2019-05-06 14:17:40.707,100.0,buy,165.15,ETH-28JUN19-300-C,90.04,0.008,100.0,3,1557152260707,1513532,47
2019-05-06 16:01:22.728,100.0,buy,170.16,ETH-28JUN19-300-C,88.39,0.009000000000000001,100.0,0,1557158482728,1519369,48
2019-05-06 16:03:14.496,60.0,sell,172.6,ETH-28JUN19-300-C,88.29,0.01,60.0,0,1557158594496,1520659,49
2019-05-06 16:03:19.438,60.0,sell,172.87,ETH-28JUN19-300-C,88.17,0.01,60.0,1,1557158599438,1520748,50
2019-05-07 12:22:01.255,22.0,buy,175.98,ETH-28JUN19-300-C,91.77,0.013000000000000001,22.0,0,1557231721255,1564819,51
2019-05-10 05:43:32.549,100.0,buy,173.75,ETH-28JUN19-300-C,97.27,0.013000000000000001,100.0,1,1557467012549,1683477,52
2019-05-11 10:30:34.050,50.0,buy,191.73,ETH-28JUN19-300-C,99.82,0.024,50.0,0,1557570634050,1765925,53
2019-05-11 14:00:15.474,60.0,buy,190.04,ETH-28JUN19-300-C,99.87,0.023,60.0,2,1557583215474,1782284,54
2019-05-11 14:00:15.474,40.0,buy,190.04,ETH-28JUN19-300-C,99.87,0.023,40.0,3,1557583215474,1782285,55
2019-05-11 15:00:05.292,50.0,buy,189.5,ETH-28JUN19-300-C,100.08,0.023,50.0,3,1557586805292,1785159,56
2019-05-11 15:29:46.597,72.0,sell,192.68,ETH-28JUN19-300-C,99.05,0.024,72.0,0,1557588586597,1788024,57
2019-05-11 15:55:38.977,1.0,buy,191.6,ETH-28JUN19-300-C,101.15,0.025,1.0,0,1557590138977,1789931,58
2019-05-11 17:35:22.181,25.0,buy,193.93,ETH-28JUN19-300-C,101.78,0.027000000000000003,25.0,0,1557596122181,1797184,59
2019-05-11 20:13:11.695,25.0,buy,198.16,ETH-28JUN19-300-C,101.74,0.03,25.0,0,1557605591695,1813670,60
2019-05-11 20:13:17.522,25.0,buy,198.17,ETH-28JUN19-300-C,101.69,0.03,25.0,1,1557605597522,1813683,61
2019-05-11 21:56:36.773,50.0,sell,198.5,ETH-28JUN19-300-C,97.66,0.026000000000000002,50.0,2,1557611796773,1818182,62
2019-05-11 23:17:03.901,25.0,sell,204.71,ETH-28JUN19-300-C,106.22,0.04,25.0,0,1557616623901,1839672,63
