date_utc,amount,direction,indexPrice,instrument,iv,price,quantity,tickDirection,timeStamp,tradeId,tradeSeq
2019-04-02 17:35:40.032,18.0,buy,4722.99,BTC-27DEC19-12000-C,69.89,0.024,18.0,1,1554226540032,17125485,1
2019-04-02 19:48:43.402,1.0,buy,4752.31,BTC-27DEC19-12000-C,69.55,0.024,1.0,1,1554234523402,17127768,2
2019-04-02 20:11:29.256,12.0,buy,4794.43,BTC-27DEC19-12000-C,69.54,0.0245,12.0,0,1554235889256,17129461,3
2019-04-02 23:38:27.273,1.0,buy,4939.28,BTC-27DEC19-12000-C,69.4,0.0265,1.0,0,1554248307273,17149028,4
2019-04-02 23:42:50.170,1.0,sell,4920.52,BTC-27DEC19-12000-C,69.57,0.0265,1.0,1,1554248570170,17149939,5
2019-04-03 01:54:33.880,3.0,buy,4983.16,BTC-27DEC19-12000-C,70.96,0.03,3.0,0,1554256473880,17166309,6
2019-04-03 01:55:05.071,3.0,sell,4981.61,BTC-27DEC19-12000-C,70.43,0.029,3.0,2,1554256505071,17166337,7
2019-04-03 01:57:24.030,3.0,buy,4984.05,BTC-27DEC19-12000-C,71.22,0.0305,3.0,0,1554256644030,17166400,8
2019-04-03 21:31:52.673,0.1,buy,5333.24,BTC-27DEC19-12000-C,73.76,0.043,0.1,0,1554327112673,17241440,9
2019-04-03 23:11:07.677,0.1,buy,4941.49,BTC-27DEC19-12000-C,76.0,0.039,0.1,2,1554333067677,17267096,10
2019-04-03 23:12:06.698,0.2,buy,4950.42,BTC-27DEC19-12000-C,75.91,0.039,0.2,3,1554333126698,17267358,11
2019-04-04 00:46:51.401,0.1,buy,4998.74,BTC-27DEC19-12000-C,74.58,0.037000000000000005,0.1,2,1554338811401,17281849,12
2019-04-04 00:51:52.642,0.1,buy,5010.92,BTC-27DEC19-12000-C,74.47,0.037000000000000005,0.1,3,1554339112642,17281993,13
2019-04-04 00:52:01.491,0.1,buy,5011.64,BTC-27DEC19-12000-C,74.45,0.037000000000000005,0.1,3,1554339121491,17281997,14
2019-04-04 20:50:46.071,0.1,buy,4835.44,BTC-27DEC19-12000-C,76.27,0.037000000000000005,0.1,3,1554411046071,17333932,15
2019-04-04 20:50:56.873,0.1,buy,4832.63,BTC-27DEC19-12000-C,76.3,0.037000000000000005,0.1,3,1554411056873,17333942,16
2019-04-05 00:08:43.805,0.1,sell,4936.25,BTC-27DEC19-12000-C,67.18,0.023,0.1,2,1554422923805,17342110,17
2019-04-05 17:05:19.341,0.1,buy,5015.92,BTC-27DEC19-12000-C,76.21,0.0405,0.1,0,1554483919341,17374506,18
2019-04-06 05:29:15.548,0.1,buy,5023.11,BTC-27DEC19-12000-C,92.18,0.078,0.1,0,1554528555548,17389685,19
2019-04-07 14:57:03.491,0.2,buy,5138.0,BTC-27DEC19-12000-C,80.85,0.054000000000000006,0.2,2,1554649023491,17468717,20
2019-04-07 15:33:55.677,0.1,buy,5120.28,BTC-27DEC19-12000-C,80.89,0.0535,0.1,2,1554651235677,17469803,21
2019-04-07 16:38:01.567,0.1,buy,5099.6,BTC-27DEC19-12000-C,81.13,0.0535,0.1,3,1554655081567,17473686,22
2019-04-08 14:12:52.762,0.1,buy,5201.82,BTC-27DEC19-12000-C,74.37,0.041,0.1,2,1554732772762,17532308,23
2019-04-08 17:34:05.745,0.1,buy,5201.28,BTC-27DEC19-12000-C,75.87,0.044000000000000004,0.1,0,1554744845745,17537702,24
2019-04-08 22:03:20.625,0.1,buy,5282.01,BTC-27DEC19-12000-C,76.2,0.0465,0.1,0,1554761000625,17545049,25
2019-04-09 15:29:04.878,0.1,buy,5226.41,BTC-27DEC19-12000-C,76.29,0.045,0.1,2,1554823744878,17577488,26
2019-04-09 23:53:26.549,0.1,buy,5200.02,BTC-27DEC19-12000-C,75.2,0.042,0.1,2,1554854006549,17586976,27
2019-04-10 01:30:44.399,0.1,buy,5236.63,BTC-27DEC19-12000-C,75.05,0.0425,0.1,0,1554859844399,17589681,28
2019-04-10 01:30:58.829,0.1,buy,5236.04,BTC-27DEC19-12000-C,75.05,0.0425,0.1,1,1554859858829,17589683,29
2019-04-10 17:08:09.374,1.0,buy,5270.89,BTC-27DEC19-12000-C,68.45,0.03,1.0,2,1554916089374,17605551,30
2019-04-10 17:40:05.839,0.1,buy,5288.5,BTC-27DEC19-12000-C,73.94,0.041,0.1,0,1554918005839,17606012,31
2019-04-10 18:08:32.461,0.1,buy,5317.0,BTC-27DEC19-12000-C,72.13,0.038,0.1,2,1554919712461,17609234,32
2019-04-12 16:49:04.588,0.1,buy,5077.96,BTC-27DEC19-12000-C,70.78,0.0295,0.1,2,1555087744588,17752313,33
2019-04-13 16:02:41.591,0.1,sell,5085.73,BTC-27DEC19-12000-C,76.95,0.04,0.1,0,1555171361591,17781070,34
2019-04-14 15:56:35.525,0.1,buy,5074.6,BTC-27DEC19-12000-C,77.91,0.0415,0.1,0,1555257395525,17797563,35
2019-04-15 08:35:55.124,0.1,buy,5149.82,BTC-27DEC19-12000-C,69.84,0.028,0.1,2,1555317355124,17816006,36
2019-04-15 10:29:42.608,0.1,buy,5145.46,BTC-27DEC19-12000-C,69.85,0.028,0.1,3,1555324182608,17816759,37
2019-04-15 18:34:56.832,0.5,sell,5036.0,BTC-27DEC19-12000-C,70.74,0.0275,0.5,2,1555353296832,17833355,38
2019-04-15 18:35:24.172,0.5,sell,5037.1,BTC-27DEC19-12000-C,70.73,0.0275,0.5,3,1555353324172,17833398,39
2019-04-15 18:35:51.339,1.0,sell,5037.49,BTC-27DEC19-12000-C,70.72,0.0275,1.0,3,1555353351339,17833407,40
2019-04-15 18:35:57.916,1.0,sell,5037.24,BTC-27DEC19-12000-C,70.72,0.0275,1.0,3,1555353357916,17833409,41
2019-04-15 18:36:47.011,1.0,sell,5030.01,BTC-27DEC19-12000-C,70.8,0.0275,1.0,3,1555353407011,17833478,42
2019-04-15 18:37:03.051,1.0,sell,5025.37,BTC-27DEC19-12000-C,70.84,0.0275,1.0,3,1555353423051,17833551,43
2019-04-15 18:37:14.082,2.0,sell,5023.11,BTC-27DEC19-12000-C,70.87,0.0275,2.0,3,1555353434082,17833587,44
2019-04-15 18:37:18.123,2.0,sell,5022.78,BTC-27DEC19-12000-C,70.87,0.0275,2.0,3,1555353438123,17833595,45
2019-04-15 18:37:24.341,0.1,sell,5023.36,BTC-27DEC19-12000-C,70.57,0.027000000000000003,0.1,2,1555353444341,17833600,46
2019-04-15 19:41:32.025,1.0,sell,5017.82,BTC-27DEC19-12000-C,70.94,0.0275,1.0,0,1555357292025,17835747,47
2019-04-15 20:08:02.709,1.0,sell,4961.35,BTC-27DEC19-12000-C,70.96,0.027000000000000003,1.0,2,1555358882709,17840172,48
2019-04-16 17:36:36.707,0.1,sell,5197.22,BTC-27DEC19-12000-C,71.47,0.032,0.1,0,1555436196707,17872678,49
2019-04-17 22:20:15.897,0.1,buy,5229.9,BTC-27DEC19-12000-C,71.35,0.0325,0.1,0,1555539615897,17909384,50
2019-04-17 23:54:33.379,0.5,buy,5228.99,BTC-27DEC19-12000-C,71.45,0.0325,0.5,1,1555545273379,17910728,51
2019-04-18 21:29:50.825,0.1,buy,5310.35,BTC-27DEC19-12000-C,72.13,0.035,0.1,0,1555622990825,17936118,52
2019-04-19 14:14:27.567,0.1,buy,5248.22,BTC-27DEC19-12000-C,72.33,0.034,0.1,2,1555683267567,17951377,53
2019-04-19 17:13:33.822,0.1,buy,5266.74,BTC-27DEC19-12000-C,72.41,0.0345,0.1,0,1555694013822,17962796,54
2019-04-19 17:14:21.620,0.1,buy,5267.68,BTC-27DEC19-12000-C,72.41,0.0345,0.1,1,1555694061620,17962805,55
2019-04-19 17:20:18.344,1.1,buy,5278.94,BTC-27DEC19-12000-C,72.29,0.0345,1.1,1,1555694418344,17962937,56
2019-04-19 20:17:47.441,2.0,buy,5297.19,BTC-27DEC19-12000-C,72.33,0.035,2.0,0,1555705067441,17965959,57
2019-04-19 21:06:56.214,0.1,buy,5275.26,BTC-27DEC19-12000-C,72.64,0.035,0.1,1,1555708016214,17968194,58
2019-04-21 01:46:31.304,0.1,buy,5327.39,BTC-27DEC19-12000-C,72.82,0.036000000000000004,0.1,0,1555811191304,17997375,59
2019-04-22 14:02:05.561,0.1,buy,5299.18,BTC-27DEC19-12000-C,72.74,0.035,0.1,2,1555941725561,18037913,60
2019-04-23 13:31:17.049,0.1,buy,5585.14,BTC-27DEC19-12000-C,72.12,0.0395,0.1,0,1556026277049,18110288,61
2019-04-23 17:18:06.455,0.1,buy,5587.32,BTC-27DEC19-12000-C,72.12,0.0395,0.1,1,1556039886455,18116454,62
2019-04-23 23:41:15.289,0.1,buy,5545.2,BTC-27DEC19-12000-C,72.9,0.04,0.1,0,1556062875289,18132369,63
2019-04-24 14:08:21.856,0.1,buy,5452.44,BTC-27DEC19-12000-C,73.01,0.0375,0.1,2,1556114901856,18178973,64
2019-04-24 17:49:13.863,0.1,buy,5432.3,BTC-27DEC19-12000-C,73.19,0.0375,0.1,3,1556128153863,18186125,65
2019-04-25 00:09:39.898,0.1,buy,5445.29,BTC-27DEC19-12000-C,72.57,0.0365,0.1,2,1556150979898,18200340,66
2019-04-25 23:29:02.462,0.1,buy,5141.43,BTC-27DEC19-12000-C,72.76,0.03,0.1,2,1556234942462,18284629,67
2019-04-26 01:48:12.845,0.1,buy,5158.63,BTC-27DEC19-12000-C,72.78,0.0305,0.1,0,1556243292845,18295425,68
2019-04-26 02:20:11.808,4.7,buy,5150.9,BTC-27DEC19-12000-C,72.61,0.03,4.7,2,1556245211808,18296808,69
2019-04-26 20:09:22.732,0.1,buy,5100.52,BTC-27DEC19-12000-C,74.02,0.0315,0.1,0,1556309362732,18346521,70
2019-04-29 17:37:27.241,0.1,buy,5169.66,BTC-27DEC19-12000-C,73.76,0.031,0.1,2,1556559447241,18431943,71
2019-04-30 09:04:11.847,6.9,sell,5157.14,BTC-27DEC19-12000-C,72.86,0.028999999999999998,6.9,2,1556615051847,18452333,72
2019-05-01 19:38:18.969,0.1,buy,5302.29,BTC-27DEC19-12000-C,73.87,0.0325,0.1,0,1556739498969,18521277,73
2019-05-03 05:46:55.413,0.3,buy,5493.37,BTC-27DEC19-12000-C,71.69,0.0325,0.3,1,1556862415413,18598924,74
2019-05-03 09:18:15.660,0.3,sell,5666.59,BTC-27DEC19-12000-C,71.31,0.036000000000000004,0.3,0,1556875095660,18641189,75
2019-05-03 14:44:31.520,0.2,buy,5756.4,BTC-27DEC19-12000-C,72.09,0.0395,0.2,0,1556894671520,18684216,76
2019-05-04 00:47:01.262,1.0,buy,5739.13,BTC-27DEC19-12000-C,71.76,0.0385,1.0,2,1556930821262,18728345,77
2019-05-04 16:17:14.247,0.1,buy,5571.07,BTC-27DEC19-12000-C,73.76,0.0385,0.1,3,1556986634247,18786965,78
2019-05-04 17:08:01.582,0.7000000000000001,sell,5573.09,BTC-27DEC19-12000-C,72.5,0.036000000000000004,0.7000000000000001,2,1556989681582,18788357,79
2019-05-05 06:12:47.122,0.2,buy,5750.66,BTC-27DEC19-12000-C,72.45,0.0395,0.2,0,1557036767122,18855695,80
2019-05-05 22:03:19.115,0.1,buy,5743.37,BTC-27DEC19-12000-C,74.02,0.0425,0.1,0,1557093799115,18903953,81
2019-05-06 13:32:11.051,14.4,buy,5634.94,BTC-27DEC19-12000-C,73.89,0.0395,14.4,2,1557149531051,18951976,82
2019-05-06 13:32:11.051,0.1,buy,5634.94,BTC-27DEC19-12000-C,73.89,0.0395,0.1,3,1557149531051,18951977,83
2019-05-06 14:49:53.383,0.1,buy,5655.97,BTC-27DEC19-12000-C,74.1,0.0405,0.1,0,1557154193383,18954984,84
2019-05-06 21:14:58.796,2.5,buy,5683.93,BTC-27DEC19-12000-C,74.19,0.0415,2.5,0,1557177298796,18983602,85
2019-05-06 22:32:28.566,2.5,buy,5717.0,BTC-27DEC19-12000-C,74.08,0.042,2.5,0,1557181948566,18985438,86
2019-05-07 01:01:39.676,5.0,buy,5755.36,BTC-27DEC19-12000-C,73.96,0.0425,5.0,0,1557190899676,18992072,87
2019-05-07 07:34:44.063,1.0,sell,5855.15,BTC-27DEC19-12000-C,74.08,0.045,1.0,0,1557214484063,19032469,88
2019-05-08 01:12:58.030,5.0,buy,5793.86,BTC-27DEC19-12000-C,76.17,0.0465,5.0,0,1557277978030,19121659,89
2019-05-08 23:25:42.021,4.9,buy,5973.47,BTC-27DEC19-12000-C,74.72,0.047,4.9,0,1557357942021,19181014,90
2019-05-08 23:25:42.021,5.0,buy,5973.47,BTC-27DEC19-12000-C,75.42,0.0485,5.0,0,1557357942021,19181015,91
2019-05-08 23:25:42.160,0.1,sell,5973.47,BTC-27DEC19-12000-C,75.42,0.0485,0.1,1,1557357942160,19181016,92
2019-05-09 04:58:31.248,0.2,buy,6055.49,BTC-27DEC19-12000-C,75.22,0.05,0.2,0,1557377911248,19220405,93
2019-05-09 21:35:38.211,4.9,buy,6116.4,BTC-27DEC19-12000-C,75.26,0.051,4.9,0,1557437738211,19267372,94
2019-05-09 21:35:38.211,5.1000000000000005,buy,6116.4,BTC-27DEC19-12000-C,75.71,0.052000000000000005,5.1000000000000005,0,1557437738211,19267373,95
2019-05-09 21:36:07.314,0.1,buy,6118.27,BTC-27DEC19-12000-C,75.66,0.052000000000000005,0.1,1,1557437767314,19267550,96
2019-05-10 02:25:03.552,4.9,sell,6205.32,BTC-27DEC19-12000-C,73.31,0.0485,4.9,2,1557455103552,19293221,97
2019-05-10 02:31:37.740,4.9,sell,6201.83,BTC-27DEC19-12000-C,72.86,0.0475,4.9,2,1557455497740,19295450,98
2019-05-10 02:31:57.585,0.2,sell,6202.86,BTC-27DEC19-12000-C,72.61,0.047,0.2,2,1557455517585,19295472,99
2019-05-10 02:33:32.502,5.0,sell,6205.48,BTC-27DEC19-12000-C,72.79,0.0475,5.0,0,1557455612502,19295634,100
2019-05-10 02:34:19.489,4.9,sell,6209.84,BTC-27DEC19-12000-C,72.97,0.048,4.9,0,1557455659489,19295725,101
2019-05-10 02:35:49.185,3.0,sell,6215.77,BTC-27DEC19-12000-C,72.66,0.0475,3.0,2,1557455749185,19295868,102
2019-05-10 02:42:01.653,2.9,buy,6234.49,BTC-27DEC19-12000-C,74.99,0.053,2.9,0,1557456121653,19296739,103
2019-05-11 01:56:42.251,1.0,buy,6464.21,BTC-27DEC19-12000-C,76.01,0.0605,1.0,0,1557539802251,19423888,104
2019-05-11 01:56:42.251,4.0,buy,6464.21,BTC-27DEC19-12000-C,76.22,0.061,4.0,0,1557539802251,19423889,105
2019-05-11 06:08:13.011,4.0,buy,6790.06,BTC-27DEC19-12000-C,71.62,0.0585,4.0,2,1557554893011,19478396,106
2019-05-11 06:09:03.878,4.0,buy,6816.47,BTC-27DEC19-12000-C,72.78,0.0625,4.0,0,1557554943878,19481034,107
2019-05-11 09:34:40.305,1.0,buy,6767.55,BTC-27DEC19-12000-C,76.37,0.07,1.0,0,1557567280305,19544330,108
2019-05-11 09:36:15.825,1.0,buy,6781.52,BTC-27DEC19-12000-C,76.45,0.0705,1.0,0,1557567375825,19544447,109
2019-05-11 10:34:28.846,2.0,buy,6844.6,BTC-27DEC19-12000-C,75.84,0.071,2.0,0,1557570868846,19551235,110
2019-05-11 16:23:33.795,5.0,buy,6986.27,BTC-27DEC19-12000-C,77.71,0.081,5.0,0,1557591813795,19602213,111
2019-05-11 21:02:38.362,3.2,sell,6962.63,BTC-27DEC19-12000-C,77.54,0.08,3.2,2,1557608558362,19638474,112
2019-05-11 21:25:05.291,1.8,sell,6954.73,BTC-27DEC19-12000-C,77.63,0.08,1.8,3,1557609905291,19639425,113
2019-05-12 05:55:41.928,0.1,buy,7324.49,BTC-27DEC19-12000-C,85.21,0.112,0.1,0,1557640541928,19817183,114
