date_utc,amount,direction,indexPrice,instrument,iv,price,quantity,tickDirection,timeStamp,tradeId,tradeSeq
2019-02-18 01:47:14.436,2.0,buy,3646.83,BTC-28JUN19-11000-C,74.24,0.0015,2.0,1,1550454434436,15480108,156
2019-02-18 18:12:37.217,3.0,sell,3882.04,BTC-28JUN19-11000-C,67.58,0.001,3.0,2,1550513557217,15571705,157
2019-02-18 23:01:56.188,3.0,sell,3865.04,BTC-28JUN19-11000-C,67.73,0.001,3.0,3,1550530916188,15585068,158
2019-02-22 07:47:54.072,6.0,sell,3890.6,BTC-28JUN19-11000-C,71.41,0.0015,6.0,0,1550821674072,15759694,159
2019-02-27 20:34:26.217,2.0,sell,3716.89,BTC-28JUN19-11000-C,76.03,0.0015,2.0,1,1551299666217,16067600,160
2019-02-27 22:07:08.516,7.9,sell,3746.06,BTC-28JUN19-11000-C,75.65,0.0015,7.9,1,1551305228516,16081344,161
2019-03-05 07:12:38.835,3.0,sell,3710.1,BTC-28JUN19-11000-C,77.83,0.0015,3.0,1,1551769958835,16250630,162
2019-03-05 07:12:41.435,3.0,sell,3709.96,BTC-28JUN19-11000-C,77.84,0.0015,3.0,1,1551769961435,16250640,163
2019-03-08 19:40:11.559,1.0,buy,3890.56,BTC-28JUN19-11000-C,76.12,0.0015,1.0,1,1552074011559,16391571,164
2019-03-09 01:31:03.473,1.0,sell,3856.92,BTC-28JUN19-11000-C,73.36,0.001,1.0,2,1552095063473,16410185,165
2019-03-09 07:28:16.998,3.0,sell,3904.91,BTC-28JUN19-11000-C,72.7,0.001,3.0,3,1552116496998,16419323,166
2019-03-09 07:31:10.995,3.0,sell,3905.46,BTC-28JUN19-11000-C,72.7,0.001,3.0,3,1552116670995,16419389,167
2019-03-10 18:32:12.345,2.0,sell,3880.33,BTC-28JUN19-11000-C,73.65,0.001,2.0,3,1552242732345,16465602,168
2019-03-18 15:59:52.618,6.9,buy,3966.42,BTC-28JUN19-11000-C,75.16,0.001,6.9,3,1552924792618,16691500,169
2019-03-18 15:59:52.710,5.1000000000000005,sell,3966.42,BTC-28JUN19-11000-C,75.16,0.001,5.1000000000000005,3,1552924792710,16691501,170
2019-03-18 15:59:54.829,6.9,sell,3966.42,BTC-28JUN19-11000-C,75.16,0.001,6.9,3,1552924794829,16691502,171
2019-03-19 10:34:09.997,6.9,sell,3975.99,BTC-28JUN19-11000-C,75.19,0.001,6.9,3,1552991649997,16703343,172
2019-03-20 15:19:58.409,0.1,sell,4000.38,BTC-28JUN19-11000-C,75.27,0.001,0.1,3,1553095198409,16733661,173
2019-03-21 14:45:52.399,3.0,sell,3976.93,BTC-28JUN19-11000-C,76.26,0.001,3.0,3,1553179552399,16759767,174
2019-03-23 07:08:49.170,6.9,sell,3992.84,BTC-28JUN19-11000-C,76.54,0.001,6.9,3,1553324929170,16789163,175
2019-03-23 07:12:43.848,3.1,sell,3994.45,BTC-28JUN19-11000-C,76.54,0.001,3.1,3,1553325163848,16789222,176
2019-03-27 18:04:31.592,6.9,buy,4010.43,BTC-28JUN19-11000-C,78.16,0.001,6.9,3,1553709871592,16867306,177
2019-03-28 11:59:56.397,6.9,buy,4001.31,BTC-28JUN19-11000-C,78.58,0.001,6.9,3,1553774396397,16924687,178
2019-03-28 12:17:33.151,6.9,sell,4003.55,BTC-28JUN19-11000-C,78.56,0.001,6.9,3,1553775453151,16924779,179
2019-03-29 14:26:25.253,6.9,buy,4077.56,BTC-28JUN19-11000-C,77.73,0.001,6.9,3,1553869585253,16958816,180
2019-03-29 14:26:25.346,6.9,sell,4077.56,BTC-28JUN19-11000-C,77.73,0.001,6.9,3,1553869585346,16958817,181
2019-03-29 14:26:27.412,6.9,sell,4077.56,BTC-28JUN19-11000-C,77.73,0.001,6.9,3,1553869587412,16958821,182
2019-04-01 18:46:00.436,1.0,buy,4133.66,BTC-28JUN19-11000-C,82.15,0.0015,1.0,0,1554144360436,17009925,183
2019-04-02 05:20:35.318,1.0,buy,4979.1,BTC-28JUN19-11000-C,70.97,0.002,1.0,0,1554182435318,17058214,184
2019-04-03 02:22:28.091,1.0,buy,5011.32,BTC-28JUN19-11000-C,81.24,0.005,1.0,0,1554258148091,17168798,185
2019-04-03 06:45:00.562,0.4,buy,4976.3,BTC-28JUN19-11000-C,85.43,0.0065,0.4,0,1554273900562,17189860,186
2019-04-03 20:46:01.404,1.0,sell,5242.88,BTC-28JUN19-11000-C,70.18,0.0025,1.0,2,1554324361404,17236988,187
2019-04-04 00:55:28.350,0.3,buy,5006.14,BTC-28JUN19-11000-C,87.51,0.0075,0.3,0,1554339328350,17282069,189
2019-04-04 00:55:28.350,0.2,buy,5006.14,BTC-28JUN19-11000-C,85.39,0.0065,0.2,0,1554339328350,17282068,188
2019-04-07 07:45:03.400,0.1,buy,5141.85,BTC-28JUN19-11000-C,80.8,0.005,0.1,2,1554623103400,17459804,190
2019-04-07 09:02:40.675,0.9,buy,5171.75,BTC-28JUN19-11000-C,80.35,0.005,0.9,3,1554627760675,17461647,191
2019-04-08 02:25:44.502,1.1,buy,5324.55,BTC-28JUN19-11000-C,83.65,0.0075,1.1,0,1554690344502,17507099,192
2019-04-10 14:36:57.617,2.0,sell,5266.4,BTC-28JUN19-11000-C,80.58,0.005,2.0,2,1554907017617,17602066,193
2019-04-10 21:12:55.738,0.5,sell,5293.31,BTC-28JUN19-11000-C,80.3,0.005,0.5,3,1554930775738,17643423,194
2019-04-11 18:34:18.268,33.8,sell,5068.85,BTC-28JUN19-11000-C,87.51,0.006,33.8,0,1555007658268,17710491,195
2019-04-12 05:41:52.359,1.5,sell,5008.56,BTC-28JUN19-11000-C,79.59,0.003,1.5,2,1555047712359,17738235,196
2019-04-23 05:55:02.009,1.0,buy,5544.67,BTC-28JUN19-11000-C,81.92,0.0045,1.0,0,1555998902009,18098200,197
2019-04-23 22:49:43.491,12.0,buy,5559.86,BTC-28JUN19-11000-C,82.18,0.0045,12.0,1,1556059783491,18130393,198
2019-04-24 18:10:54.003,3.1,sell,5416.22,BTC-28JUN19-11000-C,69.47,0.001,3.1,2,1556129454003,18188176,199
2019-05-02 15:47:22.157,0.2,sell,5402.74,BTC-28JUN19-11000-C,79.06,0.0015,0.2,0,1556812042157,18559629,200
2019-05-02 15:47:22.157,2.8000000000000003,sell,5402.74,BTC-28JUN19-11000-C,79.06,0.0015,2.8000000000000003,1,1556812042157,18559630,201
2019-05-03 09:10:03.279,0.9,buy,5670.21,BTC-28JUN19-11000-C,77.29,0.002,0.9,1,1556874603279,18638868,204
2019-05-03 09:10:03.279,1.0,buy,5670.21,BTC-28JUN19-11000-C,77.29,0.002,1.0,1,1556874603279,18638867,203
2019-05-03 09:10:03.279,0.1,buy,5670.21,BTC-28JUN19-11000-C,77.29,0.002,0.1,0,1556874603279,18638866,202
2019-05-03 09:47:10.761,9.1,buy,5742.7,BTC-28JUN19-11000-C,76.21,0.002,9.1,1,1556876830761,18650942,205
2019-05-06 21:37:30.784,0.1,buy,5684.07,BTC-28JUN19-11000-C,86.14,0.0035,0.1,0,1557178650784,18984187,207
2019-05-06 21:37:30.784,1.8,buy,5684.07,BTC-28JUN19-11000-C,86.14,0.0035,1.8,1,1557178650784,18984188,208
2019-05-06 21:37:30.784,0.1,buy,5684.07,BTC-28JUN19-11000-C,84.15,0.003,0.1,0,1557178650784,18984186,206
2019-05-07 16:39:29.814,0.1,sell,5879.43,BTC-28JUN19-11000-C,79.21,0.0025,0.1,2,1557247169814,19067063,209
2019-05-09 16:45:06.274,0.1,buy,6033.72,BTC-28JUN19-11000-C,81.0,0.003,0.1,0,1557420306274,19253821,210
2019-05-09 17:15:27.670,10.0,buy,6045.4,BTC-28JUN19-11000-C,80.77,0.003,10.0,1,1557422127670,19255405,211
2019-05-09 18:18:04.584,1.0,buy,6044.56,BTC-28JUN19-11000-C,80.85,0.003,1.0,1,1557425884584,19257993,212
2019-05-10 00:02:26.419,0.1,buy,6157.84,BTC-28JUN19-11000-C,81.23,0.0035,0.1,0,1557446546419,19281408,213
2019-05-10 00:02:26.419,0.2,buy,6157.84,BTC-28JUN19-11000-C,81.23,0.0035,0.2,1,1557446546419,19281410,215
2019-05-10 00:02:26.419,10.0,buy,6157.84,BTC-28JUN19-11000-C,81.23,0.0035,10.0,1,1557446546419,19281409,214
2019-05-10 00:02:26.482,0.1,buy,6157.84,BTC-28JUN19-11000-C,82.99,0.004,0.1,0,1557446546482,19281413,216
2019-05-10 00:02:26.482,10.0,buy,6157.84,BTC-28JUN19-11000-C,82.99,0.004,10.0,1,1557446546482,19281414,217
2019-05-10 04:52:43.053,0.1,buy,6283.07,BTC-28JUN19-11000-C,82.72,0.0045,0.1,0,1557463963053,19320760,218
2019-05-10 04:52:43.053,0.2,buy,6283.07,BTC-28JUN19-11000-C,82.72,0.0045,0.2,1,1557463963053,19320761,219
2019-05-10 04:53:01.599,2.0,buy,6285.08,BTC-28JUN19-11000-C,84.18,0.005,2.0,1,1557463981599,19320776,221
2019-05-10 04:53:01.599,0.1,buy,6285.08,BTC-28JUN19-11000-C,84.18,0.005,0.1,0,1557463981599,19320775,220
2019-05-10 05:12:30.407,0.3,buy,6282.23,BTC-28JUN19-11000-C,85.67,0.0055,0.3,0,1557465150407,19322880,222
2019-05-10 05:12:30.617,4.0,sell,6282.23,BTC-28JUN19-11000-C,85.67,0.0055,4.0,1,1557465150617,19322881,223
2019-05-10 05:12:31.053,0.7000000000000001,sell,6282.23,BTC-28JUN19-11000-C,85.67,0.0055,0.7000000000000001,1,1557465151053,19322882,224
2019-05-10 07:20:44.894,12.1,buy,6296.48,BTC-28JUN19-11000-C,86.82,0.006,12.1,1,1557472844894,19331468,227
2019-05-10 07:20:44.894,1.0,buy,6296.48,BTC-28JUN19-11000-C,86.82,0.006,1.0,0,1557472844894,19331466,225
2019-05-10 07:20:44.894,6.9,buy,6296.48,BTC-28JUN19-11000-C,86.82,0.006,6.9,1,1557472844894,19331467,226
2019-05-10 10:33:17.342,0.1,sell,6298.16,BTC-28JUN19-11000-C,81.15,0.004,0.1,2,1557484397342,19348806,228
2019-05-10 16:22:40.212,0.1,buy,6347.67,BTC-28JUN19-11000-C,83.44,0.005,0.1,0,1557505360212,19372218,229
2019-05-10 22:35:33.986,0.1,buy,6353.42,BTC-28JUN19-11000-C,83.6,0.005,0.1,1,1557527733986,19412439,230
2019-05-11 02:00:07.888,0.8,buy,6484.49,BTC-28JUN19-11000-C,81.18,0.005,0.8,1,1557540007888,19424782,231
2019-05-11 05:19:38.085,1.0,buy,6700.07,BTC-28JUN19-11000-C,79.74,0.006,1.0,0,1557551978085,19465745,232
2019-05-11 05:19:38.890,0.1,buy,6700.07,BTC-28JUN19-11000-C,80.95,0.0065,0.1,0,1557551978890,19465751,233
2019-05-11 05:19:40.287,0.2,buy,6700.16,BTC-28JUN19-11000-C,80.95,0.0065,0.2,1,1557551980287,19465763,234
2019-05-11 10:15:50.237,1.0,buy,6838.66,BTC-28JUN19-11000-C,79.55,0.006999999999999999,1.0,0,1557569750237,19549022,235
2019-05-11 10:40:56.579,0.9,sell,6814.02,BTC-28JUN19-11000-C,80.15,0.006999999999999999,0.9,1,1557571256579,19552049,236
2019-05-11 10:58:19.338,1.0,buy,6840.98,BTC-28JUN19-11000-C,82.89,0.0085,1.0,0,1557572299338,19554021,237
2019-05-11 12:39:43.959,1.0,buy,6764.79,BTC-28JUN19-11000-C,85.06,0.009000000000000001,1.0,0,1557578383959,19564212,238
2019-05-11 14:25:05.966,0.2,sell,6792.94,BTC-28JUN19-11000-C,84.39,0.009000000000000001,0.2,1,1557584705966,19572553,239
2019-05-11 15:27:02.823,1.0,buy,6858.78,BTC-28JUN19-11000-C,84.96,0.01,1.0,0,1557588422823,19580235,240
2019-05-11 15:27:02.823,1.0,buy,6858.78,BTC-28JUN19-11000-C,84.96,0.01,1.0,1,1557588422823,19580236,241
2019-05-11 16:16:03.631,1.0,buy,6992.74,BTC-28JUN19-11000-C,85.82,0.012,1.0,0,1557591363631,19596767,242
2019-05-11 18:05:18.249,1.0,buy,6974.98,BTC-28JUN19-11000-C,90.84,0.015,1.0,0,1557597918249,19618681,243
2019-05-11 18:16:06.458,20.9,buy,7013.35,BTC-28JUN19-11000-C,93.58,0.0175,20.9,0,1557598566458,19621379,244
2019-05-11 18:41:15.772,1.0,sell,6981.52,BTC-28JUN19-11000-C,88.58,0.0135,1.0,2,1557600075772,19627031,245
2019-05-11 22:55:22.324,1.0,buy,7284.86,BTC-28JUN19-11000-C,88.39,0.018000000000000002,1.0,0,1557615322324,19688869,246
2019-05-11 23:23:59.420,0.3,sell,7379.14,BTC-28JUN19-11000-C,83.97,0.0155,0.3,2,1557617039420,19708549,247
2019-05-12 00:10:07.072,2.0,buy,7303.4,BTC-28JUN19-11000-C,91.81,0.0205,2.0,0,1557619807072,19735807,248
2019-05-12 00:10:12.183,1.0,buy,7303.81,BTC-28JUN19-11000-C,93.7,0.022000000000000002,1.0,0,1557619812183,19735813,249
2019-05-12 00:20:11.449,5.0,buy,7279.43,BTC-28JUN19-11000-C,94.8,0.0225,5.0,0,1557620411449,19739281,250
2019-05-12 01:11:02.674,10.0,buy,7158.41,BTC-28JUN19-11000-C,96.94,0.022000000000000002,10.0,2,1557623462674,19770390,251
2019-05-12 01:24:14.079,10.0,sell,7108.29,BTC-28JUN19-11000-C,89.97,0.016,10.0,2,1557624254079,19774931,252
2019-05-12 01:29:59.151,10.0,sell,7126.77,BTC-28JUN19-11000-C,88.26,0.015,10.0,2,1557624599151,19776897,253
2019-05-12 01:44:48.256,10.0,buy,7208.41,BTC-28JUN19-11000-C,90.17,0.0175,10.0,0,1557625488256,19779905,254
2019-05-12 07:24:00.658,2.0,buy,7509.38,BTC-28JUN19-11000-C,88.69,0.0205,2.0,0,1557645840658,19835231,255
2019-05-12 08:15:12.813,31.0,buy,7359.61,BTC-28JUN19-11000-C,92.23,0.021,31.0,0,1557648912813,19852717,256
2019-05-12 08:18:15.952,1.0,sell,7367.2,BTC-28JUN19-11000-C,90.92,0.02,1.0,2,1557649095952,19855060,257
2019-05-12 08:18:19.911,1.0,sell,7366.82,BTC-28JUN19-11000-C,90.97,0.02,1.0,3,1557649099911,19855085,258
2019-05-13 07:20:01.763,1.1,sell,7049.79,BTC-28JUN19-11000-C,86.82,0.0125,1.1,2,1557732001763,20140235,259
2019-05-13 15:09:32.202,3.5,buy,7693.91,BTC-28JUN19-11000-C,83.9,0.0195,3.5,0,1557760172202,20210478,260
2019-05-13 15:15:06.011,7.8,sell,7841.2,BTC-28JUN19-11000-C,88.07,0.027000000000000003,7.8,0,1557760506011,20221470,261
2019-05-13 15:36:33.218,1.0,buy,7810.68,BTC-28JUN19-11000-C,89.94,0.027000000000000003,1.0,1,1557761793218,20237658,262
2019-05-13 16:06:21.378,1.0,buy,7930.0,BTC-28JUN19-11000-C,90.44,0.03,1.0,0,1557763581378,20251154,263
2019-05-13 17:34:18.195,20.0,buy,7833.68,BTC-28JUN19-11000-C,97.68,0.035,20.0,0,1557768858195,20282648,264
2019-05-13 20:41:06.512,4.0,sell,7884.1,BTC-28JUN19-11000-C,95.86,0.034,4.0,2,1557780066512,20308145,265
2019-05-13 21:26:04.698,1.0,buy,8043.84,BTC-28JUN19-11000-C,97.7,0.04,1.0,0,1557782764698,20318048,266
2019-05-13 21:50:13.141,1.0,buy,8103.68,BTC-28JUN19-11000-C,101.05,0.045,1.0,0,1557784213141,20328773,267
2019-05-13 23:13:05.227,6.4,sell,7702.45,BTC-28JUN19-11000-C,98.12,0.033,6.4,2,1557789185227,20357565,268
2019-05-13 23:13:05.229,3.6,buy,7702.45,BTC-28JUN19-11000-C,97.61,0.0325,3.6,2,1557789185229,20357566,269
2019-05-14 00:43:29.174,20.0,buy,7959.93,BTC-28JUN19-11000-C,103.35,0.044000000000000004,20.0,0,1557794609174,20379804,270
2019-05-14 07:05:01.021,1.0,buy,8119.26,BTC-28JUN19-11000-C,104.27,0.05,1.0,0,1557817501021,20439994,271
2019-05-14 07:52:41.212,0.2,buy,8232.21,BTC-28JUN19-11000-C,104.7,0.053,0.2,0,1557820361212,20455991,272
2019-05-14 10:39:45.524,0.1,sell,7977.21,BTC-28JUN19-11000-C,103.9,0.045,0.1,2,1557830385524,20502765,273
2019-05-14 10:48:35.202,3.8,buy,8018.33,BTC-28JUN19-11000-C,108.11,0.051,3.8,0,1557830915202,20503776,274
2019-05-14 14:21:54.223,24.9,sell,8125.32,BTC-28JUN19-11000-C,103.61,0.048,24.9,2,1557843714223,20527092,275
2019-05-14 14:52:58.886,1.0,buy,8025.25,BTC-28JUN19-11000-C,98.78,0.04,1.0,2,1557845578886,20535270,276
2019-05-15 06:46:03.590,0.7000000000000001,buy,8012.9,BTC-28JUN19-11000-C,106.21,0.0475,0.7000000000000001,0,1557902763590,20671857,277
2019-05-15 09:55:16.180,0.3,buy,8063.63,BTC-28JUN19-11000-C,105.26,0.0475,0.3,1,1557914116180,20690866,278
2019-05-15 10:49:43.682,0.2,buy,8092.0,BTC-28JUN19-11000-C,108.26,0.0515,0.2,0,1557917383682,20698362,279
2019-05-15 18:17:07.783,10.0,sell,8080.8,BTC-28JUN19-11000-C,94.79,0.036000000000000004,10.0,2,1557944227783,20750150,280
2019-05-16 00:49:32.768,0.1,buy,8318.1,BTC-28JUN19-11000-C,94.85,0.042,0.1,0,1557967772768,20814397,281
2019-05-16 10:57:14.361,0.5,buy,7856.95,BTC-28JUN19-11000-C,101.41,0.038,0.5,2,1558004234361,20914601,282
2019-05-16 12:55:31.780,0.5,sell,7805.62,BTC-28JUN19-11000-C,97.94,0.033,0.5,2,1558011331780,20926857,283
2019-05-16 14:39:49.611,3.0,buy,7972.07,BTC-28JUN19-11000-C,100.18,0.039,3.0,0,1558017589611,20939457,284
2019-05-16 16:40:59.650,0.4,sell,7926.0,BTC-28JUN19-11000-C,101.04,0.0385,0.4,2,1558024859650,20953179,285
2019-05-17 10:30:42.967,0.1,sell,7199.49,BTC-28JUN19-11000-C,107.36,0.027999999999999997,0.1,2,1558089042967,21142097,286
2019-05-17 11:41:38.922,0.4,sell,7130.75,BTC-28JUN19-11000-C,104.96,0.025,0.4,2,1558093298922,21152262,287
2019-05-17 11:45:53.036,0.5,sell,7141.28,BTC-28JUN19-11000-C,104.11,0.0245,0.5,2,1558093553036,21153320,288
2019-05-17 12:08:16.005,0.5,sell,7071.14,BTC-28JUN19-11000-C,103.67,0.023,0.5,2,1558094896005,21158206,289
2019-05-17 12:28:17.528,0.3,sell,6942.07,BTC-28JUN19-11000-C,103.01,0.0205,0.3,2,1558096097528,21166977,290
2019-05-17 16:30:56.685,10.0,sell,7175.77,BTC-28JUN19-11000-C,104.96,0.0255,10.0,0,1558110656685,21197064,291
2019-05-17 16:30:57.316,10.0,buy,7175.76,BTC-28JUN19-11000-C,104.96,0.0255,10.0,1,1558110657316,21197104,292
2019-05-17 16:32:11.399,5.0,buy,7197.12,BTC-28JUN19-11000-C,104.38,0.0255,5.0,1,1558110731399,21197360,293
2019-05-17 20:44:55.684,2.0,buy,7095.58,BTC-28JUN19-11000-C,105.92,0.0245,2.0,2,1558125895684,21230002,294
2019-05-19 05:18:52.594,0.2,sell,7970.7,BTC-28JUN19-11000-C,101.94,0.036000000000000004,0.2,0,1558243132594,21375007,295
2019-05-19 21:15:32.160,0.2,buy,8056.45,BTC-28JUN19-11000-C,102.28,0.039,0.2,0,1558300532160,21456762,296
2019-05-19 23:05:50.554,3.0,buy,8273.99,BTC-28JUN19-11000-C,101.65,0.045,3.0,0,1558307150554,21474353,297
2019-05-19 23:43:38.500,5.0,sell,8198.87,BTC-28JUN19-11000-C,105.71,0.047,5.0,0,1558309418500,21483373,298
2019-05-19 23:44:09.500,5.0,sell,8188.52,BTC-28JUN19-11000-C,105.91,0.047,5.0,1,1558309449500,21483504,299
2019-05-20 04:47:57.900,10.0,buy,8072.57,BTC-28JUN19-11000-C,105.49,0.0425,10.0,2,1558327677900,21528364,300
2019-05-20 04:47:57.900,10.0,buy,8072.57,BTC-28JUN19-11000-C,105.49,0.0425,10.0,3,1558327677900,21528365,301
2019-05-20 15:08:03.219,0.3,buy,7809.08,BTC-28JUN19-11000-C,109.29,0.0395,0.3,2,1558364883219,21596196,302
2019-05-20 18:13:38.204,0.9,sell,7770.3,BTC-28JUN19-11000-C,106.91,0.036000000000000004,0.9,2,1558376018204,21608251,303
2019-05-20 18:19:00.702,0.1,sell,7769.05,BTC-28JUN19-11000-C,106.91,0.036000000000000004,0.1,3,1558376340702,21608348,304
2019-05-20 18:40:38.646,3.0,sell,7703.0,BTC-28JUN19-11000-C,107.08,0.0345,3.0,2,1558377638646,21609704,305
2019-05-21 02:44:14.432,1.0,sell,7897.98,BTC-28JUN19-11000-C,104.76,0.036000000000000004,1.0,0,1558406654432,21663377,306
2019-05-21 05:07:40.248,0.2,sell,7858.45,BTC-28JUN19-11000-C,100.87,0.0315,0.2,2,1558415260248,21670301,307
2019-05-21 15:46:38.273,0.3,sell,7919.36,BTC-28JUN19-11000-C,99.31,0.031,0.3,2,1558453598273,21705507,308
2019-05-21 18:54:49.642,1.0,sell,8025.07,BTC-28JUN19-11000-C,98.82,0.0325,1.0,0,1558464889642,21717904,309
2019-05-21 23:38:53.354,0.1,sell,7997.14,BTC-28JUN19-11000-C,98.76,0.0315,0.1,2,1558481933354,21736306,310
2019-05-22 04:50:15.104,1.0,buy,7934.12,BTC-28JUN19-11000-C,99.87,0.031,1.0,2,1558500615104,21747354,311
2019-05-22 17:15:50.384,5.0,sell,7926.45,BTC-28JUN19-11000-C,96.32,0.0275,5.0,2,1558545350384,21789822,312
2019-05-22 23:57:48.628,0.2,buy,7637.2,BTC-28JUN19-11000-C,103.11,0.027000000000000003,0.2,2,1558569468628,21850488,313
2019-05-23 07:42:23.415,2.0,sell,7612.32,BTC-28JUN19-11000-C,97.96,0.022,2.0,2,1558597343415,21877461,314
2019-05-23 14:07:21.337,1.0,buy,7702.63,BTC-28JUN19-11000-C,98.82,0.024,1.0,0,1558620441337,21902903,315
2019-05-24 07:19:02.621,0.1,sell,7885.82,BTC-28JUN19-11000-C,93.17,0.0225,0.1,2,1558682342621,21967493,316
2019-05-24 07:21:53.335,0.2,buy,7880.9,BTC-28JUN19-11000-C,95.92,0.0245,0.2,0,1558682513335,21967616,317
2019-05-24 07:21:53.335,0.8,buy,7880.9,BTC-28JUN19-11000-C,97.16,0.0255,0.8,0,1558682513335,21967617,318
2019-05-24 15:01:50.713,10.0,sell,8084.82,BTC-28JUN19-11000-C,91.16,0.0245,10.0,2,1558710110713,21993907,319
2019-05-24 15:13:37.449,0.1,buy,8106.66,BTC-28JUN19-11000-C,92.52,0.026,0.1,0,1558710817449,21995511,320
2019-05-25 00:34:56.406,9.8,buy,7992.82,BTC-28JUN19-11000-C,96.5,0.0265,9.8,0,1558744496406,22031327,322
2019-05-25 00:34:56.406,0.2,buy,7992.82,BTC-28JUN19-11000-C,94.66,0.025,0.2,2,1558744496406,22031326,321
2019-05-25 07:11:19.992,0.1,buy,7968.88,BTC-28JUN19-11000-C,95.68,0.025,0.1,2,1558768279992,22041284,323
2019-05-25 08:50:20.249,30.0,sell,8020.89,BTC-28JUN19-11000-C,94.39,0.025,30.0,3,1558774220249,22043547,324
2019-05-25 08:51:17.235,0.1,buy,8025.17,BTC-28JUN19-11000-C,95.54,0.026,0.1,0,1558774277235,22043622,325
2019-05-25 09:12:45.531,0.1,buy,8024.94,BTC-28JUN19-11000-C,95.53,0.026000000000000002,0.1,1,1558775565531,22044615,326
2019-05-25 11:16:31.498,10.0,buy,8148.58,BTC-28JUN19-11000-C,95.7,0.029,10.0,0,1558782991498,22051276,327
2019-05-25 11:23:49.730,3.0,sell,8135.26,BTC-28JUN19-11000-C,93.4,0.0265,3.0,2,1558783429730,22051673,328
2019-05-25 17:41:32.888,0.1,sell,8047.32,BTC-28JUN19-11000-C,90.41,0.022,0.1,2,1558806092888,22064977,329
2019-05-26 09:44:00.947,0.5,buy,8014.59,BTC-28JUN19-11000-C,92.84,0.0225,0.5,0,1558863840947,22093351,330
2019-05-26 16:34:49.493,10.0,sell,8001.36,BTC-28JUN19-11000-C,89.08,0.019,10.0,2,1558888489493,22109547,331
2019-05-26 19:10:37.083,0.1,buy,8065.45,BTC-28JUN19-11000-C,88.33,0.0195,0.1,0,1558897837083,22113465,332
2019-05-26 19:10:37.083,2.0,buy,8065.45,BTC-28JUN19-11000-C,88.33,0.0195,2.0,1,1558897837083,22113466,333
2019-05-26 19:25:58.801,4.0,buy,8154.94,BTC-28JUN19-11000-C,86.67,0.02,4.0,0,1558898758801,22116226,334
2019-05-26 19:31:42.416,2.0,buy,8317.9,BTC-28JUN19-11000-C,86.59,0.025,2.0,0,1558899102416,22126607,335
2019-05-26 19:40:01.004,5.0,sell,8528.68,BTC-28JUN19-11000-C,86.61,0.0285,5.0,0,1558899601004,22143896,336
2019-05-26 19:41:02.558,5.0,sell,8410.9,BTC-28JUN19-11000-C,88.07,0.0275,5.0,2,1558899662558,22145743,337
2019-05-26 21:00:22.603,20.0,buy,8584.44,BTC-28JUN19-11000-C,99.58,0.043,20.0,0,1558904422603,22196928,338
2019-05-26 21:11:42.833,35.0,buy,8636.27,BTC-28JUN19-11000-C,100.65,0.0465,35.0,0,1558905102833,22202031,339
2019-05-26 21:21:16.359,19.0,buy,8593.36,BTC-28JUN19-11000-C,97.67,0.042,19.0,3,1558905676359,22204091,341
2019-05-26 21:21:16.359,1.0,buy,8593.36,BTC-28JUN19-11000-C,97.67,0.042,1.0,2,1558905676359,22204090,340
2019-05-26 21:25:11.415,29.0,buy,8619.84,BTC-28JUN19-11000-C,96.78,0.042,29.0,3,1558905911415,22204886,343
2019-05-26 21:25:11.415,1.0,buy,8619.84,BTC-28JUN19-11000-C,96.78,0.042,1.0,3,1558905911415,22204885,342
2019-05-26 23:14:58.534,0.1,buy,8726.74,BTC-28JUN19-11000-C,96.34,0.0445,0.1,0,1558912498534,22227200,344
2019-05-27 00:07:59.708,1.0,sell,8798.82,BTC-28JUN19-11000-C,92.77,0.042,1.0,2,1558915679708,22236101,345
2019-05-27 04:33:02.993,1.0,sell,8712.14,BTC-28JUN19-11000-C,94.23,0.041,1.0,2,1558931582993,22274071,346
2019-05-27 09:02:38.749,0.1,buy,8738.31,BTC-28JUN19-11000-C,100.4,0.048,0.1,0,1558947758749,22282454,347
2019-05-27 12:43:49.508,10.0,buy,8788.01,BTC-28JUN19-11000-C,99.51,0.048,10.0,1,1558961029508,22298041,348
2019-05-27 17:54:17.289,0.1,buy,8718.21,BTC-28JUN19-11000-C,102.35,0.0485,0.1,0,1558979657289,22344135,349
2019-05-27 19:03:27.046,0.1,buy,8815.76,BTC-28JUN19-11000-C,101.53,0.0505,0.1,0,1558983807046,22349541,350
2019-05-28 05:32:24.407,1.0,sell,8770.65,BTC-28JUN19-11000-C,97.1,0.044,1.0,2,1559021544407,22377758,351
2019-05-28 16:17:34.445,0.2,buy,8678.57,BTC-28JUN19-11000-C,99.72,0.042,0.2,2,1559060254445,22424618,352
2019-05-28 16:34:56.888,0.2,sell,8644.15,BTC-28JUN19-11000-C,93.67,0.0355,0.2,2,1559061296888,22426739,353
2019-05-28 18:06:43.569,1.0,sell,8716.6,BTC-28JUN19-11000-C,93.59,0.0375,1.0,0,1559066803569,22435435,354
2019-05-28 18:40:32.903,0.1,buy,8759.55,BTC-28JUN19-11000-C,99.55,0.0445,0.1,0,1559068832903,22437311,355
2019-05-28 21:04:43.292,0.2,buy,8680.92,BTC-28JUN19-11000-C,93.3,0.036000000000000004,0.2,2,1559077483292,22447503,356
2019-05-29 02:15:59.696,27.4,sell,8653.12,BTC-28JUN19-11000-C,94.0,0.035,27.4,3,1559096159696,22457867,359
2019-05-29 02:15:59.696,0.1,sell,8653.12,BTC-28JUN19-11000-C,94.0,0.035,0.1,2,1559096159696,22457865,357
2019-05-29 02:15:59.696,10.0,sell,8653.12,BTC-28JUN19-11000-C,94.0,0.035,10.0,3,1559096159696,22457866,358
2019-05-29 02:15:59.696,2.5,sell,8653.12,BTC-28JUN19-11000-C,94.0,0.035,2.5,3,1559096159696,22457868,360
2019-05-29 05:47:42.556,10.0,buy,8472.37,BTC-28JUN19-11000-C,98.45,0.0335,10.0,2,1559108862556,22477848,361
2019-05-29 05:48:45.441,10.0,buy,8468.63,BTC-28JUN19-11000-C,98.53,0.0335,10.0,3,1559108925441,22477973,362
2019-05-29 05:49:13.966,5.0,buy,8472.81,BTC-28JUN19-11000-C,98.51,0.0335,5.0,3,1559108953966,22478009,363
2019-05-29 05:49:44.461,10.0,buy,8478.02,BTC-28JUN19-11000-C,98.44,0.0335,10.0,3,1559108984461,22478032,364
2019-05-29 05:49:56.059,2.0,buy,8477.85,BTC-28JUN19-11000-C,99.02,0.034,2.0,0,1559108996059,22478038,365
2019-05-29 05:50:28.760,4.0,buy,8478.3,BTC-28JUN19-11000-C,99.02,0.034,4.0,1,1559109028760,22478064,366
2019-05-29 05:50:44.623,2.5,sell,8477.26,BTC-28JUN19-11000-C,98.48,0.0335,2.5,2,1559109044623,22478100,367
2019-05-29 06:58:02.054,0.1,sell,8514.67,BTC-28JUN19-11000-C,95.55,0.0315,0.1,2,1559113082054,22484542,368
2019-05-29 07:23:12.078,3.9,buy,8527.05,BTC-28JUN19-11000-C,98.61,0.0345,3.9,0,1559114592078,22486246,369
2019-05-29 08:15:44.504,10.0,buy,8533.31,BTC-28JUN19-11000-C,99.14,0.035,10.0,0,1559117744504,22489149,370
2019-05-29 12:57:56.254,0.1,sell,8648.72,BTC-28JUN19-11000-C,94.58,0.0335,0.1,2,1559134676254,22507681,371
2019-05-29 14:29:41.972,3.0,sell,8720.77,BTC-28JUN19-11000-C,91.63,0.033,3.0,2,1559140181972,22519107,372
2019-05-29 19:51:47.906,2.0,sell,8682.04,BTC-28JUN19-11000-C,90.85,0.0305,2.0,2,1559159507906,22535699,373
2019-05-30 00:31:49.470,0.5,buy,8658.92,BTC-28JUN19-11000-C,94.62,0.033,0.5,0,1559176309470,22549746,374
2019-05-30 00:34:14.617,0.5,buy,8680.45,BTC-28JUN19-11000-C,94.49,0.0335,0.5,0,1559176454617,22550124,375
2019-05-30 00:34:19.317,0.5,buy,8679.62,BTC-28JUN19-11000-C,94.51,0.0335,0.5,1,1559176459317,22550125,376
2019-05-30 06:01:51.569,2.0,sell,8714.54,BTC-28JUN19-11000-C,92.2,0.033,2.0,2,1559196111569,22584668,377
2019-05-30 13:45:18.676,0.2,sell,8719.31,BTC-28JUN19-11000-C,92.27,0.0325,0.2,2,1559223918676,22603977,378
2019-05-30 13:45:23.715,0.2,sell,8719.5,BTC-28JUN19-11000-C,92.26,0.0325,0.2,3,1559223923715,22603980,379
2019-05-30 13:45:51.311,0.2,sell,8719.66,BTC-28JUN19-11000-C,92.26,0.0325,0.2,3,1559223951311,22603983,380
2019-05-30 13:45:53.904,0.2,sell,8719.65,BTC-28JUN19-11000-C,92.26,0.0325,0.2,3,1559223953904,22603984,381
2019-05-30 13:46:15.235,0.2,sell,8719.93,BTC-28JUN19-11000-C,92.26,0.0325,0.2,3,1559223975235,22603990,382
2019-05-30 13:46:18.676,0.2,sell,8719.93,BTC-28JUN19-11000-C,92.27,0.0325,0.2,3,1559223978676,22603991,383
2019-05-30 13:46:22.085,0.2,sell,8720.48,BTC-28JUN19-11000-C,92.26,0.0325,0.2,3,1559223982085,22603992,384
2019-05-30 13:48:55.343,0.2,sell,8729.42,BTC-28JUN19-11000-C,92.1,0.0325,0.2,3,1559224135343,22604057,385
2019-05-30 13:49:16.923,0.2,sell,8730.12,BTC-28JUN19-11000-C,92.09,0.0325,0.2,3,1559224156923,22604064,386
2019-05-30 13:49:16.930,0.2,sell,8730.12,BTC-28JUN19-11000-C,92.09,0.0325,0.2,3,1559224156930,22604065,387
2019-05-30 13:49:28.568,0.2,sell,8730.84,BTC-28JUN19-11000-C,92.06,0.0325,0.2,3,1559224168568,22604075,388
2019-05-30 13:49:31.540,0.2,sell,8731.35,BTC-28JUN19-11000-C,92.04,0.0325,0.2,3,1559224171540,22604076,389
2019-05-30 13:49:34.444,0.2,sell,8731.35,BTC-28JUN19-11000-C,92.05,0.0325,0.2,3,1559224174444,22604077,390
2019-05-30 13:49:36.865,0.2,sell,8731.35,BTC-28JUN19-11000-C,92.05,0.0325,0.2,3,1559224176865,22604078,391
2019-05-30 14:10:40.626,0.1,buy,8722.52,BTC-28JUN19-11000-C,95.33,0.035,0.1,0,1559225440626,22604712,392
2019-05-30 14:43:50.382,0.1,buy,8732.51,BTC-28JUN19-11000-C,92.78,0.033,0.1,2,1559227430382,22605638,393
2019-05-30 15:00:29.247,0.2,sell,8729.99,BTC-28JUN19-11000-C,91.74,0.032,0.2,2,1559228429247,22606946,394
2019-05-30 15:22:00.749,0.1,buy,8746.52,BTC-28JUN19-11000-C,93.61,0.034,0.1,0,1559229720749,22608623,395
2019-05-30 16:16:36.832,5.0,sell,8651.1,BTC-28JUN19-11000-C,94.08,0.0315,5.0,2,1559232996832,22636477,396
2019-05-30 16:16:49.647,5.0,sell,8635.51,BTC-28JUN19-11000-C,94.16,0.031,5.0,2,1559233009647,22637339,397
2019-05-30 16:17:09.353,3.3000000000000003,sell,8600.94,BTC-28JUN19-11000-C,94.67,0.0305,3.3000000000000003,3,1559233029353,22638272,399
2019-05-30 16:17:09.353,8.0,sell,8600.94,BTC-28JUN19-11000-C,94.67,0.0305,8.0,2,1559233029353,22638271,398
2019-05-30 16:17:09.389,4.2,sell,8600.94,BTC-28JUN19-11000-C,94.67,0.0305,4.2,3,1559233029389,22638276,401
2019-05-30 16:17:09.389,6.7,sell,8600.94,BTC-28JUN19-11000-C,94.67,0.0305,6.7,3,1559233029389,22638275,400
2019-05-30 17:07:46.675,5.0,sell,8572.34,BTC-28JUN19-11000-C,95.21,0.0305,5.0,3,1559236066675,22661978,403
2019-05-30 17:07:46.675,0.8,sell,8572.34,BTC-28JUN19-11000-C,95.21,0.0305,0.8,3,1559236066675,22661977,402
2019-05-30 21:35:09.756,2.0,buy,8139.94,BTC-28JUN19-11000-C,100.42,0.0245,2.0,2,1559252109756,22727738,404
2019-05-31 00:41:47.885,2.0,sell,8305.75,BTC-28JUN19-11000-C,92.96,0.022,2.0,2,1559263307885,22755780,405
2019-05-31 01:05:00.688,2.0,sell,8309.94,BTC-28JUN19-11000-C,92.87,0.022,2.0,3,1559264700688,22757179,406
2019-05-31 05:22:40.268,0.5,buy,8182.76,BTC-28JUN19-11000-C,95.07,0.021,0.5,2,1559280160268,22773722,407
2019-05-31 05:23:00.578,0.1,buy,8187.02,BTC-28JUN19-11000-C,94.98,0.021,0.1,3,1559280180578,22773728,408
2019-05-31 05:23:02.196,4.4,buy,8186.92,BTC-28JUN19-11000-C,94.98,0.021,4.4,3,1559280182196,22773729,409
2019-05-31 05:48:03.428,0.1,buy,8221.88,BTC-28JUN19-11000-C,95.68,0.022,0.1,0,1559281683428,22775227,410
2019-05-31 06:27:06.103,0.3,sell,8267.93,BTC-28JUN19-11000-C,93.08,0.021,0.3,2,1559284026103,22776664,411
2019-05-31 06:27:30.843,1.0,sell,8269.37,BTC-28JUN19-11000-C,93.05,0.021,1.0,3,1559284050843,22776667,412
2019-05-31 07:15:31.627,1.0,sell,8243.84,BTC-28JUN19-11000-C,93.19,0.0205,1.0,2,1559286931627,22778570,413
2019-05-31 07:58:36.375,4.9,buy,8305.28,BTC-28JUN19-11000-C,93.73,0.022,4.9,0,1559289516375,22781542,414
2019-05-31 08:01:22.516,1.0,sell,8302.72,BTC-28JUN19-11000-C,92.83,0.0215,1.0,2,1559289682516,22781969,415
2019-05-31 09:00:44.590,3.2,sell,8279.47,BTC-28JUN19-11000-C,91.88,0.02,3.2,3,1559293244590,22786023,417
2019-05-31 09:00:44.590,3.0,sell,8279.47,BTC-28JUN19-11000-C,91.88,0.02,3.0,2,1559293244590,22786022,416
2019-05-31 12:06:49.697,4.0,sell,8240.84,BTC-28JUN19-11000-C,90.15,0.0185,4.0,2,1559304409697,22795746,418
2019-05-31 12:09:01.487,6.0,sell,8247.73,BTC-28JUN19-11000-C,89.99,0.0185,6.0,3,1559304541487,22795818,419
2019-05-31 13:02:04.185,1.0,buy,8335.88,BTC-28JUN19-11000-C,90.07,0.02,1.0,0,1559307724185,22798394,420
2019-05-31 14:20:55.354,3.0,sell,8382.11,BTC-28JUN19-11000-C,89.31,0.02,3.0,1,1559312455354,22809891,421
2019-05-31 21:02:43.322,5.0,buy,8538.11,BTC-28JUN19-11000-C,88.32,0.023,5.0,0,1559336563322,22842470,422
2019-05-31 21:10:33.964,2.0,buy,8533.34,BTC-28JUN19-11000-C,88.57,0.023,2.0,1,1559337033964,22843961,423
2019-05-31 22:35:58.735,0.1,buy,8505.08,BTC-28JUN19-11000-C,88.61,0.0225,0.1,2,1559342158735,22848631,424
2019-06-01 05:44:24.641,15.0,sell,8521.63,BTC-28JUN19-11000-C,85.53,0.0205,15.0,2,1559367864641,22865885,425
2019-06-01 09:14:15.832,0.2,buy,8584.34,BTC-28JUN19-11000-C,85.59,0.0215,0.2,0,1559380455832,22874280,426
2019-06-02 07:39:13.530,0.2,buy,8689.94,BTC-28JUN19-11000-C,85.18,0.0215,0.2,1,1559461153530,22918375,427
2019-06-02 07:39:45.578,0.1,buy,8724.49,BTC-28JUN19-11000-C,84.99,0.022,0.1,0,1559461185578,22919247,428
2019-06-03 22:25:28.177,0.2,sell,8407.62,BTC-28JUN19-11000-C,86.13,0.0155,0.2,2,1559600728177,23077659,429
2019-06-04 07:36:15.974,20.0,sell,7832.21,BTC-28JUN19-11000-C,86.47,0.0075,20.0,3,1559633775974,23186956,431
2019-06-04 07:36:15.974,24.0,sell,7832.21,BTC-28JUN19-11000-C,86.47,0.0075,24.0,2,1559633775974,23186955,430
2019-06-04 11:46:45.825,10.0,sell,7898.65,BTC-28JUN19-11000-C,85.48,0.0075,10.0,3,1559648805825,23202537,433
2019-06-04 11:46:45.825,20.0,sell,7898.65,BTC-28JUN19-11000-C,85.48,0.0075,20.0,3,1559648805825,23202536,432
2019-06-04 13:53:20.117,10.0,sell,7987.52,BTC-28JUN19-11000-C,84.85,0.008,10.0,1,1559656400117,23212998,435
2019-06-04 13:53:20.117,10.0,sell,7987.52,BTC-28JUN19-11000-C,84.85,0.008,10.0,0,1559656400117,23212997,434
2019-06-04 16:34:59.593,0.4,buy,7937.47,BTC-28JUN19-11000-C,88.89,0.009000000000000001,0.4,0,1559666099593,23223572,436
2019-06-04 16:43:39.034,6.0,sell,7892.63,BTC-28JUN19-11000-C,87.55,0.008,6.0,2,1559666619034,23224532,437
2019-06-04 17:27:46.756,10.0,sell,7829.88,BTC-28JUN19-11000-C,83.61,0.006,10.0,2,1559669266756,23237612,438
2019-06-04 17:27:46.756,10.0,sell,7829.88,BTC-28JUN19-11000-C,83.61,0.006,10.0,3,1559669266756,23237613,439
2019-06-04 17:43:28.554,0.9,sell,7613.05,BTC-28JUN19-11000-C,88.88,0.006,0.9,3,1559670208554,23250552,440
2019-06-04 17:49:15.511,2.0,sell,7608.61,BTC-28JUN19-11000-C,88.59,0.006,2.0,3,1559670555511,23256874,442
2019-06-04 17:49:15.511,2.0,sell,7608.61,BTC-28JUN19-11000-C,88.59,0.006,2.0,3,1559670555511,23256873,441
2019-06-04 17:53:42.955,2.0,buy,7631.72,BTC-28JUN19-11000-C,84.96,0.005,2.0,2,1559670822955,23259655,443
2019-06-04 18:45:35.343,0.9,sell,7700.02,BTC-28JUN19-11000-C,85.28,0.0055,0.9,0,1559673935343,23268831,444
2019-06-04 18:49:31.788,0.5,sell,7671.36,BTC-28JUN19-11000-C,87.48,0.006,0.5,0,1559674171788,23269217,445
2019-06-04 19:07:00.548,0.1,sell,7653.17,BTC-28JUN19-11000-C,86.37,0.0055,0.1,2,1559675220548,23271188,446
2019-06-04 19:07:00.548,10.0,sell,7653.17,BTC-28JUN19-11000-C,86.37,0.0055,10.0,3,1559675220548,23271189,447
2019-06-04 19:57:57.162,5.0,sell,7626.29,BTC-28JUN19-11000-C,85.39,0.005,5.0,2,1559678277162,23288941,448
2019-06-04 20:21:44.725,10.0,sell,7665.31,BTC-28JUN19-11000-C,82.77,0.0045,10.0,2,1559679704725,23292187,449
2019-06-04 20:21:44.732,6.0,buy,7665.31,BTC-28JUN19-11000-C,80.93,0.004,6.0,2,1559679704732,23292188,450
2019-06-04 22:24:52.721,0.8,buy,7629.85,BTC-28JUN19-11000-C,88.62,0.006,0.8,0,1559687092721,23314945,451
2019-06-04 22:24:52.721,10.0,buy,7629.85,BTC-28JUN19-11000-C,88.62,0.006,10.0,1,1559687092721,23314946,452
2019-06-04 22:24:52.721,9.2,buy,7629.85,BTC-28JUN19-11000-C,88.62,0.006,9.2,1,1559687092721,23314947,453
2019-06-05 07:19:27.668,10.0,sell,7742.96,BTC-28JUN19-11000-C,83.32,0.005,10.0,2,1559719167668,23339316,454
2019-06-05 07:21:49.955,5.0,sell,7758.2,BTC-28JUN19-11000-C,82.95,0.005,5.0,3,1559719309955,23339444,455
2019-06-05 19:37:06.317,0.9,sell,7785.68,BTC-28JUN19-11000-C,84.79,0.0055,0.9,0,1559763426317,23395614,456
2019-06-05 21:27:39.144,1.0,buy,7663.14,BTC-28JUN19-11000-C,84.84,0.0045,1.0,2,1559770059144,23415756,457
2019-06-05 21:28:14.542,0.2,sell,7662.98,BTC-28JUN19-11000-C,76.29,0.0025,0.2,2,1559770094542,23415827,458
2019-06-06 08:06:45.238,24.0,sell,7772.98,BTC-28JUN19-11000-C,79.28,0.0035,24.0,1,1559808405238,23446203,460
2019-06-06 08:06:45.238,20.0,sell,7772.98,BTC-28JUN19-11000-C,79.28,0.0035,20.0,0,1559808405238,23446202,459
2019-06-06 21:47:14.227,24.0,buy,7744.7,BTC-28JUN19-11000-C,83.49,0.004,24.0,0,1559857634227,23532976,461
2019-06-06 21:47:14.227,1.0,buy,7744.7,BTC-28JUN19-11000-C,83.49,0.004,1.0,1,1559857634227,23532977,462
2019-06-06 21:48:04.239,2.5,buy,7737.64,BTC-28JUN19-11000-C,83.58,0.004,2.5,1,1559857684239,23533073,463
2019-06-06 23:01:01.804,0.5,buy,7732.56,BTC-28JUN19-11000-C,83.8,0.004,0.5,1,1559862061804,23536186,464
2019-06-07 08:47:30.823,10.0,buy,7969.71,BTC-28JUN19-11000-C,80.44,0.0045,10.0,1,1559897250823,23580169,466
2019-06-07 08:47:30.823,0.1,buy,7969.71,BTC-28JUN19-11000-C,80.44,0.0045,0.1,0,1559897250823,23580168,465
2019-06-07 09:31:05.354,0.2,sell,7948.35,BTC-28JUN19-11000-C,82.83,0.005,0.2,0,1559899865354,23581756,467
2019-06-07 16:31:20.936,1.0,sell,8049.74,BTC-28JUN19-11000-C,77.33,0.004,1.0,2,1559925080936,23598307,468
2019-06-07 17:05:49.857,0.1,sell,8082.99,BTC-28JUN19-11000-C,78.21,0.0045,0.1,0,1559927149857,23602501,469
2019-06-07 17:25:45.527,0.8,buy,8107.52,BTC-28JUN19-11000-C,79.49,0.005,0.8,0,1559928345527,23603623,470
2019-06-07 17:25:45.527,10.0,buy,8107.52,BTC-28JUN19-11000-C,79.49,0.005,10.0,1,1559928345527,23603624,471
2019-06-08 02:44:37.773,18.0,buy,7975.08,BTC-28JUN19-11000-C,78.29,0.0035,18.0,2,1559961877773,23636927,472
2019-06-09 05:24:04.141,1.0,buy,7894.92,BTC-28JUN19-11000-C,86.9,0.0045,1.0,0,1560057844141,23692355,473
2019-06-09 07:38:40.607,20.0,sell,7910.55,BTC-28JUN19-11000-C,80.35,0.003,20.0,2,1560065920607,23694391,474
2019-06-09 15:54:58.783,0.5,sell,7759.8,BTC-28JUN19-11000-C,79.52,0.002,0.5,2,1560095698783,23722365,475
2019-06-09 20:50:57.387,2.5,sell,7723.91,BTC-28JUN19-11000-C,80.78,0.002,2.5,3,1560113457387,23748037,476
2019-06-09 22:05:17.739,1.0,sell,7624.56,BTC-28JUN19-11000-C,75.13,0.001,1.0,2,1560117917739,23756046,477
2019-06-09 22:40:47.403,0.2,buy,7560.22,BTC-28JUN19-11000-C,90.9,0.003,0.2,0,1560120047403,23768084,478
2019-06-09 23:56:25.611,0.6,buy,7646.57,BTC-28JUN19-11000-C,88.59,0.003,0.6,1,1560124585611,23775700,479
2019-06-10 11:27:44.917,1.0,buy,7775.86,BTC-28JUN19-11000-C,86.48,0.003,1.0,1,1560166064917,23821674,480
2019-06-10 11:29:41.364,1.0,buy,7794.8,BTC-28JUN19-11000-C,85.9,0.003,1.0,1,1560166181364,23823369,481
2019-06-10 18:30:25.351,1.0,sell,7951.01,BTC-28JUN19-11000-C,79.62,0.0025,1.0,2,1560191425351,23871327,482
2019-06-10 18:37:08.991,10.0,sell,7960.79,BTC-28JUN19-11000-C,76.51,0.002,10.0,2,1560191828991,23871596,483
2019-06-11 13:04:30.389,0.7000000000000001,sell,7806.19,BTC-28JUN19-11000-C,79.23,0.0015,0.7000000000000001,2,1560258270389,23926027,484
2019-06-11 23:05:39.019,5.1000000000000005,buy,7935.85,BTC-28JUN19-11000-C,86.14,0.003,5.1000000000000005,0,1560294339019,23964321,485
2019-06-13 04:55:25.666,0.4,sell,8143.25,BTC-28JUN19-11000-C,83.53,0.003,0.4,1,1560401725666,24053897,486
2019-06-13 05:11:31.345,0.5,sell,8133.66,BTC-28JUN19-11000-C,83.78,0.003,0.5,1,1560402691345,24054035,487
2019-06-13 05:25:03.833,0.1,sell,8121.52,BTC-28JUN19-11000-C,84.06,0.003,0.1,1,1560403503833,24054226,488
2019-06-13 06:03:59.734,30.0,sell,8119.22,BTC-28JUN19-11000-C,78.53,0.002,30.0,2,1560405839734,24054914,489
2019-06-13 18:01:49.424,0.8,sell,8186.32,BTC-28JUN19-11000-C,74.39,0.0015,0.8,2,1560448909424,24084463,490
2019-06-13 18:02:24.636,0.2,sell,8187.36,BTC-28JUN19-11000-C,74.37,0.0015,0.2,3,1560448944636,24084485,491
2019-06-13 18:15:50.865,0.7000000000000001,buy,8225.75,BTC-28JUN19-11000-C,77.02,0.002,0.7000000000000001,0,1560449750865,24085332,492
2019-06-13 18:44:43.266,0.1,buy,8228.21,BTC-28JUN19-11000-C,77.0,0.002,0.1,1,1560451483266,24087358,493
2019-06-13 21:56:10.878,4.0,buy,8327.84,BTC-28JUN19-11000-C,82.64,0.0035,4.0,0,1560462970878,24099008,494
2019-06-13 21:56:10.878,5.0,buy,8327.84,BTC-28JUN19-11000-C,82.64,0.0035,5.0,1,1560462970878,24099009,495
2019-06-14 21:04:13.572,0.5,buy,8545.0,BTC-28JUN19-11000-C,81.73,0.004,0.5,0,1560546253572,24164224,496
2019-06-14 21:35:25.068,0.2,buy,8610.11,BTC-28JUN19-11000-C,79.91,0.004,0.2,1,1560548125068,24173467,497
2019-06-14 22:46:10.230,27.5,buy,8671.86,BTC-28JUN19-11000-C,80.04,0.0045,27.5,0,1560552370230,24180851,498
2019-06-14 23:26:39.793,5.0,buy,8691.33,BTC-28JUN19-11000-C,81.59,0.005,5.0,0,1560554799793,24183404,499
2019-06-14 23:26:40.719,1.0,buy,8691.32,BTC-28JUN19-11000-C,81.59,0.005,1.0,1,1560554800719,24183405,500
2019-06-15 04:40:21.598,5.1000000000000005,sell,8643.16,BTC-28JUN19-11000-C,77.29,0.0035,5.1000000000000005,2,1560573621598,24194707,501
2019-06-16 01:46:35.813,0.2,buy,9004.1,BTC-28JUN19-11000-C,77.8,0.006,0.2,0,1560649595813,24268622,502
2019-06-16 02:15:47.470,0.5,buy,9009.53,BTC-28JUN19-11000-C,78.95,0.0065,0.5,0,1560651347470,24271965,503
2019-06-16 03:23:58.924,0.5,buy,8978.74,BTC-28JUN19-11000-C,82.93,0.0075,0.5,0,1560655438924,24275083,504
2019-06-16 03:24:24.100,2.5,buy,8979.11,BTC-28JUN19-11000-C,84.37,0.008,2.5,0,1560655464100,24275084,505
2019-06-16 05:00:43.409,0.4,buy,9105.56,BTC-28JUN19-11000-C,80.27,0.008,0.4,1,1560661243409,24283349,506
2019-06-16 05:30:05.405,2.0,buy,9177.91,BTC-28JUN19-11000-C,82.2,0.01,2.0,0,1560663005405,24293263,507
2019-06-16 05:32:55.997,0.1,buy,9197.23,BTC-28JUN19-11000-C,84.11,0.011000000000000001,0.1,0,1560663175997,24293444,508
2019-06-16 05:34:09.676,10.0,buy,9203.01,BTC-28JUN19-11000-C,86.25,0.012,10.0,0,1560663249676,24293595,509
2019-06-16 05:53:12.857,2.1,buy,9287.65,BTC-28JUN19-11000-C,85.5,0.013000000000000001,2.1,0,1560664392857,24297414,510
2019-06-16 07:00:34.845,0.4,buy,9329.06,BTC-28JUN19-11000-C,86.08,0.013999999999999999,0.4,0,1560668434845,24310953,511
2019-06-16 07:00:49.101,0.1,buy,9326.34,BTC-28JUN19-11000-C,86.25,0.013999999999999999,0.1,1,1560668449101,24310976,512
2019-06-16 07:07:07.686,0.4,sell,9310.83,BTC-28JUN19-11000-C,83.56,0.0125,0.4,2,1560668827686,24311383,513
2019-06-16 07:07:12.828,0.4,buy,9311.25,BTC-28JUN19-11000-C,83.56,0.0125,0.4,3,1560668832828,24311386,514
2019-06-16 07:09:42.202,1.2,sell,9291.09,BTC-28JUN19-11000-C,82.17,0.0115,1.2,2,1560668982202,24311625,515
2019-06-16 07:13:17.327,1.0,sell,9276.1,BTC-28JUN19-11000-C,81.24,0.011000000000000001,1.0,2,1560669197327,24311987,516
2019-06-16 07:13:17.327,1.0,sell,9276.1,BTC-28JUN19-11000-C,81.24,0.011000000000000001,1.0,3,1560669197327,24311988,517
2019-06-16 07:30:09.880,3.1,sell,9316.82,BTC-28JUN19-11000-C,82.07,0.012,3.1,0,1560670209880,24312958,518
2019-06-16 07:33:28.266,1.0,sell,9306.63,BTC-28JUN19-11000-C,82.31,0.012,1.0,1,1560670408266,24313041,519
2019-06-16 07:33:33.451,0.1,buy,9306.28,BTC-28JUN19-11000-C,82.33,0.012,0.1,1,1560670413451,24313045,520
2019-06-16 07:38:13.131,0.5,sell,9293.63,BTC-28JUN19-11000-C,81.64,0.0115,0.5,2,1560670693131,24313301,521
2019-06-16 07:43:02.086,0.3,sell,9307.49,BTC-28JUN19-11000-C,81.12,0.0115,0.3,3,1560670982086,24313871,522
2019-06-16 07:45:16.480,3.0,buy,9307.91,BTC-28JUN19-11000-C,85.55,0.0135,3.0,0,1560671116480,24314002,523
2019-06-16 07:52:19.787,1.0,sell,9331.82,BTC-28JUN19-11000-C,81.54,0.012,1.0,2,1560671539787,24314635,524
2019-06-16 07:52:19.789,0.1,buy,9331.82,BTC-28JUN19-11000-C,81.54,0.012,0.1,3,1560671539789,24314636,525
2019-06-16 10:26:04.658,1.0,sell,9124.22,BTC-28JUN19-11000-C,78.99,0.008,1.0,2,1560680764658,24349578,526
2019-06-16 14:12:38.818,8.0,buy,9303.7,BTC-28JUN19-11000-C,85.31,0.013,8.0,0,1560694358818,24370865,527
2019-06-16 17:16:54.026,2.0,sell,9166.28,BTC-28JUN19-11000-C,80.91,0.009000000000000001,2.0,2,1560705414026,24386898,528
2019-06-17 01:48:12.990,6.0,sell,9135.78,BTC-28JUN19-11000-C,93.16,0.0125,6.0,0,1560736092990,24448547,529
2019-06-17 11:06:01.702,1.0,buy,9336.38,BTC-28JUN19-11000-C,92.77,0.015,1.0,1,1560769561702,24484599,531
2019-06-17 11:06:01.702,2.0,buy,9336.38,BTC-28JUN19-11000-C,92.77,0.015,2.0,0,1560769561702,24484598,530
2019-06-17 17:01:36.499,0.5,buy,9221.73,BTC-28JUN19-11000-C,96.02,0.013999999999999999,0.5,2,1560790896499,24537086,532
2019-06-17 18:17:09.490,3.1,buy,9288.25,BTC-28JUN19-11000-C,101.27,0.0175,3.1,1,1560795429490,24541443,534
2019-06-17 18:17:09.490,2.0,buy,9288.25,BTC-28JUN19-11000-C,101.27,0.0175,2.0,0,1560795429490,24541442,533
2019-06-17 23:10:02.848,0.3,buy,9398.24,BTC-28JUN19-11000-C,97.96,0.018000000000000002,0.3,0,1560813002848,24583756,535
2019-06-18 01:58:54.446,10.0,buy,9307.31,BTC-28JUN19-11000-C,96.22,0.015,10.0,2,1560823134446,24609375,536
2019-06-18 02:06:53.132,4.0,sell,9286.09,BTC-28JUN19-11000-C,100.4,0.0165,4.0,0,1560823613132,24609724,537
2019-06-18 02:07:15.932,4.0,sell,9285.31,BTC-28JUN19-11000-C,100.42,0.0165,4.0,1,1560823635932,24609754,538
2019-06-18 02:50:51.667,2.0,sell,9259.77,BTC-28JUN19-11000-C,100.67,0.016,2.0,2,1560826251667,24611428,539
2019-06-18 05:20:44.932,5.1000000000000005,sell,9209.64,BTC-28JUN19-11000-C,94.98,0.0125,5.1000000000000005,2,1560835244932,24618426,540
2019-06-18 05:41:23.296,0.2,buy,9171.99,BTC-28JUN19-11000-C,97.9,0.013000000000000001,0.2,0,1560836483296,24621536,541
2019-06-18 08:52:57.115,15.0,buy,9156.7,BTC-28JUN19-11000-C,97.96,0.0125,15.0,2,1560847977115,24636655,542
2019-06-18 08:53:37.533,0.7000000000000001,buy,9162.81,BTC-28JUN19-11000-C,98.87,0.013000000000000001,0.7000000000000001,0,1560848017533,24636719,543
2019-06-18 09:50:53.285,0.2,buy,9219.64,BTC-28JUN19-11000-C,101.59,0.015,0.2,0,1560851453285,24640129,544
2019-06-18 11:45:57.424,3.0,sell,9185.74,BTC-28JUN19-11000-C,94.87,0.0115,3.0,2,1560858357424,24644598,545
2019-06-18 14:45:28.017,10.0,sell,9143.97,BTC-28JUN19-11000-C,92.67,0.01,10.0,3,1560869128017,24653515,547
2019-06-18 14:45:28.017,15.0,sell,9143.97,BTC-28JUN19-11000-C,92.67,0.01,15.0,2,1560869128017,24653514,546
2019-06-18 14:59:58.888,1.5,buy,9116.45,BTC-28JUN19-11000-C,93.95,0.01,1.5,3,1560869998888,24654503,548
2019-06-18 15:38:33.678,1.0,buy,9047.19,BTC-28JUN19-11000-C,95.26,0.0095,1.0,2,1560872313678,24664381,549
2019-06-18 23:34:41.038,1.0,buy,9053.31,BTC-28JUN19-11000-C,92.65,0.008,1.0,2,1560900881038,24704973,550
2019-06-19 00:55:32.913,0.5,buy,9131.92,BTC-28JUN19-11000-C,95.65,0.01,0.5,0,1560905732913,24710967,551
2019-06-19 02:23:51.202,1.0,sell,9121.93,BTC-28JUN19-11000-C,93.36,0.009000000000000001,1.0,2,1560911031202,24714752,552
2019-06-19 02:41:29.013,6.0,buy,9128.49,BTC-28JUN19-11000-C,96.36,0.01,6.0,0,1560912089013,24715259,553
2019-06-19 04:30:47.820,11.0,buy,9181.08,BTC-28JUN19-11000-C,98.68,0.0115,11.0,0,1560918647820,24718136,554
2019-06-19 12:18:42.487,25.0,sell,9113.33,BTC-28JUN19-11000-C,90.83,0.0075,25.0,2,1560946722487,24732164,557
2019-06-19 12:18:42.487,10.0,sell,9113.33,BTC-28JUN19-11000-C,92.46,0.008,10.0,2,1560946722487,24732162,555
2019-06-19 12:18:42.487,6.0,sell,9113.33,BTC-28JUN19-11000-C,92.46,0.008,6.0,3,1560946722487,24732163,556
2019-06-19 12:18:42.487,2.0,sell,9113.33,BTC-28JUN19-11000-C,90.83,0.0075,2.0,3,1560946722487,24732165,558
2019-06-19 23:57:07.110,0.5,buy,9288.73,BTC-28JUN19-11000-C,94.8,0.0105,0.5,0,1560988627110,24777480,559
2019-06-20 03:05:38.286,5.0,buy,9350.46,BTC-28JUN19-11000-C,94.87,0.011,5.0,0,1560999938286,24783985,560
2019-06-20 04:28:42.454,0.5,sell,9308.77,BTC-28JUN19-11000-C,91.18,0.009000000000000001,0.5,2,1561004922454,24787801,561
2019-06-20 04:28:57.348,0.1,sell,9306.81,BTC-28JUN19-11000-C,91.27,0.009000000000000001,0.1,3,1561004937348,24787804,562
2019-06-20 08:40:18.348,0.6,sell,9240.81,BTC-28JUN19-11000-C,92.14,0.008,0.6,2,1561020018348,24798547,563
2019-06-20 09:05:58.598,0.5,buy,9245.36,BTC-28JUN19-11000-C,93.76,0.0085,0.5,0,1561021558598,24799808,564
2019-06-20 09:14:28.374,0.4,buy,9253.64,BTC-28JUN19-11000-C,95.26,0.009000000000000001,0.4,0,1561022068374,24800222,565
2019-06-20 09:21:33.102,0.6,buy,9254.76,BTC-28JUN19-11000-C,95.2,0.009000000000000001,0.6,1,1561022493102,24800321,566
2019-06-20 10:19:32.363,1.5,sell,9230.96,BTC-28JUN19-11000-C,93.26,0.008,1.5,2,1561025972363,24802395,567
2019-06-20 10:19:56.479,30.0,sell,9227.84,BTC-28JUN19-11000-C,93.36,0.008,30.0,3,1561025996479,24802422,568
2019-06-20 10:20:03.637,1.0,sell,9225.57,BTC-28JUN19-11000-C,93.43,0.008,1.0,3,1561026003637,24802519,569
2019-06-20 10:21:18.292,10.0,sell,9214.49,BTC-28JUN19-11000-C,93.99,0.008,10.0,3,1561026078292,24802762,570
2019-06-20 10:21:22.806,6.9,sell,9214.9,BTC-28JUN19-11000-C,93.96,0.008,6.9,3,1561026082806,24802767,571
2019-06-20 10:21:22.806,0.2,sell,9214.9,BTC-28JUN19-11000-C,93.96,0.008,0.2,3,1561026082806,24802768,572
2019-06-20 12:23:50.370,0.2,buy,9256.81,BTC-28JUN19-11000-C,90.87,0.0075,0.2,2,1561033430370,24806844,573
2019-06-20 16:28:04.648,3.0,buy,9379.8,BTC-28JUN19-11000-C,88.35,0.008,3.0,0,1561048084648,24831000,574
