date_utc,amount,direction,indexPrice,instrument,iv,price,quantity,tickDirection,timeStamp,tradeId,tradeSeq
2019-02-16 02:07:49.057,0.1,sell,3574.35,BTC-26APR19-4250-C,54.69,0.0345,0.1,1,1550282869057,15404742,1
2019-02-16 02:53:44.510,0.4,sell,3579.16,BTC-26APR19-4250-C,55.15,0.0355,0.4,0,1550285624510,15405365,2
2019-02-16 02:58:54.663,0.5,sell,3580.99,BTC-26APR19-4250-C,55.18,0.0355,0.5,1,1550285934663,15405409,3
2019-02-16 03:02:02.356,1.0,sell,3581.88,BTC-26APR19-4250-C,54.81,0.035,1.0,2,1550286122356,15405479,4
2019-02-17 17:43:54.336,3.0,buy,3575.27,BTC-26APR19-4250-C,56.39,0.0365,3.0,0,1550425434336,15450926,5
2019-02-17 23:33:46.037,2.0,buy,3619.13,BTC-26APR19-4250-C,55.25,0.0375,2.0,0,1550446426037,15458330,6
2019-02-18 07:07:46.626,0.5,buy,3709.54,BTC-26APR19-4250-C,53.46,0.040999999999999995,0.5,0,1550473666626,15497665,7
2019-02-18 12:06:03.896,3.0,buy,3695.45,BTC-26APR19-4250-C,55.31,0.043,3.0,0,1550491563896,15514415,8
2019-02-18 13:23:29.145,3.0,buy,3753.93,BTC-26APR19-4250-C,55.2,0.047,3.0,0,1550496209145,15523987,9
2019-02-18 14:40:53.170,1.0,sell,3807.71,BTC-26APR19-4250-C,53.37,0.0485,1.0,0,1550500853170,15542555,10
2019-02-20 19:58:15.088,2.0,buy,3924.0,BTC-26APR19-4250-C,60.4,0.0695,2.0,0,1550692695088,15709418,11
2019-02-20 19:58:15.088,4.0,buy,3924.0,BTC-26APR19-4250-C,60.7,0.07,4.0,0,1550692695088,15709419,12
2019-02-21 05:14:40.135,1.0,buy,3938.08,BTC-26APR19-4250-C,60.13,0.07,1.0,1,1550726080135,15720992,13
2019-02-21 12:11:53.140,6.0,buy,3893.23,BTC-26APR19-4250-C,58.02,0.063,6.0,2,1550751113140,15742233,14
2019-02-21 12:11:53.140,4.0,buy,3893.23,BTC-26APR19-4250-C,60.78,0.0675,4.0,0,1550751113140,15742234,15
2019-02-21 12:34:47.024,5.0,sell,3896.02,BTC-26APR19-4250-C,56.37,0.0605,5.0,2,1550752487024,15742798,16
2019-02-21 12:34:47.024,5.0,sell,3896.02,BTC-26APR19-4250-C,56.37,0.0605,5.0,3,1550752487024,15742799,17
2019-02-22 08:03:03.144,1.0,sell,3894.73,BTC-26APR19-4250-C,54.16,0.056,1.0,2,1550822583144,15760123,18
2019-02-22 21:22:21.936,4.0,sell,3937.29,BTC-26APR19-4250-C,55.07,0.061,4.0,0,1550870541936,15787706,19
2019-02-22 23:36:16.071,0.5,buy,3948.97,BTC-26APR19-4250-C,57.21,0.0655,0.5,0,1550878576071,15789260,20
2019-02-23 00:12:05.249,0.4,sell,3932.79,BTC-26APR19-4250-C,57.71,0.0645,0.4,2,1550880725249,15790509,21
2019-02-23 01:30:05.540,0.1,buy,3938.72,BTC-26APR19-4250-C,57.74,0.065,0.1,0,1550885405540,15791613,22
2019-02-23 07:39:20.476,6.0,buy,3926.31,BTC-26APR19-4250-C,58.94,0.0655,6.0,0,1550907560476,15797331,23
2019-02-23 12:18:48.815,2.0,sell,3932.64,BTC-26APR19-4250-C,59.21,0.066,2.0,0,1550924328815,15802341,24
2019-02-23 17:46:18.363,4.0,buy,4046.24,BTC-26APR19-4250-C,56.42,0.071,4.0,0,1550943978363,15824884,25
2019-02-23 17:50:09.072,0.1,buy,4058.08,BTC-26APR19-4250-C,57.78,0.0745,0.1,0,1550944209072,15826671,26
2019-02-23 17:56:29.726,0.1,buy,4077.17,BTC-26APR19-4250-C,59.39,0.0795,0.1,0,1550944589726,15828454,27
2019-02-23 20:29:53.718,3.1,buy,4130.35,BTC-26APR19-4250-C,58.59,0.083,3.1,0,1550953793718,15844669,28
2019-02-23 20:29:53.803,0.1,buy,4130.35,BTC-26APR19-4250-C,58.59,0.083,0.1,1,1550953793803,15844671,29
2019-02-24 12:48:20.408,2.0,sell,4113.53,BTC-26APR19-4250-C,56.66,0.0795,2.0,2,1551012500408,15880569,30
2019-02-24 14:20:53.746,4.7,sell,3828.16,BTC-26APR19-4250-C,59.43,0.051,4.7,2,1551018053746,15907480,31
2019-02-24 14:23:47.341,0.2,buy,3841.46,BTC-26APR19-4250-C,62.15,0.056,0.2,0,1551018227341,15910149,32
2019-02-24 15:08:36.762,1.0,sell,3807.73,BTC-26APR19-4250-C,58.65,0.0505,1.0,2,1551020916762,15931564,33
2019-02-24 17:55:59.237,1.4,sell,3762.41,BTC-26APR19-4250-C,58.22,0.047,1.4,2,1551030959237,15952372,34
2019-02-24 17:55:59.237,1.6,sell,3762.41,BTC-26APR19-4250-C,58.22,0.047,1.6,3,1551030959237,15952373,35
2019-02-24 21:25:05.000,0.6,buy,3804.83,BTC-26APR19-4250-C,59.31,0.0515,0.6,0,1551043505000,15958319,36
2019-02-25 02:54:36.843,4.4,buy,3769.78,BTC-26APR19-4250-C,60.51,0.051,4.4,2,1551063276843,15971863,37
2019-02-25 10:22:10.839,2.9,sell,3748.22,BTC-26APR19-4250-C,61.25,0.05,2.9,2,1551090130839,15983008,38
2019-02-25 15:56:06.917,0.1,buy,3790.67,BTC-26APR19-4250-C,61.05,0.053,0.1,0,1551110166917,15991658,39
2019-02-25 16:54:31.439,0.2,buy,3826.44,BTC-26APR19-4250-C,59.94,0.054000000000000006,0.2,0,1551113671439,15997392,40
2019-02-25 20:12:54.490,1.0,buy,3848.63,BTC-26APR19-4250-C,60.06,0.055999999999999994,1.0,0,1551125574490,16006855,41
2019-02-25 20:26:29.965,0.2,buy,3822.54,BTC-26APR19-4250-C,60.27,0.054000000000000006,0.2,2,1551126389965,16007448,42
2019-02-25 21:06:08.626,0.3,buy,3824.51,BTC-26APR19-4250-C,59.8,0.0535,0.3,2,1551128768626,16010398,43
2019-02-27 00:12:42.408,1.0,sell,3789.35,BTC-26APR19-4250-C,58.45,0.048,1.0,2,1551226362408,16044662,44
2019-02-27 20:32:45.716,0.2,sell,3772.11,BTC-26APR19-4250-C,58.24,0.046,0.2,2,1551299565716,16065431,45
2019-02-27 21:02:26.049,6.0,buy,3716.5,BTC-26APR19-4250-C,58.95,0.043,6.0,2,1551301346049,16077524,46
2019-02-27 22:54:36.504,0.3,buy,3753.12,BTC-26APR19-4250-C,57.32,0.0435,0.3,0,1551308076504,16082734,47
2019-02-28 23:00:49.952,0.5,sell,3796.43,BTC-26APR19-4250-C,55.95,0.044,0.5,0,1551394849952,16139800,48
2019-03-01 01:38:52.326,5.5,buy,3799.78,BTC-26APR19-4250-C,56.66,0.0455,5.5,0,1551404332326,16141544,49
2019-03-01 15:28:39.880,1.0,sell,3815.52,BTC-26APR19-4250-C,54.45,0.043,1.0,2,1551454119880,16151438,50
2019-03-03 13:46:13.621,2.3000000000000003,sell,3780.37,BTC-26APR19-4250-C,55.31,0.04,2.3000000000000003,2,1551620773621,16190347,51
2019-03-03 18:35:04.169,0.7000000000000001,buy,3791.41,BTC-26APR19-4250-C,55.46,0.041,0.7000000000000001,0,1551638104169,16197011,52
2019-03-04 04:29:56.361,0.1,sell,3738.72,BTC-26APR19-4250-C,56.03,0.0375,0.1,2,1551673796361,16208506,53
2019-03-04 06:05:08.262,0.1,buy,3710.5,BTC-26APR19-4250-C,56.25,0.036000000000000004,0.1,2,1551679508262,16219554,54
2019-03-04 06:43:30.616,1.0,buy,3728.27,BTC-26APR19-4250-C,55.99,0.037000000000000005,1.0,0,1551681810616,16220808,55
2019-03-04 18:36:41.547,1.0,sell,3708.76,BTC-26APR19-4250-C,53.63,0.032,1.0,2,1551724601547,16242120,56
2019-03-04 19:35:27.747,2.0,sell,3706.04,BTC-26APR19-4250-C,54.17,0.0325,2.0,0,1551728127747,16242674,57
2019-03-05 12:18:34.250,10.0,buy,3736.26,BTC-26APR19-4250-C,54.53,0.035,10.0,0,1551788314250,16255603,58
2019-03-05 12:37:44.068,10.0,buy,3738.93,BTC-26APR19-4250-C,54.75,0.0355,10.0,0,1551789464068,16256085,59
2019-03-05 13:17:45.019,10.0,buy,3766.76,BTC-26APR19-4250-C,54.69,0.0375,10.0,0,1551791865019,16261019,60
2019-03-06 11:02:04.698,1.0,buy,3845.16,BTC-26APR19-4250-C,55.37,0.044,1.0,0,1551870124698,16316390,61
2019-03-06 20:34:30.910,1.3,sell,3843.91,BTC-26APR19-4250-C,54.04,0.042,1.3,2,1551904470910,16327487,62
2019-03-08 04:46:30.562,10.0,sell,3866.71,BTC-26APR19-4250-C,49.97,0.037000000000000005,10.0,2,1552020390562,16367612,63
2019-03-08 04:46:31.550,10.0,buy,3866.71,BTC-26APR19-4250-C,49.97,0.037000000000000005,10.0,3,1552020391550,16367613,64
2019-03-08 04:46:35.808,13.0,sell,3866.71,BTC-26APR19-4250-C,49.6,0.0365,13.0,2,1552020395808,16367614,65
2019-03-08 04:47:17.004,6.0,sell,3866.68,BTC-26APR19-4250-C,48.85,0.0355,6.0,2,1552020437004,16367618,66
2019-03-08 04:47:17.004,13.0,sell,3866.68,BTC-26APR19-4250-C,48.85,0.0355,13.0,3,1552020437004,16367619,67
2019-03-08 04:47:17.004,31.0,sell,3866.68,BTC-26APR19-4250-C,48.1,0.0345,31.0,2,1552020437004,16367620,68
2019-03-08 07:54:29.039,0.1,buy,3867.56,BTC-26APR19-4250-C,51.46,0.039,0.1,0,1552031669039,16377931,69
2019-03-08 17:48:32.078,10.0,buy,3892.37,BTC-26APR19-4250-C,50.95,0.04,10.0,0,1552067312078,16390548,70
2019-03-08 21:35:13.308,1.0,sell,3870.83,BTC-26APR19-4250-C,51.1,0.038,1.0,2,1552080913308,16394611,71
2019-03-09 14:09:21.232,50.0,sell,3906.07,BTC-26APR19-4250-C,49.48,0.038,50.0,3,1552140561232,16428842,72
2019-03-11 11:21:39.966,1.0,sell,3857.63,BTC-26APR19-4250-C,49.45,0.033,1.0,2,1552303299966,16483333,73
2019-03-13 19:29:02.717,1.0,sell,3857.66,BTC-26APR19-4250-C,48.08,0.029,1.0,2,1552505342717,16544553,74
2019-03-13 22:40:54.838,1.0,buy,3851.63,BTC-26APR19-4250-C,49.21,0.03,1.0,0,1552516854838,16546173,75
2019-03-14 00:09:39.945,1.0,buy,3851.03,BTC-26APR19-4250-C,49.98,0.031,1.0,0,1552522179945,16546989,76
2019-03-14 15:00:41.481,12.0,buy,3853.93,BTC-26APR19-4250-C,48.02,0.0285,12.0,2,1552575641481,16569880,77
2019-03-14 15:04:06.751,4.5,sell,3863.38,BTC-26APR19-4250-C,48.13,0.0295,4.5,1,1552575846751,16570251,79
2019-03-14 15:04:06.751,0.5,sell,3863.38,BTC-26APR19-4250-C,48.13,0.0295,0.5,0,1552575846751,16570250,78
2019-03-14 15:30:03.654,6.5,sell,3848.39,BTC-26APR19-4250-C,48.14,0.0285,6.5,3,1552577403654,16571527,81
2019-03-14 15:30:03.654,0.5,sell,3848.39,BTC-26APR19-4250-C,48.14,0.0285,0.5,2,1552577403654,16571526,80
2019-03-14 16:30:03.992,1.0,sell,3852.6,BTC-26APR19-4250-C,48.49,0.029,1.0,0,1552581003992,16572094,82
2019-03-15 01:08:04.259,0.5,buy,3866.01,BTC-26APR19-4250-C,49.95,0.0315,0.5,0,1552612084259,16575939,83
2019-03-15 01:08:04.259,9.5,buy,3866.01,BTC-26APR19-4250-C,49.95,0.0315,9.5,1,1552612084259,16575940,84
2019-03-15 08:16:59.467,50.0,sell,3854.65,BTC-26APR19-4250-C,48.42,0.029,50.0,2,1552637819467,16581179,85
2019-03-15 11:13:47.779,0.5,buy,3869.05,BTC-26APR19-4250-C,48.4,0.03,0.5,0,1552648427779,16584713,86
2019-03-15 12:01:17.332,10.6,buy,3889.14,BTC-26APR19-4250-C,48.9,0.032,10.6,0,1552651277332,16587876,87
2019-03-15 12:06:38.787,0.2,buy,3890.29,BTC-26APR19-4250-C,49.69,0.033,0.2,0,1552651598787,16588308,88
2019-03-15 12:10:43.720,1.4,sell,3887.1,BTC-26APR19-4250-C,48.61,0.0315,1.4,2,1552651843720,16588519,89
2019-03-15 12:20:02.799,1.4,sell,3888.25,BTC-26APR19-4250-C,48.44,0.0315,1.4,3,1552652402799,16588994,90
2019-03-15 13:30:31.452,10.6,buy,3885.01,BTC-26APR19-4250-C,49.66,0.0325,10.6,0,1552656631452,16591583,91
2019-03-15 13:37:33.412,10.5,sell,3882.44,BTC-26APR19-4250-C,49.68,0.0325,10.5,1,1552657053412,16591737,92
2019-03-15 13:46:18.491,1.6,sell,3881.84,BTC-26APR19-4250-C,50.0,0.0325,1.6,1,1552657578491,16591889,93
2019-03-15 13:47:33.768,2.0,sell,3881.8,BTC-26APR19-4250-C,50.01,0.0325,2.0,1,1552657653768,16591900,94
2019-03-15 13:48:01.797,3.0,sell,3881.59,BTC-26APR19-4250-C,50.01,0.0325,3.0,1,1552657681797,16591908,95
2019-03-15 13:48:24.622,2.3000000000000003,sell,3882.23,BTC-26APR19-4250-C,49.95,0.0325,2.3000000000000003,1,1552657704622,16591921,96
2019-03-15 14:15:55.528,2.0,buy,3887.98,BTC-26APR19-4250-C,49.57,0.0325,2.0,1,1552659355528,16592318,97
2019-03-15 14:58:57.871,0.1,buy,3886.59,BTC-26APR19-4250-C,49.7,0.0325,0.1,1,1552661937871,16592970,98
2019-03-15 15:30:56.070,2.0,buy,3905.23,BTC-26APR19-4250-C,49.15,0.033,2.0,0,1552663856070,16594596,99
2019-03-16 01:19:31.856,1.0,buy,3920.48,BTC-26APR19-4250-C,49.02,0.034,1.0,0,1552699171856,16605141,100
2019-03-16 04:20:34.028,7.2,buy,4012.14,BTC-26APR19-4250-C,50.95,0.044,7.2,1,1552710034028,16619992,102
2019-03-16 04:20:34.028,0.3,buy,4012.14,BTC-26APR19-4250-C,50.95,0.044,0.3,0,1552710034028,16619991,101
2019-03-16 09:01:42.770,0.2,buy,3992.22,BTC-26APR19-4250-C,51.71,0.043,0.2,2,1552726902770,16636678,103
2019-03-16 12:20:54.948,2.0,sell,3993.88,BTC-26APR19-4250-C,48.91,0.0395,2.0,2,1552738854948,16639468,104
2019-03-16 16:23:07.259,0.1,buy,3987.19,BTC-26APR19-4250-C,51.09,0.0415,0.1,0,1552753387259,16646669,105
2019-03-16 17:07:20.321,3.0,buy,3981.44,BTC-26APR19-4250-C,51.07,0.041,3.0,2,1552756040321,16647268,106
2019-03-16 17:09:26.325,1.0,buy,3981.82,BTC-26APR19-4250-C,50.67,0.0405,1.0,2,1552756166325,16647294,107
2019-03-17 11:43:28.221,10.0,sell,3961.11,BTC-26APR19-4250-C,47.2,0.034,10.0,2,1552823008221,16661883,108
2019-03-17 11:55:59.411,0.4,buy,3966.16,BTC-26APR19-4250-C,47.79,0.035,0.4,0,1552823759411,16662014,109
2019-03-17 14:29:59.264,4.6000000000000005,buy,3971.1,BTC-26APR19-4250-C,47.4,0.035,4.6000000000000005,1,1552832999264,16663747,110
2019-03-17 18:20:59.054,6.4,sell,3968.76,BTC-26APR19-4250-C,46.93,0.034,6.4,3,1552846859054,16666226,113
2019-03-17 18:20:59.054,50.0,sell,3968.76,BTC-26APR19-4250-C,46.93,0.034,50.0,3,1552846859054,16666227,114
2019-03-17 18:20:59.054,0.5,sell,3968.76,BTC-26APR19-4250-C,46.93,0.034,0.5,2,1552846859054,16666224,111
2019-03-17 18:20:59.054,13.0,sell,3968.76,BTC-26APR19-4250-C,46.93,0.034,13.0,3,1552846859054,16666225,112
2019-03-17 19:44:14.131,0.5,buy,3973.11,BTC-26APR19-4250-C,48.39,0.036000000000000004,0.5,0,1552851854131,16666574,115
2019-03-17 22:41:18.508,0.5,sell,3968.96,BTC-26APR19-4250-C,46.79,0.0335,0.5,2,1552862478508,16667736,116
2019-03-18 00:57:36.368,0.1,buy,3982.17,BTC-26APR19-4250-C,47.98,0.036000000000000004,0.1,0,1552870656368,16669881,117
2019-03-18 03:32:07.277,7.9,buy,3999.31,BTC-26APR19-4250-C,48.87,0.0385,7.9,0,1552879927277,16676109,118
2019-03-18 09:55:18.906,3.0,sell,3954.64,BTC-26APR19-4250-C,47.89,0.0335,3.0,2,1552902918906,16685752,119
2019-03-18 10:34:36.085,0.1,sell,3948.22,BTC-26APR19-4250-C,46.6,0.0315,0.1,2,1552905276085,16686481,120
2019-03-18 10:39:25.563,0.3,sell,3948.41,BTC-26APR19-4250-C,46.6,0.0315,0.3,3,1552905565563,16686611,121
2019-03-18 10:50:09.015,0.3,sell,3951.16,BTC-26APR19-4250-C,46.54,0.0315,0.3,3,1552906209015,16686748,122
2019-03-18 12:46:00.789,5.0,buy,3964.14,BTC-26APR19-4250-C,46.92,0.033,5.0,0,1552913160789,16689266,123
2019-03-18 17:06:43.807,6.0,sell,3966.06,BTC-26APR19-4250-C,46.08,0.032,6.0,3,1552928803807,16691877,125
2019-03-18 17:06:43.807,12.8,sell,3966.06,BTC-26APR19-4250-C,46.08,0.032,12.8,2,1552928803807,16691876,124
2019-03-18 17:06:43.807,6.2,sell,3966.06,BTC-26APR19-4250-C,46.08,0.032,6.2,3,1552928803807,16691878,126
2019-03-18 22:51:56.893,1.1,sell,3974.46,BTC-26APR19-4250-C,45.64,0.032,1.1,3,1552949516893,16694277,127
2019-03-18 23:51:25.893,12.8,sell,3969.99,BTC-26APR19-4250-C,45.47,0.0315,12.8,2,1552953085893,16694989,128
2019-03-18 23:51:25.893,12.2,sell,3969.99,BTC-26APR19-4250-C,45.47,0.0315,12.2,3,1552953085893,16694990,129
2019-03-18 23:52:53.605,12.8,sell,3969.93,BTC-26APR19-4250-C,45.04,0.031,12.8,3,1552953173605,16694996,131
2019-03-18 23:52:53.605,2.5,sell,3969.93,BTC-26APR19-4250-C,45.04,0.031,2.5,3,1552953173605,16694998,133
2019-03-18 23:52:53.605,0.7000000000000001,sell,3969.93,BTC-26APR19-4250-C,45.04,0.031,0.7000000000000001,2,1552953173605,16694995,130
2019-03-18 23:52:53.605,9.0,sell,3969.93,BTC-26APR19-4250-C,45.04,0.031,9.0,3,1552953173605,16694997,132
2019-03-18 23:53:43.554,0.1,sell,3969.77,BTC-26APR19-4250-C,45.47,0.0315,0.1,0,1552953223554,16695006,134
2019-03-19 13:26:46.362,0.3,buy,3970.11,BTC-26APR19-4250-C,46.84,0.033,0.3,0,1553002006362,16704900,135
2019-03-19 17:53:18.766,0.1,buy,3993.91,BTC-26APR19-4250-C,46.57,0.0345,0.1,0,1553017998766,16713893,136
2019-03-19 18:08:15.630,2.0,buy,3996.3,BTC-26APR19-4250-C,45.29,0.033,2.0,2,1553018895630,16713965,137
2019-03-20 00:33:31.304,3.0,buy,4004.42,BTC-26APR19-4250-C,44.57,0.0325,3.0,2,1553042011304,16718538,138
2019-03-20 00:37:17.224,0.5,sell,3989.57,BTC-26APR19-4250-C,45.52,0.0325,0.5,3,1553042237224,16719623,140
2019-03-20 00:37:17.224,5.1000000000000005,sell,3989.57,BTC-26APR19-4250-C,45.52,0.0325,5.1000000000000005,3,1553042237224,16719622,139
2019-03-20 00:55:10.387,1.0,sell,3990.03,BTC-26APR19-4250-C,44.39,0.031,1.0,2,1553043310387,16720620,141
2019-03-20 07:42:52.734,0.2,sell,3985.25,BTC-26APR19-4250-C,43.9,0.03,0.2,2,1553067772734,16726473,142
2019-03-20 07:42:52.734,0.8,sell,3985.25,BTC-26APR19-4250-C,43.9,0.03,0.8,3,1553067772734,16726474,143
2019-03-20 14:17:02.715,1.0,sell,3993.11,BTC-26APR19-4250-C,44.68,0.031,1.0,0,1553091422715,16732499,144
2019-03-20 14:21:04.241,3.0,buy,3994.3,BTC-26APR19-4250-C,44.99,0.0315,3.0,0,1553091664241,16732634,145
2019-03-20 15:57:57.820,0.3,buy,4000.07,BTC-26APR19-4250-C,45.35,0.0325,0.3,0,1553097477820,16734409,146
2019-03-20 15:58:21.326,2.0,buy,4000.08,BTC-26APR19-4250-C,45.76,0.033,2.0,0,1553097501326,16734412,147
2019-03-20 15:59:24.363,8.700000000000001,buy,4000.14,BTC-26APR19-4250-C,45.76,0.033,8.700000000000001,1,1553097564363,16734417,148
2019-03-20 16:17:40.487,2.1,buy,4012.53,BTC-26APR19-4250-C,45.66,0.034,2.1,0,1553098660487,16735126,149
2019-03-20 16:17:53.167,2.9,buy,4015.57,BTC-26APR19-4250-C,45.48,0.034,2.9,1,1553098673167,16735239,150
2019-03-20 17:51:58.898,3.0,sell,3996.21,BTC-26APR19-4250-C,45.49,0.032,3.0,2,1553104318898,16737401,151
2019-03-20 17:55:44.582,3.0,sell,3995.83,BTC-26APR19-4250-C,45.4,0.032,3.0,3,1553104544582,16737474,152
2019-03-20 18:30:50.765,2.0,buy,4004.6,BTC-26APR19-4250-C,45.78,0.033,2.0,0,1553106650765,16737852,153
2019-03-20 19:22:07.730,0.2,sell,4010.67,BTC-26APR19-4250-C,45.35,0.033,0.2,1,1553109727730,16738587,154
2019-03-21 14:02:01.776,0.1,sell,4022.05,BTC-26APR19-4250-C,43.93,0.0315,0.1,2,1553176921776,16757013,155
2019-03-21 14:38:11.595,0.2,buy,4000.02,BTC-26APR19-4250-C,45.61,0.0315,0.2,3,1553179091595,16758646,156
2019-03-21 22:35:22.017,0.2,buy,3985.83,BTC-26APR19-4250-C,44.96,0.03,0.2,2,1553207722017,16772026,157
2019-03-21 22:46:13.299,0.2,sell,3984.4,BTC-26APR19-4250-C,45.27,0.03,0.2,3,1553208373299,16772156,158
2019-03-21 22:46:13.414,0.2,sell,3984.4,BTC-26APR19-4250-C,45.27,0.03,0.2,3,1553208373414,16772157,159
2019-03-21 22:46:13.444,0.2,sell,3984.4,BTC-26APR19-4250-C,45.27,0.03,0.2,3,1553208373444,16772158,160
2019-03-22 01:47:03.484,0.5,sell,3977.04,BTC-26APR19-4250-C,44.85,0.029,0.5,2,1553219223484,16773303,161
2019-03-22 02:30:11.101,0.5,buy,3980.53,BTC-26APR19-4250-C,45.05,0.0295,0.5,1,1553221811101,16773454,163
2019-03-22 02:30:11.101,1.0,buy,3980.53,BTC-26APR19-4250-C,45.05,0.0295,1.0,0,1553221811101,16773453,162
2019-03-22 06:44:45.812,1.0,buy,3972.64,BTC-26APR19-4250-C,45.79,0.0295,1.0,1,1553237085812,16774583,164
2019-03-22 16:20:57.326,0.2,buy,3979.41,BTC-26APR19-4250-C,45.95,0.03,0.2,0,1553271657326,16779979,165
2019-03-22 16:20:57.443,0.8,sell,3979.41,BTC-26APR19-4250-C,45.95,0.03,0.8,1,1553271657443,16779980,166
2019-03-23 12:05:54.847,0.2,sell,3982.26,BTC-26APR19-4250-C,45.08,0.029,0.2,2,1553342754847,16791837,167
2019-03-23 12:05:54.861,0.3,sell,3982.26,BTC-26APR19-4250-C,44.18,0.027999999999999997,0.3,2,1553342754861,16791838,168
2019-03-23 12:12:55.965,0.2,sell,3983.33,BTC-26APR19-4250-C,44.58,0.0285,0.2,0,1553343175965,16791884,169
2019-03-23 15:53:10.410,0.2,sell,3975.33,BTC-26APR19-4250-C,45.2,0.0285,0.2,1,1553356390410,16794336,170
2019-03-23 22:02:35.462,0.2,sell,3975.05,BTC-26APR19-4250-C,45.57,0.0285,0.2,1,1553378555462,16795689,171
2019-03-23 22:02:35.505,0.2,buy,3975.05,BTC-26APR19-4250-C,45.57,0.0285,0.2,1,1553378555505,16795690,172
2019-03-23 22:02:35.535,0.2,buy,3975.05,BTC-26APR19-4250-C,45.57,0.0285,0.2,1,1553378555535,16795691,173
2019-03-24 14:30:49.671,0.2,sell,3970.78,BTC-26APR19-4250-C,44.54,0.0265,0.2,2,1553437849671,16801274,174
2019-03-24 14:39:58.077,0.8,buy,3973.43,BTC-26APR19-4250-C,44.42,0.0265,0.8,3,1553438398077,16801281,175
2019-03-24 14:39:58.077,9.2,buy,3973.43,BTC-26APR19-4250-C,44.88,0.027000000000000003,9.2,0,1553438398077,16801282,176
2019-03-24 14:41:36.659,10.0,buy,3973.69,BTC-26APR19-4250-C,45.31,0.0275,10.0,0,1553438496659,16801297,177
2019-03-24 16:14:14.055,0.3,buy,3968.62,BTC-26APR19-4250-C,46.0,0.028,0.3,0,1553444054055,16801597,178
2019-03-24 16:45:25.084,1.0,sell,3968.3,BTC-26APR19-4250-C,44.8,0.0265,1.0,2,1553445925084,16801802,179
2019-03-25 03:46:55.021,5.0,buy,3976.65,BTC-26APR19-4250-C,45.07,0.027000000000000003,5.0,0,1553485615021,16807799,180
2019-03-25 03:46:58.658,10.2,sell,3976.65,BTC-26APR19-4250-C,45.07,0.027000000000000003,10.2,1,1553485618658,16807800,181
2019-03-25 04:05:48.326,0.2,sell,3975.81,BTC-26APR19-4250-C,43.87,0.0255,0.2,2,1553486748326,16807912,182
2019-03-25 04:05:48.329,0.8,buy,3975.81,BTC-26APR19-4250-C,43.87,0.0255,0.8,3,1553486748329,16807913,183
2019-03-25 04:33:07.623,10.0,buy,3973.38,BTC-26APR19-4250-C,45.28,0.027000000000000003,10.0,0,1553488387623,16808064,184
2019-03-25 12:11:00.152,2.0,sell,3962.7,BTC-26APR19-4250-C,44.22,0.025,2.0,2,1553515860152,16810475,185
2019-03-25 12:23:55.652,0.5,sell,3957.05,BTC-26APR19-4250-C,44.7,0.025,0.5,3,1553516635652,16811062,186
2019-03-25 14:42:04.483,0.5,buy,3963.81,BTC-26APR19-4250-C,44.94,0.0255,0.5,1,1553524924483,16812449,188
2019-03-25 14:42:04.483,10.9,buy,3963.81,BTC-26APR19-4250-C,44.94,0.0255,10.9,0,1553524924483,16812448,187
2019-03-25 14:42:17.821,0.5,buy,3963.79,BTC-26APR19-4250-C,45.41,0.026,0.5,0,1553524937821,16812451,189
2019-03-25 14:42:17.821,10.8,buy,3963.79,BTC-26APR19-4250-C,45.41,0.026,10.8,1,1553524937821,16812452,190
2019-03-25 15:50:47.580,7.5,sell,3955.32,BTC-26APR19-4250-C,45.16,0.025,7.5,2,1553529047580,16813229,191
2019-03-25 15:50:47.580,2.0,sell,3955.32,BTC-26APR19-4250-C,45.16,0.025,2.0,3,1553529047580,16813230,192
2019-03-25 18:49:42.701,2.0,sell,3909.28,BTC-26APR19-4250-C,44.16,0.021,2.0,2,1553539782701,16819123,193
2019-03-25 19:02:35.579,0.5,sell,3868.11,BTC-26APR19-4250-C,46.47,0.0205,0.5,2,1553540555579,16822462,194
2019-03-25 19:10:07.604,0.5,buy,3883.6,BTC-26APR19-4250-C,46.51,0.0215,0.5,0,1553541007604,16824347,195
2019-03-25 19:33:21.084,0.4,buy,3899.63,BTC-26APR19-4250-C,46.64,0.0225,0.4,1,1553542401084,16825780,197
2019-03-25 19:33:21.084,0.6,buy,3899.63,BTC-26APR19-4250-C,46.64,0.0225,0.6,0,1553542401084,16825779,196
2019-03-25 19:33:33.605,1.5,buy,3899.66,BTC-26APR19-4250-C,46.63,0.0225,1.5,1,1553542413605,16825783,198
2019-03-25 19:35:05.362,0.5,sell,3899.97,BTC-26APR19-4250-C,45.43,0.0215,0.5,2,1553542505362,16825807,199
2019-03-25 20:13:35.911,0.4,sell,3886.62,BTC-26APR19-4250-C,45.25,0.0205,0.4,2,1553544815911,16826506,200
2019-03-25 20:21:06.429,2.0,sell,3883.18,BTC-26APR19-4250-C,45.0,0.02,2.0,3,1553545266429,16826704,202
2019-03-25 20:21:06.429,50.0,sell,3883.18,BTC-26APR19-4250-C,45.0,0.02,50.0,2,1553545266429,16826703,201
2019-03-25 20:21:06.429,0.5,sell,3883.18,BTC-26APR19-4250-C,44.48,0.0195,0.5,2,1553545266429,16826705,203
2019-03-25 20:21:06.429,6.7,sell,3883.18,BTC-26APR19-4250-C,44.48,0.0195,6.7,3,1553545266429,16826706,204
2019-03-25 21:28:11.656,0.5,buy,3886.23,BTC-26APR19-4250-C,45.87,0.021,0.5,0,1553549291656,16828043,205
2019-03-25 21:28:11.656,0.5,buy,3886.23,BTC-26APR19-4250-C,46.39,0.0215,0.5,0,1553549291656,16828044,206
2019-03-26 04:15:28.509,0.5,sell,3914.09,BTC-26APR19-4250-C,44.34,0.021,0.5,2,1553573728509,16832572,207
2019-03-26 04:15:28.509,12.8,sell,3914.09,BTC-26APR19-4250-C,43.32,0.02,12.8,2,1553573728509,16832573,208
2019-03-26 04:15:28.509,12.7,sell,3914.09,BTC-26APR19-4250-C,43.32,0.02,12.7,3,1553573728509,16832574,209
2019-03-26 04:15:28.517,4.4,buy,3914.09,BTC-26APR19-4250-C,43.32,0.02,4.4,3,1553573728517,16832575,210
2019-03-26 04:15:28.549,0.5,buy,3914.09,BTC-26APR19-4250-C,43.32,0.02,0.5,3,1553573728549,16832576,211
2019-03-26 04:15:28.552,10.0,buy,3914.09,BTC-26APR19-4250-C,43.32,0.02,10.0,3,1553573728552,16832577,212
2019-03-26 09:21:22.311,1.0,sell,3905.27,BTC-26APR19-4250-C,43.52,0.0195,1.0,2,1553592082311,16835055,213
2019-03-26 13:33:55.741,0.5,sell,3886.78,BTC-26APR19-4250-C,44.32,0.019,0.5,2,1553607235741,16837137,214
2019-03-26 13:33:55.741,1.5,sell,3886.78,BTC-26APR19-4250-C,43.79,0.0185,1.5,2,1553607235741,16837138,215
2019-03-26 14:27:19.047,1.0,sell,3897.82,BTC-26APR19-4250-C,43.66,0.019,1.0,0,1553610439047,16837892,216
2019-03-26 14:32:27.399,8.0,buy,3899.14,BTC-26APR19-4250-C,44.13,0.0195,8.0,1,1553610747399,16837947,218
2019-03-26 14:32:27.399,2.0,buy,3899.14,BTC-26APR19-4250-C,44.13,0.0195,2.0,0,1553610747399,16837946,217
2019-03-26 14:45:23.435,13.7,buy,3906.5,BTC-26APR19-4250-C,44.16,0.02,13.7,1,1553611523435,16838260,220
2019-03-26 14:45:23.435,0.5,buy,3906.5,BTC-26APR19-4250-C,44.16,0.02,0.5,0,1553611523435,16838259,219
2019-03-26 14:46:02.649,0.2,buy,3906.66,BTC-26APR19-4250-C,44.68,0.0205,0.2,0,1553611562649,16838268,222
2019-03-26 14:46:02.649,0.5,buy,3906.66,BTC-26APR19-4250-C,44.16,0.02,0.5,1,1553611562649,16838267,221
2019-03-26 14:46:02.649,13.5,buy,3906.66,BTC-26APR19-4250-C,44.68,0.0205,13.5,1,1553611562649,16838269,223
2019-03-26 14:46:31.627,13.8,buy,3906.73,BTC-26APR19-4250-C,44.15,0.02,13.8,2,1553611591627,16838276,224
2019-03-26 14:50:53.613,0.5,buy,3907.42,BTC-26APR19-4250-C,44.67,0.0205,0.5,1,1553611853613,16838362,226
2019-03-26 14:50:53.613,0.2,buy,3907.42,BTC-26APR19-4250-C,44.67,0.0205,0.2,0,1553611853613,16838361,225
2019-03-26 14:51:13.240,11.0,buy,3907.72,BTC-26APR19-4250-C,44.65,0.0205,11.0,1,1553611873240,16838369,227
2019-03-26 14:52:01.197,13.3,buy,3907.75,BTC-26APR19-4250-C,45.18,0.021,13.3,1,1553611921197,16838373,229
2019-03-26 14:52:01.197,0.5,buy,3907.75,BTC-26APR19-4250-C,45.18,0.021,0.5,0,1553611921197,16838372,228
2019-03-26 14:52:44.189,13.4,buy,3907.73,BTC-26APR19-4250-C,45.17,0.021,13.4,1,1553611964189,16838380,231
2019-03-26 14:52:44.189,6.9,buy,3907.73,BTC-26APR19-4250-C,45.17,0.021,6.9,1,1553611964189,16838379,230
2019-03-26 15:11:33.815,13.4,buy,3910.49,BTC-26APR19-4250-C,44.84,0.021,13.4,1,1553613093815,16838651,233
2019-03-26 15:11:33.815,0.5,buy,3910.49,BTC-26APR19-4250-C,44.84,0.021,0.5,1,1553613093815,16838650,232
2019-03-26 15:14:22.834,12.8,buy,3911.93,BTC-26APR19-4250-C,45.29,0.0215,12.8,0,1553613262834,16838733,234
2019-03-26 15:14:22.834,13.2,buy,3911.93,BTC-26APR19-4250-C,45.29,0.0215,13.2,1,1553613262834,16838734,235
2019-03-26 15:17:22.871,0.5,buy,3912.35,BTC-26APR19-4250-C,45.29,0.0215,0.5,1,1553613442871,16838809,236
2019-03-26 15:20:52.303,6.9,sell,3910.75,BTC-26APR19-4250-C,45.03,0.021,6.9,2,1553613652303,16838898,237
2019-03-26 15:20:54.418,1.8,sell,3910.75,BTC-26APR19-4250-C,45.03,0.021,1.8,3,1553613654418,16838901,240
2019-03-26 15:20:54.418,2.0,sell,3910.75,BTC-26APR19-4250-C,45.03,0.021,2.0,3,1553613654418,16838900,239
2019-03-26 15:20:54.418,3.1,sell,3910.75,BTC-26APR19-4250-C,45.03,0.021,3.1,3,1553613654418,16838899,238
2019-03-26 15:56:06.660,1.5,sell,3918.15,BTC-26APR19-4250-C,44.92,0.0215,1.5,0,1553615766660,16839665,241
2019-03-26 15:56:23.386,1.0,sell,3915.58,BTC-26APR19-4250-C,44.6,0.021,1.0,2,1553615783386,16839737,242
2019-03-26 16:20:13.607,2.0,buy,3917.77,BTC-26APR19-4250-C,45.49,0.022,2.0,1,1553617213607,16839963,246
2019-03-26 16:20:13.607,0.5,buy,3917.77,BTC-26APR19-4250-C,45.49,0.022,0.5,1,1553617213607,16839962,245
2019-03-26 16:20:13.607,10.0,buy,3917.77,BTC-26APR19-4250-C,45.49,0.022,10.0,1,1553617213607,16839961,244
2019-03-26 16:20:13.607,13.0,buy,3917.77,BTC-26APR19-4250-C,45.49,0.022,13.0,1,1553617213607,16839964,247
2019-03-26 16:20:13.607,12.8,buy,3917.77,BTC-26APR19-4250-C,45.49,0.022,12.8,0,1553617213607,16839960,243
2019-03-26 16:32:01.054,10.0,buy,3914.44,BTC-26APR19-4250-C,45.14,0.0215,10.0,2,1553617921054,16840177,248
2019-03-26 16:48:43.842,9.3,buy,3912.28,BTC-26APR19-4250-C,45.37,0.0215,9.3,3,1553618923842,16840259,249
2019-03-26 16:55:45.367,10.0,sell,3913.16,BTC-26APR19-4250-C,44.86,0.021,10.0,2,1553619345367,16840305,250
2019-03-26 16:55:54.655,10.0,sell,3913.16,BTC-26APR19-4250-C,44.86,0.021,10.0,3,1553619354655,16840306,251
2019-03-26 17:13:28.281,0.5,buy,3913.73,BTC-26APR19-4250-C,45.34,0.0215,0.5,0,1553620408281,16840413,252
2019-03-26 17:13:35.610,9.5,sell,3913.73,BTC-26APR19-4250-C,45.34,0.0215,9.5,1,1553620415610,16840414,253
2019-03-26 17:13:35.610,2.0,sell,3913.73,BTC-26APR19-4250-C,45.34,0.0215,2.0,1,1553620415610,16840415,254
2019-03-26 17:13:44.830,10.0,sell,3913.73,BTC-26APR19-4250-C,44.83,0.021,10.0,2,1553620424830,16840416,255
2019-03-26 17:13:54.046,10.0,sell,3913.68,BTC-26APR19-4250-C,44.83,0.021,10.0,3,1553620434046,16840417,256
2019-03-26 17:15:31.778,10.0,buy,3913.69,BTC-26APR19-4250-C,45.34,0.0215,10.0,0,1553620531778,16840419,257
2019-03-26 17:15:31.778,2.0,buy,3913.69,BTC-26APR19-4250-C,45.34,0.0215,2.0,1,1553620531778,16840420,258
2019-03-26 17:27:27.805,1.2,sell,3914.07,BTC-26APR19-4250-C,44.71,0.021,1.2,2,1553621247805,16840469,259
2019-03-26 17:27:27.805,8.8,sell,3914.07,BTC-26APR19-4250-C,44.71,0.021,8.8,3,1553621247805,16840470,260
2019-03-26 18:09:13.960,10.0,buy,3912.82,BTC-26APR19-4250-C,45.37,0.0215,10.0,0,1553623753960,16840685,261
2019-03-26 19:53:35.223,13.1,buy,3914.49,BTC-26APR19-4250-C,45.33,0.0215,13.1,1,1553630015223,16841739,262
2019-03-26 19:53:35.223,7.4,buy,3914.49,BTC-26APR19-4250-C,45.33,0.0215,7.4,1,1553630015223,16841740,263
2019-03-26 21:00:41.516,1.2,sell,3913.23,BTC-26APR19-4250-C,44.83,0.021,1.2,2,1553634041516,16842008,264
2019-03-26 21:00:41.516,10.0,sell,3913.23,BTC-26APR19-4250-C,44.83,0.021,10.0,3,1553634041516,16842009,265
2019-03-26 21:00:41.516,0.1,sell,3913.23,BTC-26APR19-4250-C,44.83,0.021,0.1,3,1553634041516,16842011,267
2019-03-26 21:00:41.516,2.0,sell,3913.23,BTC-26APR19-4250-C,44.83,0.021,2.0,3,1553634041516,16842010,266
2019-03-26 21:45:20.300,13.2,buy,3910.89,BTC-26APR19-4250-C,45.68,0.0215,13.2,1,1553636720300,16842183,270
2019-03-26 21:45:20.300,2.0,buy,3910.89,BTC-26APR19-4250-C,45.68,0.0215,2.0,0,1553636720300,16842181,268
2019-03-26 21:45:20.300,11.3,buy,3910.89,BTC-26APR19-4250-C,45.68,0.0215,11.3,1,1553636720300,16842182,269
2019-03-26 21:51:21.479,0.5,buy,3910.17,BTC-26APR19-4250-C,45.16,0.021,0.5,2,1553637081479,16842189,271
2019-03-26 23:31:47.871,1.0,sell,3917.09,BTC-26APR19-4250-C,44.59,0.021,1.0,3,1553643107871,16842677,272
2019-03-27 00:53:51.983,1.0,buy,3930.05,BTC-26APR19-4250-C,44.18,0.0215,1.0,0,1553648031983,16844133,273
2019-03-27 00:53:51.983,12.7,buy,3930.05,BTC-26APR19-4250-C,44.69,0.022,12.7,0,1553648031983,16844134,274
2019-03-27 01:01:43.436,2.0,sell,3945.69,BTC-26APR19-4250-C,44.6,0.023,2.0,1,1553648503436,16845449,276
2019-03-27 01:01:43.436,7.0,sell,3945.69,BTC-26APR19-4250-C,44.6,0.023,7.0,0,1553648503436,16845448,275
2019-03-27 03:35:08.457,0.5,buy,3970.25,BTC-26APR19-4250-C,44.44,0.0245,0.5,0,1553657708457,16851767,277
2019-03-27 03:38:44.760,0.5,buy,3971.65,BTC-26APR19-4250-C,44.34,0.0245,0.5,1,1553657924760,16851834,278
2019-03-27 03:38:44.781,0.5,buy,3971.65,BTC-26APR19-4250-C,44.34,0.0245,0.5,1,1553657924781,16851835,279
2019-03-27 04:08:11.141,5.0,buy,3980.7,BTC-26APR19-4250-C,45.28,0.026000000000000002,5.0,1,1553659691141,16852387,281
2019-03-27 04:08:11.141,10.0,buy,3980.7,BTC-26APR19-4250-C,45.28,0.026000000000000002,10.0,0,1553659691141,16852386,280
2019-03-27 04:08:11.141,2.0,buy,3980.7,BTC-26APR19-4250-C,45.28,0.026000000000000002,2.0,1,1553659691141,16852388,282
2019-03-27 05:47:11.769,0.5,buy,3987.49,BTC-26APR19-4250-C,44.88,0.026,0.5,1,1553665631769,16853474,283
2019-03-27 06:09:31.967,0.5,sell,3983.72,BTC-26APR19-4250-C,44.13,0.025,0.5,2,1553666971967,16854282,284
2019-03-27 06:42:55.335,0.5,buy,3984.19,BTC-26APR19-4250-C,45.13,0.026,0.5,1,1553668975335,16854434,286
2019-03-27 06:42:55.335,10.5,buy,3984.19,BTC-26APR19-4250-C,45.13,0.026,10.5,0,1553668975335,16854433,285
2019-03-27 06:57:21.212,0.5,buy,3983.95,BTC-26APR19-4250-C,45.16,0.026,0.5,1,1553669841212,16854485,287
2019-03-27 08:49:13.339,1.6,sell,3978.95,BTC-26APR19-4250-C,43.56,0.024,1.6,2,1553676553339,16855282,288
2019-03-27 09:17:23.381,0.5,sell,3985.16,BTC-26APR19-4250-C,43.62,0.0245,0.5,0,1553678243381,16855734,289
2019-03-27 09:26:16.983,0.5,sell,3983.72,BTC-26APR19-4250-C,44.24,0.025,0.5,0,1553678776983,16855878,290
2019-03-27 09:27:14.837,0.5,sell,3984.96,BTC-26APR19-4250-C,44.08,0.025,0.5,1,1553678834837,16855925,291
2019-03-27 09:44:51.697,0.5,sell,3984.19,BTC-26APR19-4250-C,44.18,0.025,0.5,1,1553679891697,16856009,292
2019-03-27 09:49:38.662,0.5,sell,3982.98,BTC-26APR19-4250-C,44.18,0.025,0.5,1,1553680178662,16856026,293
2019-03-27 10:26:25.560,0.5,sell,4012.4,BTC-26APR19-4250-C,42.77,0.0255,0.5,0,1553682385560,16858802,294
2019-03-27 10:26:25.560,2.0,sell,4012.4,BTC-26APR19-4250-C,42.77,0.0255,2.0,1,1553682385560,16858803,295
2019-03-27 11:55:12.251,0.5,sell,4028.17,BTC-26APR19-4250-C,42.88,0.027000000000000003,0.5,0,1553687712251,16861288,296
2019-03-27 12:12:58.241,1.0,sell,4019.81,BTC-26APR19-4250-C,42.12,0.0255,1.0,2,1553688778241,16862515,297
2019-03-27 13:05:51.539,1.0,buy,4009.09,BTC-26APR19-4250-C,44.42,0.027000000000000003,1.0,0,1553691951539,16863167,298
2019-03-27 13:58:06.137,10.2,buy,4013.98,BTC-26APR19-4250-C,45.0,0.028,10.2,1,1553695086137,16863815,300
2019-03-27 13:58:06.137,1.0,buy,4013.98,BTC-26APR19-4250-C,45.0,0.028,1.0,0,1553695086137,16863814,299
2019-03-27 15:43:05.896,1.0,buy,4006.49,BTC-26APR19-4250-C,44.09,0.0265,1.0,2,1553701385896,16865525,301
2019-03-27 15:57:39.427,1.0,sell,4013.31,BTC-26APR19-4250-C,43.05,0.026,1.0,2,1553702259427,16865729,302
2019-03-27 15:59:18.732,1.0,buy,4013.43,BTC-26APR19-4250-C,43.98,0.027000000000000003,1.0,0,1553702358732,16865739,303
2019-03-27 15:59:18.732,86.9,buy,4013.43,BTC-26APR19-4250-C,44.45,0.0275,86.9,1,1553702358732,16865741,305
2019-03-27 15:59:18.732,2.0,buy,4013.43,BTC-26APR19-4250-C,44.45,0.0275,2.0,0,1553702358732,16865740,304
2019-03-27 16:00:15.076,100.0,buy,4012.89,BTC-26APR19-4250-C,44.44,0.0275,100.0,1,1553702415076,16865777,306
2019-03-27 16:00:16.209,36.0,buy,4012.89,BTC-26APR19-4250-C,44.44,0.0275,36.0,1,1553702416209,16865778,307
2019-03-27 16:00:33.168,90.0,buy,4013.0,BTC-26APR19-4250-C,44.42,0.0275,90.0,1,1553702433168,16865789,308
2019-03-27 16:01:10.044,17.8,buy,4012.8,BTC-26APR19-4250-C,44.41,0.0275,17.8,1,1553702470044,16865800,309
2019-03-27 16:01:40.243,40.0,buy,4013.08,BTC-26APR19-4250-C,44.41,0.0275,40.0,1,1553702500243,16865804,310
2019-03-27 16:03:12.045,1.7,buy,4013.2,BTC-26APR19-4250-C,44.42,0.0275,1.7,1,1553702592045,16865832,311
2019-03-27 16:07:36.881,100.0,buy,4011.66,BTC-26APR19-4250-C,44.63,0.0275,100.0,1,1553702856881,16865930,312
2019-03-27 16:13:23.853,8.4,buy,4009.59,BTC-26APR19-4250-C,44.45,0.027000000000000003,8.4,2,1553703203853,16866021,313
2019-03-27 16:43:49.331,9.1,buy,4005.4,BTC-26APR19-4250-C,45.2,0.0275,9.1,0,1553705029331,16866697,314
2019-03-27 16:43:49.331,1.0,buy,4005.4,BTC-26APR19-4250-C,45.2,0.0275,1.0,1,1553705029331,16866698,315
2019-03-27 16:43:50.512,9.1,sell,4005.4,BTC-26APR19-4250-C,45.2,0.0275,9.1,1,1553705030512,16866700,316
2019-03-27 16:43:50.637,9.6,sell,4005.4,BTC-26APR19-4250-C,45.2,0.0275,9.6,1,1553705030637,16866701,317
2019-03-27 17:08:56.536,19.3,sell,4005.54,BTC-26APR19-4250-C,45.25,0.0275,19.3,1,1553706536536,16866869,318
2019-03-27 17:21:29.294,6.9,sell,4004.05,BTC-26APR19-4250-C,45.41,0.0275,6.9,1,1553707289294,16866934,319
2019-03-27 17:21:32.407,6.9,sell,4004.03,BTC-26APR19-4250-C,45.42,0.0275,6.9,1,1553707292407,16866935,320
2019-03-27 18:27:13.414,0.8,sell,4012.04,BTC-26APR19-4250-C,44.68,0.0275,0.8,1,1553711233414,16867503,321
2019-03-27 18:27:52.451,3.5,sell,4011.92,BTC-26APR19-4250-C,44.68,0.0275,3.5,1,1553711272451,16867512,322
2019-03-27 18:32:33.654,1.0,sell,4011.41,BTC-26APR19-4250-C,44.85,0.0275,1.0,1,1553711553654,16867576,323
2019-03-27 18:53:41.489,2.8000000000000003,sell,4007.38,BTC-26APR19-4250-C,45.27,0.0275,2.8000000000000003,1,1553712821489,16867681,324
2019-03-27 19:51:20.884,1.0,sell,4006.51,BTC-26APR19-4250-C,43.87,0.026,1.0,2,1553716280884,16868691,325
2019-03-27 19:51:20.884,2.0,sell,4006.51,BTC-26APR19-4250-C,43.87,0.026,2.0,3,1553716280884,16868692,326
2019-03-27 19:51:20.884,19.3,sell,4006.51,BTC-26APR19-4250-C,42.9,0.025,19.3,2,1553716280884,16868694,328
2019-03-27 19:51:20.884,0.3,sell,4006.51,BTC-26APR19-4250-C,43.38,0.0255,0.3,2,1553716280884,16868693,327
2019-03-27 19:51:20.884,42.4,sell,4006.51,BTC-26APR19-4250-C,42.9,0.025,42.4,3,1553716280884,16868695,329
2019-03-27 21:14:22.494,0.3,buy,4009.36,BTC-26APR19-4250-C,43.6,0.026,0.3,0,1553721262494,16869358,330
2019-03-27 21:34:02.104,1.0,buy,4012.72,BTC-26APR19-4250-C,43.01,0.0255,1.0,2,1553722442104,16869403,331
2019-03-27 21:35:35.464,1.0,buy,4012.59,BTC-26APR19-4250-C,43.51,0.026,1.0,1,1553722535464,16869406,333
2019-03-27 21:35:35.464,1.0,buy,4012.59,BTC-26APR19-4250-C,43.51,0.026,1.0,1,1553722535464,16869407,334
2019-03-27 21:35:35.464,2.0,buy,4012.59,BTC-26APR19-4250-C,43.51,0.026,2.0,0,1553722535464,16869405,332
2019-03-27 21:42:43.515,5.0,buy,4010.03,BTC-26APR19-4250-C,44.03,0.0265,5.0,0,1553722963515,16869534,335
2019-03-27 21:43:05.219,9.0,buy,4010.34,BTC-26APR19-4250-C,43.52,0.026,9.0,2,1553722985219,16869536,336
2019-03-28 01:03:41.531,1.0,sell,4015.1,BTC-26APR19-4250-C,43.57,0.0265,1.0,0,1553735021531,16881438,337
2019-03-28 01:08:16.428,3.0,buy,4015.4,BTC-26APR19-4250-C,43.56,0.0265,3.0,1,1553735296428,16881455,338
2019-03-28 04:19:31.793,1.0,sell,3998.83,BTC-26APR19-4250-C,43.5,0.025,1.0,2,1553746771793,16919146,339
2019-03-28 08:38:14.994,2.0,sell,4004.94,BTC-26APR19-4250-C,43.64,0.0255,2.0,1,1553762294994,16922863,341
2019-03-28 08:38:14.994,7.0,sell,4004.94,BTC-26APR19-4250-C,43.64,0.0255,7.0,0,1553762294994,16922862,340
2019-03-28 10:08:03.059,0.8,buy,4008.71,BTC-26APR19-4250-C,43.34,0.0255,0.8,1,1553767683059,16923522,342
2019-03-28 12:11:29.795,0.2,buy,4002.7,BTC-26APR19-4250-C,43.93,0.0255,0.2,1,1553775089795,16924737,343
2019-03-28 12:14:05.955,0.8,buy,4003.69,BTC-26APR19-4250-C,44.4,0.026,0.8,0,1553775245955,16924767,344
2019-03-28 14:01:00.787,1.0,buy,4012.02,BTC-26APR19-4250-C,44.04,0.0265,1.0,0,1553781660787,16925672,345
2019-03-28 14:01:00.787,0.9,buy,4012.02,BTC-26APR19-4250-C,44.04,0.0265,0.9,1,1553781660787,16925673,346
2019-03-28 15:38:39.627,4.1,buy,4014.32,BTC-26APR19-4250-C,44.17,0.0265,4.1,1,1553787519627,16926209,347
2019-03-28 16:19:37.489,0.9,sell,4014.73,BTC-26APR19-4250-C,44.11,0.0265,0.9,1,1553789977489,16926549,348
2019-03-28 16:53:34.365,0.2,sell,4005.06,BTC-26APR19-4250-C,44.27,0.026000000000000002,0.2,2,1553792014365,16926987,349
2019-03-28 18:44:57.425,0.9,buy,4010.26,BTC-26APR19-4250-C,44.45,0.0265,0.9,1,1553798697425,16927659,351
2019-03-28 18:44:57.425,0.1,buy,4010.26,BTC-26APR19-4250-C,44.45,0.0265,0.1,0,1553798697425,16927658,350
2019-03-28 18:45:32.529,0.1,buy,4009.79,BTC-26APR19-4250-C,44.46,0.0265,0.1,1,1553798732529,16927662,352
2019-03-28 19:31:38.658,0.5,sell,4010.36,BTC-26APR19-4250-C,44.1,0.026,0.5,2,1553801498658,16928034,353
2019-03-28 19:49:21.059,1.0,sell,4011.26,BTC-26APR19-4250-C,43.53,0.0255,1.0,2,1553802561059,16928094,354
2019-03-28 19:49:21.059,50.0,sell,4011.26,BTC-26APR19-4250-C,43.53,0.0255,50.0,3,1553802561059,16928095,355
2019-03-28 20:42:46.411,1.0,buy,4011.44,BTC-26APR19-4250-C,44.48,0.0265,1.0,0,1553805766411,16928225,356
2019-03-28 21:56:20.991,0.1,buy,4012.22,BTC-26APR19-4250-C,44.87,0.027000000000000003,0.1,0,1553810180991,16928588,357
2019-03-28 22:58:44.975,1.0,sell,4010.42,BTC-26APR19-4250-C,44.67,0.0265,1.0,2,1553813924975,16928766,358
2019-03-28 23:18:38.786,0.5,buy,4009.6,BTC-26APR19-4250-C,45.19,0.027000000000000003,0.5,0,1553815118786,16928911,359
2019-03-29 02:37:10.811,5.0,buy,4014.49,BTC-26APR19-4250-C,45.36,0.0275,5.0,0,1553827030811,16931856,360
2019-03-29 03:48:41.717,1.0,sell,4024.97,BTC-26APR19-4250-C,45.12,0.028,1.0,0,1553831321717,16932547,361
2019-03-29 03:49:26.548,11.0,sell,4023.18,BTC-26APR19-4250-C,44.75,0.0275,11.0,2,1553831366548,16932637,362
2019-03-29 03:49:26.548,1.0,sell,4023.18,BTC-26APR19-4250-C,44.75,0.0275,1.0,3,1553831366548,16932638,363
2019-03-29 04:07:37.102,1.0,sell,4027.97,BTC-26APR19-4250-C,44.0,0.027000000000000003,1.0,2,1553832457102,16932907,364
2019-03-29 04:22:51.241,5.8,buy,4032.86,BTC-26APR19-4250-C,45.22,0.029,5.8,0,1553833371241,16933537,365
2019-03-29 04:35:51.962,1.0,buy,4039.09,BTC-26APR19-4250-C,45.16,0.0295,1.0,0,1553834151962,16934555,366
2019-03-29 07:36:21.069,0.5,buy,4035.53,BTC-26APR19-4250-C,46.17,0.03,0.5,0,1553844981069,16938815,367
2019-03-29 07:46:40.949,2.0,buy,4040.97,BTC-26APR19-4250-C,47.17,0.0315,2.0,0,1553845600949,16939490,369
2019-03-29 07:46:40.949,0.3,buy,4040.97,BTC-26APR19-4250-C,46.69,0.031,0.3,0,1553845600949,16939489,368
2019-03-29 07:46:42.076,11.7,sell,4041.19,BTC-26APR19-4250-C,47.15,0.0315,11.7,2,1553845602076,16939492,371
2019-03-29 07:46:42.076,0.3,sell,4041.19,BTC-26APR19-4250-C,47.63,0.032,0.3,0,1553845602076,16939491,370
2019-03-29 07:51:39.711,2.0,sell,4046.27,BTC-26APR19-4250-C,46.74,0.0315,2.0,3,1553845899711,16939748,372
2019-03-29 07:53:06.592,4.0,sell,4043.05,BTC-26APR19-4250-C,47.0,0.0315,4.0,3,1553845986592,16939856,373
2019-03-29 07:59:31.179,39.7,buy,4043.22,BTC-26APR19-4250-C,49.84,0.0345,39.7,0,1553846371179,16940197,375
2019-03-29 07:59:31.179,0.3,buy,4043.22,BTC-26APR19-4250-C,49.37,0.034,0.3,0,1553846371179,16940196,374
2019-03-29 08:04:24.835,0.3,sell,4027.13,BTC-26APR19-4250-C,47.33,0.0305,0.3,2,1553846664835,16940865,376
2019-03-29 08:05:39.429,8.0,sell,4026.84,BTC-26APR19-4250-C,46.88,0.03,8.0,2,1553846739429,16941072,377
2019-03-29 08:05:45.837,2.0,sell,4026.84,BTC-26APR19-4250-C,46.88,0.03,2.0,3,1553846745837,16941074,379
2019-03-29 08:05:45.837,4.0,sell,4026.84,BTC-26APR19-4250-C,46.88,0.03,4.0,3,1553846745837,16941073,378
2019-03-29 08:08:33.491,10.0,sell,4028.33,BTC-26APR19-4250-C,44.34,0.0275,10.0,2,1553846913491,16941217,380
2019-03-29 08:38:06.090,20.0,sell,4031.75,BTC-26APR19-4250-C,44.09,0.0275,20.0,3,1553848686090,16941791,381
2019-03-29 08:41:29.354,1.0,buy,4029.14,BTC-26APR19-4250-C,44.3,0.0275,1.0,3,1553848889354,16941864,382
2019-03-29 08:42:24.540,1.0,sell,4028.64,BTC-26APR19-4250-C,44.34,0.0275,1.0,3,1553848944540,16941882,383
2019-03-29 08:54:46.192,1.0,sell,4030.44,BTC-26APR19-4250-C,44.2,0.0275,1.0,3,1553849686192,16942000,384
2019-03-29 09:04:29.591,0.3,buy,4031.92,BTC-26APR19-4250-C,45.06,0.0285,0.3,1,1553850269591,16942046,386
2019-03-29 09:04:29.591,1.0,buy,4031.92,BTC-26APR19-4250-C,45.06,0.0285,1.0,0,1553850269591,16942045,385
2019-03-29 09:14:38.572,1.0,sell,4052.95,BTC-26APR19-4250-C,43.39,0.0285,1.0,1,1553850878572,16942706,387
2019-03-29 09:14:38.905,1.0,sell,4052.95,BTC-26APR19-4250-C,43.39,0.0285,1.0,1,1553850878905,16942715,388
2019-03-29 09:14:38.954,1.0,sell,4052.95,BTC-26APR19-4250-C,43.39,0.0285,1.0,1,1553850878954,16942718,389
2019-03-29 09:14:39.026,1.0,sell,4053.06,BTC-26APR19-4250-C,43.38,0.0285,1.0,1,1553850879026,16942722,390
2019-03-29 09:14:39.225,1.0,sell,4053.06,BTC-26APR19-4250-C,43.38,0.0285,1.0,1,1553850879225,16942728,391
2019-03-29 09:14:39.341,1.0,sell,4053.06,BTC-26APR19-4250-C,43.38,0.0285,1.0,1,1553850879341,16942734,392
2019-03-29 09:14:39.407,1.0,sell,4053.06,BTC-26APR19-4250-C,43.38,0.0285,1.0,1,1553850879407,16942739,393
2019-03-29 09:14:39.612,1.0,sell,4053.06,BTC-26APR19-4250-C,43.38,0.0285,1.0,1,1553850879612,16942744,394
2019-03-29 09:14:39.647,0.6,sell,4053.06,BTC-26APR19-4250-C,42.9,0.028,0.6,3,1553850879647,16942751,397
2019-03-29 09:14:39.647,0.1,sell,4053.06,BTC-26APR19-4250-C,43.38,0.0285,0.1,1,1553850879647,16942749,395
2019-03-29 09:14:39.647,0.3,sell,4053.06,BTC-26APR19-4250-C,42.9,0.028,0.3,2,1553850879647,16942750,396
2019-03-29 09:14:39.691,1.0,sell,4053.06,BTC-26APR19-4250-C,42.9,0.028,1.0,3,1553850879691,16942755,398
2019-03-29 09:14:39.847,0.3,sell,4053.06,BTC-26APR19-4250-C,43.38,0.0285,0.3,0,1553850879847,16942760,399
2019-03-29 09:14:39.847,0.7000000000000001,sell,4053.06,BTC-26APR19-4250-C,42.9,0.028,0.7000000000000001,2,1553850879847,16942761,400
2019-03-29 09:14:39.898,1.0,sell,4053.06,BTC-26APR19-4250-C,42.9,0.028,1.0,3,1553850879898,16942777,401
2019-03-29 09:14:39.950,1.0,sell,4053.06,BTC-26APR19-4250-C,42.9,0.028,1.0,3,1553850879950,16942781,402
2019-03-29 09:14:40.026,0.7000000000000001,sell,4053.06,BTC-26APR19-4250-C,42.9,0.028,0.7000000000000001,3,1553850880026,16942788,403
2019-03-29 09:14:40.096,0.3,buy,4053.06,BTC-26APR19-4250-C,42.9,0.028,0.3,3,1553850880096,16942791,404
2019-03-29 09:14:45.336,0.4,buy,4055.63,BTC-26APR19-4250-C,45.55,0.031,0.4,0,1553850885336,16942862,406
2019-03-29 09:14:45.336,0.6,buy,4055.63,BTC-26APR19-4250-C,45.08,0.0305,0.6,0,1553850885336,16942861,405
2019-03-29 09:14:45.550,1.0,buy,4055.63,BTC-26APR19-4250-C,45.55,0.031,1.0,1,1553850885550,16942870,407
2019-03-29 09:14:45.844,1.0,buy,4055.63,BTC-26APR19-4250-C,45.55,0.031,1.0,1,1553850885844,16942877,408
2019-03-29 09:14:46.010,1.0,buy,4055.63,BTC-26APR19-4250-C,45.55,0.031,1.0,1,1553850886010,16942880,409
2019-03-29 09:14:46.078,1.0,buy,4055.63,BTC-26APR19-4250-C,45.55,0.031,1.0,1,1553850886078,16942887,410
2019-03-29 09:14:46.231,1.0,buy,4055.63,BTC-26APR19-4250-C,45.55,0.031,1.0,1,1553850886231,16942894,411
2019-03-29 09:14:46.407,1.0,buy,4055.63,BTC-26APR19-4250-C,45.55,0.031,1.0,1,1553850886407,16942905,412
2019-03-29 09:14:46.474,1.0,buy,4055.63,BTC-26APR19-4250-C,45.55,0.031,1.0,1,1553850886474,16942910,413
2019-03-29 09:14:47.375,0.6,buy,4055.63,BTC-26APR19-4250-C,45.55,0.031,0.6,1,1553850887375,16942925,414
2019-03-29 09:14:47.375,0.4,buy,4055.63,BTC-26APR19-4250-C,46.98,0.0325,0.4,0,1553850887375,16942926,415
2019-03-29 09:14:47.885,1.0,buy,4055.63,BTC-26APR19-4250-C,46.98,0.0325,1.0,1,1553850887885,16942940,416
2019-03-29 09:14:48.808,1.0,buy,4056.77,BTC-26APR19-4250-C,46.88,0.0325,1.0,1,1553850888808,16942952,417
2019-03-29 09:54:34.051,0.2,buy,4070.43,BTC-26APR19-4250-C,44.84,0.0315,0.2,2,1553853274051,16946257,418
2019-03-29 10:04:56.083,6.0,sell,4073.59,BTC-26APR19-4250-C,42.22,0.029,6.0,3,1553853896083,16946551,421
2019-03-29 10:04:56.083,5.0,sell,4073.59,BTC-26APR19-4250-C,42.22,0.029,5.0,2,1553853896083,16946550,420
2019-03-29 10:04:56.083,0.3,sell,4073.59,BTC-26APR19-4250-C,42.69,0.0295,0.3,2,1553853896083,16946549,419
2019-03-29 10:04:56.102,6.9,buy,4073.59,BTC-26APR19-4250-C,42.22,0.029,6.9,3,1553853896102,16946552,422
2019-03-29 10:05:08.950,5.0,buy,4073.64,BTC-26APR19-4250-C,42.21,0.029,5.0,3,1553853908950,16946565,423
2019-03-29 10:05:09.305,26.8,buy,4073.64,BTC-26APR19-4250-C,42.21,0.029,26.8,3,1553853909305,16946566,424
2019-03-29 10:06:34.248,5.0,sell,4073.78,BTC-26APR19-4250-C,41.73,0.0285,5.0,3,1553853994248,16946582,428
2019-03-29 10:06:34.248,19.3,sell,4073.78,BTC-26APR19-4250-C,41.73,0.0285,19.3,2,1553853994248,16946579,425
2019-03-29 10:06:34.248,0.4,sell,4073.78,BTC-26APR19-4250-C,41.73,0.0285,0.4,3,1553853994248,16946581,427
2019-03-29 10:06:34.248,6.0,sell,4073.78,BTC-26APR19-4250-C,41.73,0.0285,6.0,3,1553853994248,16946580,426
2019-03-29 10:06:34.251,5.2,buy,4073.78,BTC-26APR19-4250-C,41.73,0.0285,5.2,3,1553853994251,16946583,429
2019-03-29 10:06:34.343,6.9,buy,4073.78,BTC-26APR19-4250-C,41.73,0.0285,6.9,3,1553853994343,16946584,430
2019-03-29 10:06:34.520,6.0,buy,4073.78,BTC-26APR19-4250-C,41.73,0.0285,6.0,3,1553853994520,16946588,431
2019-03-29 10:06:36.299,0.4,buy,4073.78,BTC-26APR19-4250-C,41.73,0.0285,0.4,3,1553853996299,16946590,432
2019-03-29 10:06:36.827,0.4,buy,4073.78,BTC-26APR19-4250-C,41.73,0.0285,0.4,3,1553853996827,16946591,433
2019-03-29 10:06:36.988,0.4,buy,4073.78,BTC-26APR19-4250-C,41.73,0.0285,0.4,3,1553853996988,16946592,434
2019-03-29 10:12:47.927,10.0,sell,4079.49,BTC-26APR19-4250-C,43.15,0.0305,10.0,0,1553854367927,16947853,435
2019-03-29 10:14:08.129,6.0,sell,4078.52,BTC-26APR19-4250-C,41.34,0.0285,6.0,2,1553854448129,16947911,436
2019-03-29 10:14:08.129,5.0,sell,4078.52,BTC-26APR19-4250-C,41.34,0.0285,5.0,3,1553854448129,16947912,437
2019-03-29 10:14:08.131,5.5,buy,4078.52,BTC-26APR19-4250-C,41.34,0.0285,5.5,3,1553854448131,16947913,438
2019-03-29 10:14:13.159,19.3,buy,4078.52,BTC-26APR19-4250-C,41.34,0.0285,19.3,3,1553854453159,16947916,439
2019-03-29 10:16:00.447,4.2,buy,4079.44,BTC-26APR19-4250-C,41.27,0.0285,4.2,3,1553854560447,16947991,440
2019-03-29 11:38:02.822,0.3,buy,4094.08,BTC-26APR19-4250-C,43.39,0.032,0.3,1,1553859482822,16954575,442
2019-03-29 11:38:02.822,0.3,buy,4094.08,BTC-26APR19-4250-C,43.39,0.032,0.3,0,1553859482822,16954574,441
2019-03-29 12:02:49.941,0.3,sell,4083.48,BTC-26APR19-4250-C,41.94,0.0295,0.3,2,1553860969941,16955912,443
2019-03-29 13:03:55.631,2.0,buy,4081.58,BTC-26APR19-4250-C,43.54,0.031,2.0,0,1553864635631,16957807,444
2019-03-29 13:19:47.737,0.3,sell,4082.28,BTC-26APR19-4250-C,42.55,0.03,0.3,2,1553865587737,16958067,445
2019-03-29 13:49:53.589,5.0,buy,4080.94,BTC-26APR19-4250-C,43.62,0.031,5.0,0,1553867393589,16958384,446
2019-03-29 14:08:48.750,1.0,sell,4076.88,BTC-26APR19-4250-C,43.5,0.0305,1.0,2,1553868528750,16958616,447
2019-03-29 14:18:12.497,2.5,sell,4076.41,BTC-26APR19-4250-C,42.12,0.029,2.5,2,1553869092497,16958728,449
2019-03-29 14:18:12.497,1.0,sell,4076.41,BTC-26APR19-4250-C,42.59,0.0295,1.0,2,1553869092497,16958727,448
2019-03-29 14:23:14.567,1.0,buy,4076.03,BTC-26APR19-4250-C,42.15,0.029,1.0,3,1553869394567,16958782,450
2019-03-29 14:24:43.827,1.0,buy,4078.0,BTC-26APR19-4250-C,41.99,0.029,1.0,3,1553869483827,16958804,451
2019-03-29 14:26:26.005,1.0,buy,4077.56,BTC-26APR19-4250-C,42.03,0.029,1.0,3,1553869586005,16958819,452
2019-03-29 14:29:55.187,19.3,buy,4075.33,BTC-26APR19-4250-C,42.21,0.029,19.3,3,1553869795187,16958837,453
2019-03-29 14:38:17.910,1.0,sell,4074.16,BTC-26APR19-4250-C,41.84,0.0285,1.0,2,1553870297910,16958941,454
2019-03-29 14:38:17.910,2.9,sell,4074.16,BTC-26APR19-4250-C,41.36,0.028,2.9,2,1553870297910,16958943,456
2019-03-29 14:38:17.910,19.3,sell,4074.16,BTC-26APR19-4250-C,41.84,0.0285,19.3,3,1553870297910,16958942,455
2019-03-29 16:23:33.975,1.0,sell,4077.04,BTC-26APR19-4250-C,42.13,0.029,1.0,0,1553876613975,16959931,457
2019-03-29 16:23:54.580,1.1,sell,4077.06,BTC-26APR19-4250-C,41.18,0.028,1.1,2,1553876634580,16959938,458
2019-03-29 17:04:54.783,0.1,buy,4083.89,BTC-26APR19-4250-C,42.54,0.03,0.1,0,1553879094783,16960216,459
2019-03-29 18:11:35.971,0.1,sell,4083.41,BTC-26APR19-4250-C,42.61,0.03,0.1,1,1553883095971,16960505,460
2019-03-29 18:31:00.524,0.9,buy,4084.78,BTC-26APR19-4250-C,42.51,0.03,0.9,1,1553884260524,16960570,461
2019-03-29 19:49:12.658,1.0,buy,4088.0,BTC-26APR19-4250-C,43.23,0.031,1.0,0,1553888952658,16961224,462
2019-03-29 19:49:12.658,1.0,buy,4088.0,BTC-26APR19-4250-C,43.23,0.031,1.0,1,1553888952658,16961225,463
2019-03-29 19:49:27.329,2.0,buy,4087.87,BTC-26APR19-4250-C,44.18,0.032,2.0,0,1553888967329,16961226,464
2019-03-29 20:20:00.762,1.0,sell,4075.46,BTC-26APR19-4250-C,43.34,0.03,1.0,2,1553890800762,16961714,465
2019-03-29 22:51:37.295,1.0,buy,4084.81,BTC-26APR19-4250-C,42.17,0.0295,1.0,2,1553899897295,16962491,466
2019-03-29 23:05:28.683,0.4,sell,4080.03,BTC-26APR19-4250-C,41.62,0.0285,0.4,2,1553900728683,16962660,467
2019-03-30 00:24:22.832,1.0,buy,4096.17,BTC-26APR19-4250-C,42.21,0.0305,1.0,0,1553905462832,16963676,468
2019-03-30 03:33:13.525,1.0,sell,4091.92,BTC-26APR19-4250-C,40.29,0.028,1.0,2,1553916793525,16968642,469
2019-03-30 04:10:42.682,0.4,sell,4055.06,BTC-26APR19-4250-C,43.35,0.028,0.4,3,1553919042682,16971105,470
2019-03-30 04:10:44.010,0.4,sell,4055.04,BTC-26APR19-4250-C,43.36,0.028,0.4,3,1553919044010,16971170,471
2019-03-30 04:10:50.299,1.0,sell,4052.7,BTC-26APR19-4250-C,43.55,0.028,1.0,3,1553919050299,16971420,472
2019-03-30 04:10:50.989,1.0,sell,4052.7,BTC-26APR19-4250-C,43.55,0.028,1.0,3,1553919050989,16971452,473
2019-03-30 04:10:51.709,1.0,sell,4053.11,BTC-26APR19-4250-C,43.51,0.028,1.0,3,1553919051709,16971486,474
2019-03-30 04:10:51.923,0.2,sell,4053.11,BTC-26APR19-4250-C,43.51,0.028,0.2,3,1553919051923,16971502,475
2019-03-30 04:10:53.358,0.3,sell,4049.91,BTC-26APR19-4250-C,41.32,0.0255,0.3,2,1553919053358,16971577,476
2019-03-30 04:10:54.421,1.0,sell,4049.91,BTC-26APR19-4250-C,40.83,0.025,1.0,2,1553919054421,16971633,477
2019-03-30 04:10:59.903,1.0,sell,4049.48,BTC-26APR19-4250-C,40.87,0.025,1.0,3,1553919059903,16971856,478
2019-03-30 06:01:58.759,0.4,buy,4093.57,BTC-26APR19-4250-C,41.66,0.0295,0.4,0,1553925718759,16975621,479
2019-03-30 06:01:59.801,0.4,buy,4093.57,BTC-26APR19-4250-C,41.66,0.0295,0.4,1,1553925719801,16975622,480
2019-03-30 06:02:00.925,0.3,buy,4093.57,BTC-26APR19-4250-C,41.18,0.029,0.3,2,1553925720925,16975629,481
2019-03-30 06:02:00.925,0.1,buy,4093.57,BTC-26APR19-4250-C,41.66,0.0295,0.1,0,1553925720925,16975630,482
2019-03-30 06:24:53.263,0.4,sell,4088.87,BTC-26APR19-4250-C,40.15,0.0275,0.4,2,1553927093263,16976048,483
2019-03-30 07:58:09.286,0.2,buy,4088.84,BTC-26APR19-4250-C,43.08,0.0305,0.2,0,1553932689286,16976861,484
2019-03-30 09:37:21.212,0.4,buy,4082.29,BTC-26APR19-4250-C,44.17,0.031,0.4,0,1553938641212,16977542,485
2019-03-30 09:37:23.010,0.4,sell,4082.29,BTC-26APR19-4250-C,44.17,0.031,0.4,1,1553938643010,16977545,486
2019-03-30 14:28:28.268,1.0,sell,4075.93,BTC-26APR19-4250-C,42.46,0.0285,1.0,2,1553956108268,16979727,487
2019-03-30 17:58:14.460,0.5,sell,4071.79,BTC-26APR19-4250-C,42.43,0.028,0.5,2,1553968694460,16982417,488
2019-03-30 21:06:23.893,0.4,sell,4079.98,BTC-26APR19-4250-C,40.87,0.027000000000000003,0.4,2,1553979983893,16983253,491
2019-03-30 21:06:23.893,1.0,sell,4079.98,BTC-26APR19-4250-C,42.34,0.0285,1.0,0,1553979983893,16983251,489
2019-03-30 21:06:23.893,0.3,sell,4079.98,BTC-26APR19-4250-C,41.36,0.0275,0.3,2,1553979983893,16983252,490
2019-03-30 21:06:23.893,3.3000000000000003,sell,4079.98,BTC-26APR19-4250-C,40.87,0.027000000000000003,3.3000000000000003,3,1553979983893,16983254,492
2019-03-30 21:19:09.449,1.0,buy,4082.65,BTC-26APR19-4250-C,42.12,0.0285,1.0,0,1553980749449,16983356,493
2019-03-31 07:51:03.730,5.0,sell,4079.57,BTC-26APR19-4250-C,42.74,0.0285,5.0,1,1554018663730,16987310,494
2019-03-31 11:52:46.063,1.0,sell,4097.59,BTC-26APR19-4250-C,41.82,0.029,1.0,0,1554033166063,16988332,495
2019-03-31 17:35:32.308,0.2,buy,4087.35,BTC-26APR19-4250-C,43.39,0.0295,0.2,0,1554053732308,16990470,496
2019-04-01 00:43:45.718,7.3,buy,4111.46,BTC-26APR19-4250-C,42.01,0.03,7.3,0,1554079425718,16996264,497
2019-04-01 01:07:20.171,1.0,buy,4134.74,BTC-26APR19-4250-C,40.9,0.031,1.0,0,1554080840171,16997594,498
2019-04-01 01:07:57.518,1.0,buy,4126.67,BTC-26APR19-4250-C,41.64,0.031,1.0,1,1554080877518,16997816,499
2019-04-01 02:12:07.740,0.3,buy,4117.91,BTC-26APR19-4250-C,43.44,0.032,0.3,0,1554084727740,16999137,500
2019-04-01 03:31:46.486,1.0,sell,4118.48,BTC-26APR19-4250-C,42.46,0.031,1.0,2,1554089506486,16999596,501
2019-04-01 03:35:46.192,0.7000000000000001,buy,4122.19,BTC-26APR19-4250-C,43.11,0.032,0.7000000000000001,0,1554089746192,16999652,502
2019-04-01 03:40:24.032,1.0,sell,4125.26,BTC-26APR19-4250-C,44.29,0.0335,1.0,0,1554090024032,16999707,503
2019-04-01 03:40:24.497,1.0,buy,4125.27,BTC-26APR19-4250-C,41.85,0.031,1.0,2,1554090024497,16999710,504
2019-04-01 03:45:11.134,0.3,sell,4129.67,BTC-26APR19-4250-C,41.46,0.031,0.3,3,1554090311134,16999763,505
2019-04-01 03:45:11.134,9.7,sell,4129.67,BTC-26APR19-4250-C,41.46,0.031,9.7,3,1554090311134,16999764,506
2019-04-01 05:10:47.809,1.0,sell,4121.68,BTC-26APR19-4250-C,42.23,0.031,1.0,3,1554095447809,17000765,507
2019-04-01 05:31:39.413,2.9,buy,4120.28,BTC-26APR19-4250-C,42.37,0.031,2.9,3,1554096699413,17000976,508
2019-04-01 06:15:33.342,0.3,sell,4122.99,BTC-26APR19-4250-C,42.64,0.0315,0.3,0,1554099333342,17001103,509
2019-04-01 07:21:43.052,0.3,sell,4119.74,BTC-26APR19-4250-C,43.46,0.032,0.3,0,1554103303052,17001720,510
2019-04-01 07:21:44.722,0.3,sell,4119.74,BTC-26APR19-4250-C,43.46,0.032,0.3,1,1554103304722,17001721,511
2019-04-01 07:30:41.436,1.0,sell,4119.56,BTC-26APR19-4250-C,43.49,0.032,1.0,1,1554103841436,17001931,512
2019-04-01 08:04:08.010,0.4,sell,4111.25,BTC-26APR19-4250-C,44.26,0.032,0.4,1,1554105848010,17002377,513
2019-04-01 08:04:08.653,3.0,sell,4111.1,BTC-26APR19-4250-C,44.27,0.032,3.0,1,1554105848653,17002430,514
2019-04-01 08:17:50.972,0.1,buy,4114.05,BTC-26APR19-4250-C,44.51,0.0325,0.1,0,1554106670972,17002658,515
2019-04-01 08:44:39.704,1.0,buy,4119.93,BTC-26APR19-4250-C,43.01,0.0315,1.0,2,1554108279704,17002913,516
2019-04-01 11:11:35.310,1.0,buy,4111.46,BTC-26APR19-4250-C,44.36,0.032,1.0,0,1554117095310,17003852,517
2019-04-01 11:11:35.310,1.0,buy,4111.46,BTC-26APR19-4250-C,44.36,0.032,1.0,1,1554117095310,17003853,518
2019-04-01 15:38:06.592,9.0,sell,4136.59,BTC-26APR19-4250-C,43.19,0.033,9.0,0,1554133086592,17008071,519
2019-04-01 17:06:54.492,0.1,buy,4139.61,BTC-26APR19-4250-C,42.47,0.0325,0.1,2,1554138414492,17009053,520
2019-04-01 17:09:09.339,0.1,sell,4139.76,BTC-26APR19-4250-C,42.46,0.0325,0.1,3,1554138549339,17009058,521
2019-04-01 19:33:50.826,1.0,sell,4131.62,BTC-26APR19-4250-C,41.83,0.031,1.0,2,1554147230826,17010348,522
2019-04-01 20:26:38.906,1.0,sell,4129.96,BTC-26APR19-4250-C,42.01,0.031,1.0,3,1554150398906,17010712,523
2019-04-02 00:53:21.377,1.0,buy,4150.97,BTC-26APR19-4250-C,42.66,0.0335,1.0,0,1554166401377,17013259,524
2019-04-02 02:17:25.430,0.3,buy,4166.69,BTC-26APR19-4250-C,42.67,0.035,0.3,0,1554171445430,17016297,525
2019-04-02 02:18:16.272,2.0,buy,4165.06,BTC-26APR19-4250-C,43.32,0.0355,2.0,0,1554171496272,17016335,526
2019-04-02 02:37:19.425,0.3,buy,4173.65,BTC-26APR19-4250-C,42.98,0.036000000000000004,0.3,0,1554172639425,17016799,527
2019-04-02 02:58:35.002,0.1,buy,4174.01,BTC-26APR19-4250-C,43.44,0.0365,0.1,0,1554173915002,17017204,528
2019-04-02 03:04:23.816,0.7000000000000001,buy,4170.28,BTC-26APR19-4250-C,43.33,0.036000000000000004,0.7000000000000001,2,1554174263816,17017494,529
2019-04-02 03:47:14.497,1.0,sell,4171.33,BTC-26APR19-4250-C,42.27,0.035,1.0,2,1554176834497,17017934,530
2019-04-02 04:30:27.883,1.0,buy,4186.94,BTC-26APR19-4250-C,43.68,0.038,1.0,0,1554179427883,17018802,531
2019-04-02 04:32:48.756,1.0,sell,4225.87,BTC-26APR19-4250-C,43.56,0.042,1.0,0,1554179568756,17020385,532
2019-04-02 04:32:53.523,0.3,buy,4233.03,BTC-26APR19-4250-C,42.8,0.042,0.3,1,1554179573523,17020693,533
2019-04-02 04:33:08.430,1.0,sell,4252.46,BTC-26APR19-4250-C,39.71,0.040999999999999995,1.0,2,1554179588430,17021492,534
2019-04-02 04:33:08.520,1.0,sell,4252.46,BTC-26APR19-4250-C,39.71,0.041,1.0,3,1554179588520,17021499,535
2019-04-02 04:33:16.202,1.0,buy,4255.29,BTC-26APR19-4250-C,43.79,0.0455,1.0,0,1554179596202,17021774,536
2019-04-02 04:33:16.374,1.0,buy,4255.29,BTC-26APR19-4250-C,43.79,0.0455,1.0,1,1554179596374,17021776,537
2019-04-02 04:33:16.727,0.7000000000000001,buy,4255.29,BTC-26APR19-4250-C,44.28,0.046,0.7000000000000001,0,1554179596727,17021779,538
2019-04-02 04:33:40.841,0.3,buy,4294.44,BTC-26APR19-4250-C,48.68,0.055,0.3,0,1554179620841,17022768,539
2019-04-02 04:33:47.467,0.3,buy,4301.77,BTC-26APR19-4250-C,47.83,0.055,0.3,1,1554179627467,17023085,540
2019-04-02 04:33:47.727,0.4,buy,4301.77,BTC-26APR19-4250-C,47.83,0.055,0.4,1,1554179627727,17023095,541
2019-04-02 04:34:04.962,1.0,buy,4326.32,BTC-26APR19-4250-C,57.83,0.068,1.0,0,1554179644962,17023774,542
2019-04-02 04:34:57.083,1.0,buy,4336.06,BTC-26APR19-4250-C,39.69,0.051,1.0,2,1554179697083,17024872,543
2019-04-02 04:36:45.696,1.0,buy,4384.05,BTC-26APR19-4250-C,57.91,0.075,1.0,0,1554179805696,17026436,544
2019-04-02 04:36:45.862,0.9,buy,4384.05,BTC-26APR19-4250-C,57.91,0.075,0.9,1,1554179805862,17026444,545
2019-04-02 04:36:54.997,1.0,buy,4387.46,BTC-26APR19-4250-C,33.22,0.0515,1.0,2,1554179814997,17026590,546
2019-04-02 04:36:55.024,1.0,sell,4387.46,BTC-26APR19-4250-C,38.48,0.0565,1.0,0,1554179815024,17026594,547
2019-04-02 04:36:55.138,1.0,sell,4387.46,BTC-26APR19-4250-C,38.48,0.0565,1.0,1,1554179815138,17026598,548
2019-04-02 04:36:57.486,1.0,buy,4387.39,BTC-26APR19-4250-C,24.52,0.0435,1.0,2,1554179817486,17026636,549
2019-04-02 04:36:57.511,1.0,sell,4387.39,BTC-26APR19-4250-C,38.49,0.0565,1.0,0,1554179817511,17026639,550
2019-04-02 04:36:57.635,1.0,sell,4387.39,BTC-26APR19-4250-C,38.49,0.0565,1.0,1,1554179817635,17026643,551
2019-04-02 04:36:59.623,1.0,buy,4387.64,BTC-26APR19-4250-C,31.59,0.05,1.0,2,1554179819623,17026682,552
2019-04-02 04:36:59.920,1.0,buy,4387.64,BTC-26APR19-4250-C,29.44,0.048,1.0,2,1554179819920,17026687,553
2019-04-02 04:37:00.487,1.0,buy,4390.14,BTC-26APR19-4250-C,33.35,0.052000000000000005,1.0,0,1554179820487,17026702,554
2019-04-02 04:37:00.658,1.0,buy,4390.14,BTC-26APR19-4250-C,36.0,0.0545,1.0,0,1554179820658,17026708,555
2019-04-02 04:37:00.939,1.0,buy,4390.14,BTC-26APR19-4250-C,39.67,0.057999999999999996,1.0,0,1554179820939,17026717,556
2019-04-02 04:37:01.004,0.3,buy,4390.14,BTC-26APR19-4250-C,41.23,0.0595,0.3,0,1554179821004,17026718,557
2019-04-02 04:37:01.625,1.0,buy,4389.98,BTC-26APR19-4250-C,39.69,0.057999999999999996,1.0,2,1554179821625,17026729,558
2019-04-02 04:37:02.845,1.0,sell,4390.6,BTC-26APR19-4250-C,47.37,0.0655,1.0,0,1554179822845,17026735,559
2019-04-02 04:37:03.571,1.0,sell,4393.45,BTC-26APR19-4250-C,46.99,0.0655,1.0,1,1554179823571,17026744,560
2019-04-02 04:37:04.509,1.0,sell,4393.45,BTC-26APR19-4250-C,47.51,0.066,1.0,0,1554179824509,17026751,561
2019-04-02 04:37:04.635,1.0,sell,4393.45,BTC-26APR19-4250-C,46.99,0.0655,1.0,2,1554179824635,17026753,562
2019-04-02 04:37:04.771,1.0,sell,4393.45,BTC-26APR19-4250-C,45.96,0.0645,1.0,2,1554179824771,17026763,563
2019-04-02 04:37:05.609,1.0,buy,4393.45,BTC-26APR19-4250-C,41.3,0.06,1.0,2,1554179825609,17026799,564
2019-04-02 04:37:05.684,1.0,buy,4393.45,BTC-26APR19-4250-C,41.82,0.0605,1.0,0,1554179825684,17026808,565
2019-04-02 04:37:15.390,1.0,buy,4397.4,BTC-26APR19-4250-C,49.56,0.0685,1.0,0,1554179835390,17026994,566
2019-04-02 04:37:15.445,1.0,buy,4397.4,BTC-26APR19-4250-C,49.56,0.0685,1.0,1,1554179835445,17027002,567
2019-04-02 04:37:15.630,1.0,sell,4397.4,BTC-26APR19-4250-C,49.56,0.0685,1.0,1,1554179835630,17027007,568
2019-04-02 04:37:15.831,1.0,sell,4397.4,BTC-26APR19-4250-C,48.02,0.067,1.0,2,1554179835831,17027013,569
2019-04-02 04:37:16.093,1.0,sell,4397.4,BTC-26APR19-4250-C,60.31,0.079,1.0,0,1554179836093,17027016,570
2019-04-02 04:37:16.985,1.0,sell,4397.4,BTC-26APR19-4250-C,47.5,0.0665,1.0,2,1554179836985,17027043,571
2019-04-02 04:37:17.103,1.0,sell,4397.44,BTC-26APR19-4250-C,62.34,0.081,1.0,0,1554179837103,17027048,572
2019-04-02 04:37:17.220,1.0,sell,4397.44,BTC-26APR19-4250-C,60.82,0.0795,1.0,2,1554179837220,17027052,573
2019-04-02 04:37:17.401,1.0,sell,4397.44,BTC-26APR19-4250-C,61.32,0.08,1.0,0,1554179837401,17027058,574
2019-04-02 04:37:17.673,1.0,sell,4397.44,BTC-26APR19-4250-C,55.71,0.0745,1.0,2,1554179837673,17027065,575
2019-04-02 04:37:18.060,1.0,sell,4397.44,BTC-26APR19-4250-C,53.15,0.07200000000000001,1.0,2,1554179838060,17027073,576
2019-04-02 04:37:18.178,1.0,sell,4397.44,BTC-26APR19-4250-C,53.67,0.0725,1.0,0,1554179838178,17027078,577
2019-04-02 04:37:18.362,1.0,sell,4397.44,BTC-26APR19-4250-C,52.13,0.071,1.0,2,1554179838362,17027084,578
2019-04-02 04:37:18.531,1.0,sell,4397.44,BTC-26APR19-4250-C,50.59,0.0695,1.0,2,1554179838531,17027090,579
2019-04-02 04:37:19.474,1.0,buy,4399.16,BTC-26APR19-4250-C,42.07,0.0615,1.0,2,1554179839474,17027111,580
2019-04-02 04:37:19.610,1.0,sell,4399.16,BTC-26APR19-4250-C,36.81,0.0565,1.0,2,1554179839610,17027115,581
2019-04-02 04:37:19.782,1.0,buy,4399.16,BTC-26APR19-4250-C,30.36,0.0505,1.0,2,1554179839782,17027122,582
2019-04-02 04:37:20.098,1.0,buy,4399.16,BTC-26APR19-4250-C,37.34,0.057,1.0,0,1554179840098,17027126,583
2019-04-02 04:37:20.468,1.0,sell,4399.16,BTC-26APR19-4250-C,36.28,0.056,1.0,2,1554179840468,17027128,584
2019-04-02 04:37:20.714,1.0,sell,4399.16,BTC-26APR19-4250-C,36.28,0.056,1.0,3,1554179840714,17027131,585
2019-04-02 04:37:20.859,1.0,sell,4399.16,BTC-26APR19-4250-C,36.28,0.056,1.0,3,1554179840859,17027134,586
2019-04-02 04:37:21.039,1.0,sell,4399.16,BTC-26APR19-4250-C,36.28,0.056,1.0,3,1554179841039,17027137,587
2019-04-02 04:37:21.184,1.0,sell,4400.19,BTC-26APR19-4250-C,36.13,0.056,1.0,3,1554179841184,17027140,588
2019-04-02 04:37:21.290,1.0,sell,4400.19,BTC-26APR19-4250-C,36.13,0.056,1.0,3,1554179841290,17027143,589
2019-04-02 04:37:21.423,1.0,sell,4400.19,BTC-26APR19-4250-C,36.13,0.056,1.0,3,1554179841423,17027144,590
2019-04-02 04:37:21.585,0.2,sell,4400.19,BTC-26APR19-4250-C,36.13,0.056,0.2,3,1554179841585,17027145,591
2019-04-02 04:37:25.207,1.0,buy,4401.99,BTC-26APR19-4250-C,27.12,0.048,1.0,2,1554179845207,17027187,592
2019-04-02 04:37:25.252,1.0,sell,4401.99,BTC-26APR19-4250-C,36.4,0.0565,1.0,0,1554179845252,17027190,593
2019-04-02 04:37:25.361,1.0,sell,4401.99,BTC-26APR19-4250-C,36.4,0.0565,1.0,1,1554179845361,17027194,594
2019-04-02 04:37:25.463,1.0,sell,4401.99,BTC-26APR19-4250-C,36.4,0.0565,1.0,1,1554179845463,17027198,595
2019-04-02 04:37:25.620,1.0,sell,4401.99,BTC-26APR19-4250-C,36.4,0.0565,1.0,1,1554179845620,17027205,596
2019-04-02 04:37:26.977,1.0,sell,4402.38,BTC-26APR19-4250-C,36.34,0.0565,1.0,1,1554179846977,17027254,597
2019-04-02 04:38:00.455,1.0,buy,4417.96,BTC-26APR19-4250-C,43.64,0.0655,1.0,0,1554179880455,17027886,598
2019-04-02 04:38:00.743,1.0,buy,4417.96,BTC-26APR19-4250-C,44.17,0.066,1.0,0,1554179880743,17027890,599
2019-04-02 04:38:07.813,1.0,buy,4421.24,BTC-26APR19-4250-C,46.87,0.069,1.0,0,1554179887813,17028017,600
2019-04-02 04:38:08.223,1.0,sell,4421.72,BTC-26APR19-4250-C,48.9,0.071,1.0,0,1554179888223,17028021,601
2019-04-02 04:38:08.402,1.0,buy,4421.72,BTC-26APR19-4250-C,43.64,0.066,1.0,2,1554179888402,17028023,602
2019-04-02 04:38:08.593,1.0,buy,4421.72,BTC-26APR19-4250-C,43.64,0.066,1.0,3,1554179888593,17028030,603
2019-04-02 04:38:09.036,1.0,sell,4421.72,BTC-26APR19-4250-C,49.43,0.0715,1.0,0,1554179889036,17028048,604
2019-04-02 04:38:09.684,1.0,sell,4421.15,BTC-26APR19-4250-C,51.07,0.073,1.0,0,1554179889684,17028057,605
2019-04-02 04:38:09.867,1.0,buy,4421.15,BTC-26APR19-4250-C,42.66,0.065,1.0,2,1554179889867,17028060,606
2019-04-02 04:38:10.428,1.0,buy,4421.56,BTC-26APR19-4250-C,47.88,0.07,1.0,0,1554179890428,17028068,607
2019-04-02 04:38:11.118,1.0,buy,4421.57,BTC-26APR19-4250-C,39.93,0.0625,1.0,2,1554179891118,17028075,608
2019-04-02 04:38:11.312,1.0,buy,4421.57,BTC-26APR19-4250-C,43.13,0.0655,1.0,0,1554179891312,17028080,609
2019-04-02 04:38:11.907,1.0,buy,4421.57,BTC-26APR19-4250-C,44.19,0.0665,1.0,0,1554179891907,17028091,610
2019-04-02 04:38:13.992,1.0,buy,4423.01,BTC-26APR19-4250-C,40.79,0.0635,1.0,2,1554179893992,17028126,611
2019-04-02 04:38:14.188,1.0,buy,4423.01,BTC-26APR19-4250-C,39.72,0.0625,1.0,2,1554179894188,17028133,612
2019-04-02 04:38:28.586,1.0,buy,4425.66,BTC-26APR19-4250-C,43.61,0.0665,1.0,0,1554179908586,17028407,613
2019-04-02 04:41:15.158,4.0,buy,4477.35,BTC-26APR19-4250-C,39.56,0.07,4.0,0,1554180075158,17031042,614
2019-04-02 04:41:15.944,1.0,buy,4477.35,BTC-26APR19-4250-C,39.56,0.07,1.0,1,1554180075944,17031052,615
2019-04-02 04:44:30.664,0.2,buy,4455.64,BTC-26APR19-4250-C,38.55,0.066,0.2,2,1554180270664,17033062,616
2019-04-02 04:45:58.025,0.3,sell,4461.56,BTC-26APR19-4250-C,37.6,0.066,0.3,3,1554180358025,17033563,617
2019-04-02 04:49:13.329,5.0,buy,4478.86,BTC-26APR19-4250-C,39.32,0.07,5.0,0,1554180553329,17034388,618
2019-04-02 04:49:57.619,1.0,buy,4540.82,BTC-26APR19-4250-C,38.55,0.0785,1.0,0,1554180597619,17035458,619
2019-04-02 04:50:01.175,1.0,buy,4547.31,BTC-26APR19-4250-C,37.29,0.0785,1.0,1,1554180601175,17035543,620
2019-04-02 04:50:17.040,1.0,buy,4563.38,BTC-26APR19-4250-C,36.66,0.0805,1.0,0,1554180617040,17035957,621
2019-04-02 04:50:57.217,1.0,buy,4584.52,BTC-26APR19-4250-C,79.25,0.12,1.0,0,1554180657217,17036656,622
2019-04-02 04:51:20.287,1.0,buy,4598.07,BTC-26APR19-4250-C,55.88,0.10099999999999999,1.0,2,1554180680287,17036932,623
2019-04-02 04:52:54.063,1.0,buy,4662.46,BTC-26APR19-4250-C,68.1,0.12,1.0,0,1554180774063,17038003,624
2019-04-02 04:53:22.144,1.0,buy,4691.96,BTC-26APR19-4250-C,60.88,0.118,1.0,2,1554180802144,17038467,625
2019-04-02 04:53:51.813,0.3,buy,4755.29,BTC-26APR19-4250-C,51.43,0.12,0.3,0,1554180831813,17039092,626
2019-04-02 04:53:56.662,0.7000000000000001,sell,4754.98,BTC-26APR19-4250-C,72.2,0.1355,0.7000000000000001,0,1554180836662,17039282,627
2019-04-02 04:54:36.952,1.0,sell,4757.95,BTC-26APR19-4250-C,60.73,0.127,1.0,2,1554180876952,17040506,628
2019-04-02 04:54:39.184,1.0,sell,4759.07,BTC-26APR19-4250-C,61.2,0.1275,1.0,0,1554180879184,17040612,629
2019-04-02 04:54:41.307,1.0,sell,4766.37,BTC-26APR19-4250-C,59.13,0.127,1.0,2,1554180881307,17040657,630
2019-04-02 04:54:45.629,0.1,sell,4766.83,BTC-26APR19-4250-C,59.73,0.1275,0.1,0,1554180885629,17040754,631
2019-04-02 04:54:45.799,0.4,sell,4766.83,BTC-26APR19-4250-C,60.41,0.128,0.4,0,1554180885799,17040757,632
2019-04-02 04:54:45.940,0.4,sell,4766.83,BTC-26APR19-4250-C,61.09,0.1285,0.4,0,1554180885940,17040771,633
2019-04-02 04:54:46.093,0.1,sell,4767.22,BTC-26APR19-4250-C,61.69,0.129,0.1,0,1554180886093,17040785,634
2019-04-02 04:54:52.416,1.0,sell,4778.82,BTC-26APR19-4250-C,59.48,0.129,1.0,1,1554180892416,17040991,635
2019-04-02 04:55:47.668,1.0,buy,4770.56,BTC-26APR19-4250-C,51.05,0.122,1.0,2,1554180947668,17041726,636
2019-04-02 04:57:10.303,1.0,sell,4722.94,BTC-26APR19-4250-C,57.26,0.1195,1.0,2,1554181030303,17042955,637
2019-04-02 05:03:20.858,1.0,buy,4707.99,BTC-26APR19-4250-C,49.23,0.1115,1.0,2,1554181400858,17046902,638
2019-04-02 05:03:21.126,1.5,sell,4707.81,BTC-26APR19-4250-C,49.27,0.1115,1.5,3,1554181401126,17046903,639
2019-04-02 05:09:41.506,2.5,sell,4708.41,BTC-26APR19-4250-C,48.43,0.111,2.5,2,1554181781506,17050108,640
2019-04-02 05:14:37.510,1.0,sell,4724.95,BTC-26APR19-4250-C,71.51,0.131,1.0,0,1554182077510,17051537,641
2019-04-02 05:14:37.556,1.0,buy,4724.95,BTC-26APR19-4250-C,55.54,0.1185,1.0,2,1554182077556,17051538,642
2019-04-02 05:14:37.573,0.5,buy,4724.95,BTC-26APR19-4250-C,55.54,0.1185,0.5,3,1554182077573,17051539,643
2019-04-02 05:14:37.620,1.0,buy,4724.95,BTC-26APR19-4250-C,55.54,0.1185,1.0,3,1554182077620,17051541,644
2019-04-02 05:14:37.730,1.0,buy,4724.95,BTC-26APR19-4250-C,55.54,0.1185,1.0,3,1554182077730,17051543,645
2019-04-02 05:14:37.838,1.0,buy,4724.95,BTC-26APR19-4250-C,55.54,0.1185,1.0,3,1554182077838,17051545,646
2019-04-02 05:14:37.920,1.0,buy,4724.95,BTC-26APR19-4250-C,55.54,0.1185,1.0,3,1554182077920,17051547,647
2019-04-02 05:14:38.045,1.0,buy,4724.95,BTC-26APR19-4250-C,55.54,0.1185,1.0,3,1554182078045,17051549,648
2019-04-02 05:14:38.147,1.0,buy,4724.24,BTC-26APR19-4250-C,55.68,0.1185,1.0,3,1554182078147,17051554,649
2019-04-02 05:14:38.207,1.0,buy,4724.24,BTC-26APR19-4250-C,55.68,0.1185,1.0,3,1554182078207,17051557,650
2019-04-02 05:14:38.444,1.0,buy,4724.24,BTC-26APR19-4250-C,55.68,0.1185,1.0,3,1554182078444,17051578,651
2019-04-02 05:14:39.042,1.0,buy,4724.24,BTC-26APR19-4250-C,55.68,0.1185,1.0,3,1554182079042,17051595,652
2019-04-02 05:15:02.279,1.0,sell,4721.75,BTC-26APR19-4250-C,64.6,0.125,1.0,0,1554182102279,17051921,653
2019-04-02 05:15:02.597,1.0,buy,4721.75,BTC-26APR19-4250-C,56.16,0.1185,1.0,2,1554182102597,17051923,654
2019-04-02 05:15:33.798,1.0,buy,4733.83,BTC-26APR19-4250-C,61.2,0.124,1.0,0,1554182133798,17052204,655
2019-04-02 05:15:36.099,1.0,sell,4734.78,BTC-26APR19-4250-C,61.03,0.124,1.0,1,1554182136099,17052218,656
2019-04-02 05:15:37.252,1.0,sell,4734.78,BTC-26APR19-4250-C,59.05,0.1225,1.0,2,1554182137252,17052226,657
2019-04-02 05:15:37.923,1.0,sell,4734.78,BTC-26APR19-4250-C,61.03,0.124,1.0,0,1554182137923,17052232,658
2019-04-02 05:15:38.708,1.0,sell,4735.28,BTC-26APR19-4250-C,57.62,0.1215,1.0,2,1554182138708,17052240,659
2019-04-02 05:15:44.076,1.0,buy,4734.94,BTC-26APR19-4250-C,60.35,0.1235,1.0,0,1554182144076,17052315,660
2019-04-02 05:15:44.185,1.0,buy,4734.94,BTC-26APR19-4250-C,60.35,0.1235,1.0,1,1554182144185,17052318,661
2019-04-02 05:15:44.329,1.0,sell,4734.94,BTC-26APR19-4250-C,59.69,0.123,1.0,2,1554182144329,17052321,662
2019-04-02 05:15:44.842,1.0,sell,4734.94,BTC-26APR19-4250-C,57.01,0.121,1.0,2,1554182144842,17052328,663
2019-04-02 05:15:45.502,1.0,sell,4734.94,BTC-26APR19-4250-C,57.01,0.121,1.0,3,1554182145502,17052332,664
2019-04-02 05:15:45.861,1.0,buy,4734.94,BTC-26APR19-4250-C,60.35,0.1235,1.0,0,1554182145861,17052338,665
2019-04-02 05:15:55.913,1.0,sell,4736.06,BTC-26APR19-4250-C,47.48,0.1145,1.0,2,1554182155913,17052386,666
2019-04-02 05:15:55.996,0.3,sell,4736.06,BTC-26APR19-4250-C,47.48,0.1145,0.3,3,1554182155996,17052387,667
2019-04-02 05:15:57.668,1.0,sell,4733.98,BTC-26APR19-4250-C,57.87,0.1215,1.0,0,1554182157668,17052413,668
2019-04-02 05:16:47.801,1.0,buy,4768.42,BTC-26APR19-4250-C,47.65,0.1195,1.0,2,1554182207801,17053111,669
2019-04-02 05:17:33.696,1.0,buy,4820.47,BTC-26APR19-4250-C,32.17,0.1205,1.0,0,1554182253696,17053970,670
2019-04-02 05:17:34.647,1.0,sell,4820.47,BTC-26APR19-4250-C,32.17,0.1205,1.0,1,1554182254647,17053988,671
2019-04-02 05:17:34.822,1.0,sell,4820.47,BTC-26APR19-4250-C,32.17,0.1205,1.0,1,1554182254822,17053991,672
2019-04-02 05:17:34.851,1.0,sell,4820.47,BTC-26APR19-4250-C,32.17,0.1205,1.0,1,1554182254851,17053992,673
2019-04-02 05:17:34.886,1.0,sell,4820.47,BTC-26APR19-4250-C,32.17,0.1205,1.0,1,1554182254886,17053994,674
2019-04-02 05:17:34.956,1.0,sell,4820.47,BTC-26APR19-4250-C,32.17,0.1205,1.0,1,1554182254956,17053996,675
2019-04-02 05:17:35.385,1.0,sell,4821.63,BTC-26APR19-4250-C,31.5,0.1205,1.0,1,1554182255385,17054004,676
2019-04-02 05:17:35.794,0.3,sell,4821.63,BTC-26APR19-4250-C,31.5,0.1205,0.3,1,1554182255794,17054015,677
2019-04-02 05:17:40.435,0.3,buy,4828.7,BTC-26APR19-4250-C,25.87,0.1205,0.3,1,1554182260435,17054142,679
2019-04-02 05:17:40.435,0.7000000000000001,buy,4828.7,BTC-26APR19-4250-C,25.87,0.1205,0.7000000000000001,1,1554182260435,17054141,678
2019-04-02 05:17:40.850,1.0,sell,4828.7,BTC-26APR19-4250-C,25.87,0.1205,1.0,1,1554182260850,17054150,680
2019-04-02 05:17:40.885,0.9,sell,4828.7,BTC-26APR19-4250-C,25.87,0.1205,0.9,1,1554182260885,17054158,681
2019-04-02 05:17:41.142,0.1,buy,4828.7,BTC-26APR19-4250-C,25.87,0.1205,0.1,1,1554182261142,17054163,682
2019-04-02 05:17:41.142,0.9,buy,4828.7,BTC-26APR19-4250-C,25.87,0.1205,0.9,1,1554182261142,17054164,683
2019-04-02 05:17:41.207,0.4,sell,4828.7,BTC-26APR19-4250-C,25.87,0.1205,0.4,1,1554182261207,17054165,684
2019-04-02 05:17:43.518,0.4,buy,4832.1,BTC-26APR19-4250-C,17.94,0.1205,0.4,1,1554182263518,17054222,686
2019-04-02 05:17:43.518,0.6,buy,4832.1,BTC-26APR19-4250-C,17.94,0.1205,0.6,1,1554182263518,17054221,685
2019-04-02 05:17:43.860,0.4,sell,4832.1,BTC-26APR19-4250-C,17.94,0.1205,0.4,1,1554182263860,17054258,687
2019-04-02 05:17:44.703,0.4,buy,4835.05,BTC-26APR19-4250-C,0.0,0.1205,0.4,1,1554182264703,17054264,689
2019-04-02 05:17:44.703,0.6,buy,4835.05,BTC-26APR19-4250-C,0.0,0.1205,0.6,1,1554182264703,17054263,688
2019-04-02 05:17:45.856,0.6,sell,4836.26,BTC-26APR19-4250-C,0.0,0.1205,0.6,1,1554182265856,17054277,691
2019-04-02 05:17:45.856,0.4,sell,4836.26,BTC-26APR19-4250-C,0.0,0.1205,0.4,1,1554182265856,17054276,690
2019-04-02 05:17:46.043,0.8,sell,4836.26,BTC-26APR19-4250-C,0.0,0.1205,0.8,1,1554182266043,17054283,692
2019-04-02 05:17:46.518,0.2,buy,4840.43,BTC-26APR19-4250-C,0.0,0.1205,0.2,1,1554182266518,17054296,693
2019-04-02 05:17:46.518,0.8,buy,4840.43,BTC-26APR19-4250-C,0.0,0.1205,0.8,1,1554182266518,17054297,694
2019-04-02 05:18:47.409,1.0,buy,4902.63,BTC-26APR19-4250-C,0.0,0.1205,1.0,1,1554182327409,17055989,695
2019-04-02 05:21:41.652,1.0,sell,5021.49,BTC-26APR19-4250-C,110.66,0.1985,1.0,0,1554182501652,17059307,696
2019-04-02 05:21:43.059,1.0,buy,5024.54,BTC-26APR19-4250-C,71.92,0.171,1.0,2,1554182503059,17059336,697
2019-04-02 05:21:43.059,4.1,buy,5024.54,BTC-26APR19-4250-C,105.72,0.195,4.1,0,1554182503059,17059337,698
2019-04-02 05:21:50.650,0.6,sell,5031.7,BTC-26APR19-4250-C,84.17,0.18,0.6,2,1554182510650,17059516,699
2019-04-02 05:21:52.719,0.4,sell,5031.27,BTC-26APR19-4250-C,93.38,0.1865,0.4,0,1554182512719,17059611,700
2019-04-02 05:22:02.743,0.4,sell,5023.63,BTC-26APR19-4250-C,91.9,0.1845,0.4,2,1554182522743,17059739,701
2019-04-02 05:22:15.350,0.2,sell,5031.41,BTC-26APR19-4250-C,94.72,0.1875,0.2,0,1554182535350,17059949,702
2019-04-02 05:22:15.364,0.3,sell,5031.41,BTC-26APR19-4250-C,94.72,0.1875,0.3,1,1554182535364,17059950,703
2019-04-02 05:22:15.730,0.2,sell,5031.41,BTC-26APR19-4250-C,96.07,0.1885,0.2,0,1554182535730,17059953,704
2019-04-02 05:22:15.780,0.3,sell,5031.41,BTC-26APR19-4250-C,96.75,0.189,0.3,0,1554182535780,17059954,705
2019-04-02 05:22:59.714,1.0,buy,5070.95,BTC-26APR19-4250-C,79.7,0.182,1.0,2,1554182579714,17060910,706
2019-04-02 05:23:03.003,3.6,buy,5069.52,BTC-26APR19-4250-C,76.84,0.18,3.6,2,1554182583003,17061027,707
2019-04-02 05:23:03.003,0.4,buy,5069.52,BTC-26APR19-4250-C,78.42,0.181,0.4,1,1554182583003,17061030,710
2019-04-02 05:23:03.003,0.4,buy,5069.52,BTC-26APR19-4250-C,77.63,0.1805,0.4,0,1554182583003,17061028,708
2019-04-02 05:23:03.003,1.4,buy,5069.52,BTC-26APR19-4250-C,91.79,0.19,1.4,0,1554182583003,17061033,713
2019-04-02 05:23:03.003,0.6,buy,5069.52,BTC-26APR19-4250-C,78.42,0.181,0.6,1,1554182583003,17061031,711
2019-04-02 05:23:03.003,0.5,buy,5069.52,BTC-26APR19-4250-C,78.42,0.181,0.5,0,1554182583003,17061029,709
2019-04-02 05:23:03.003,0.5,buy,5069.52,BTC-26APR19-4250-C,78.42,0.181,0.5,1,1554182583003,17061032,712
2019-04-02 05:23:21.636,1.0,sell,5070.26,BTC-26APR19-4250-C,72.6,0.1775,1.0,2,1554182601636,17061292,714
2019-04-02 05:23:24.477,1.0,sell,5069.88,BTC-26APR19-4250-C,73.52,0.17800000000000002,1.0,0,1554182604477,17061326,715
2019-04-02 05:23:31.767,1.0,sell,5067.81,BTC-26APR19-4250-C,72.31,0.177,1.0,2,1554182611767,17061462,716
2019-04-02 05:24:17.668,1.0,sell,5043.06,BTC-26APR19-4250-C,68.63,0.1715,1.0,2,1554182657668,17062279,717
2019-04-02 05:26:21.005,1.0,sell,4974.45,BTC-26APR19-4250-C,65.09,0.16,1.0,2,1554182781005,17063787,718
2019-04-02 05:47:40.397,0.5,buy,4847.93,BTC-26APR19-4250-C,53.61,0.135,0.5,2,1554184060397,17072307,719
2019-04-02 06:03:41.770,0.1,sell,4728.97,BTC-26APR19-4250-C,42.06,0.11,0.1,2,1554185021770,17076523,720
2019-04-02 06:22:12.024,29.5,sell,4703.36,BTC-26APR19-4250-C,48.12,0.11,29.5,3,1554186132024,17083036,721
2019-04-02 06:28:53.673,0.3,sell,4715.05,BTC-26APR19-4250-C,44.75,0.1095,0.3,2,1554186533673,17084335,722
2019-04-02 06:43:17.957,1.0,buy,4685.7,BTC-26APR19-4250-C,57.0,0.114,1.0,0,1554187397957,17086337,723
2019-04-02 06:43:57.821,0.5,buy,4680.07,BTC-26APR19-4250-C,59.26,0.115,0.5,0,1554187437821,17086414,724
2019-04-02 06:46:07.158,0.5,buy,4672.75,BTC-26APR19-4250-C,61.75,0.116,0.5,0,1554187567158,17086706,725
2019-04-02 06:55:37.733,2.0,buy,4736.64,BTC-26APR19-4250-C,61.44,0.1245,2.0,0,1554188137733,17087998,726
2019-04-02 08:13:43.396,10.0,sell,4707.66,BTC-26APR19-4250-C,50.85,0.1125,10.0,2,1554192823396,17094066,727
2019-04-02 11:07:00.414,1.9,sell,4778.83,BTC-26APR19-4250-C,52.52,0.124,1.9,0,1554203220414,17106149,728
2019-04-02 13:32:27.939,1.0,sell,4801.63,BTC-26APR19-4250-C,52.86,0.1275,1.0,0,1554211947939,17111973,729
2019-04-02 14:10:10.147,2.0,sell,4710.38,BTC-26APR19-4250-C,62.62,0.1215,2.0,2,1554214210147,17113999,730
2019-04-02 14:10:28.679,0.1,sell,4688.25,BTC-26APR19-4250-C,63.88,0.1195,0.1,2,1554214228679,17114240,731
2019-04-02 14:10:29.455,0.1,sell,4685.11,BTC-26APR19-4250-C,64.41,0.1195,0.1,3,1554214229455,17114258,732
2019-04-02 14:10:30.302,0.1,sell,4683.13,BTC-26APR19-4250-C,64.74,0.1195,0.1,3,1554214230302,17114272,733
2019-04-02 15:07:11.934,0.4,sell,4738.77,BTC-26APR19-4250-C,60.83,0.124,0.4,0,1554217631934,17119653,734
2019-04-02 15:24:00.171,0.4,sell,4731.79,BTC-26APR19-4250-C,59.47,0.122,0.4,2,1554218640171,17120979,735
2019-04-02 16:45:32.443,2.0,buy,4732.36,BTC-26APR19-4250-C,60.77,0.123,2.0,0,1554223532443,17122954,736
2019-04-02 17:48:11.100,0.3,sell,4727.47,BTC-26APR19-4250-C,60.4,0.122,0.3,2,1554227291100,17125786,737
2019-04-02 17:48:45.856,0.3,sell,4728.67,BTC-26APR19-4250-C,60.84,0.1225,0.3,0,1554227325856,17125801,738
2019-04-02 17:48:51.095,3.0,sell,4728.69,BTC-26APR19-4250-C,60.84,0.1225,3.0,1,1554227331095,17125802,739
2019-04-02 17:48:55.321,2.3000000000000003,sell,4728.71,BTC-26APR19-4250-C,60.83,0.1225,2.3000000000000003,1,1554227335321,17125803,740
2019-04-02 17:49:24.774,0.7000000000000001,sell,4728.84,BTC-26APR19-4250-C,60.81,0.1225,0.7000000000000001,1,1554227364774,17125811,741
2019-04-02 19:16:04.984,4.9,sell,4734.8,BTC-26APR19-4250-C,54.25,0.1185,4.9,2,1554232564984,17127173,743
2019-04-02 19:16:04.984,0.1,sell,4734.8,BTC-26APR19-4250-C,56.36,0.12,0.1,2,1554232564984,17127172,742
2019-04-02 20:41:59.173,1.5,sell,4804.94,BTC-26APR19-4250-C,49.09,0.1255,1.5,0,1554237719173,17135111,744
2019-04-02 21:28:58.532,1.0,buy,4814.18,BTC-26APR19-4250-C,51.01,0.128,1.0,0,1554240538532,17138896,745
2019-04-02 22:20:22.452,1.5,sell,4812.54,BTC-26APR19-4250-C,48.02,0.126,1.5,2,1554243622452,17140416,746
2019-04-02 23:13:13.701,2.9,buy,4837.24,BTC-26APR19-4250-C,63.81,0.1395,2.9,1,1554246793701,17142885,748
2019-04-02 23:13:13.701,0.1,buy,4837.24,BTC-26APR19-4250-C,63.81,0.1395,0.1,0,1554246793701,17142884,747
2019-04-03 00:25:22.447,1.0,buy,4957.64,BTC-26APR19-4250-C,74.52,0.163,1.0,0,1554251122447,17156516,749
2019-04-03 00:25:22.447,9.9,buy,4957.64,BTC-26APR19-4250-C,74.52,0.163,9.9,1,1554251122447,17156517,750
2019-04-03 02:05:50.769,1.0,sell,4981.64,BTC-26APR19-4250-C,68.79,0.1625,1.0,2,1554257150769,17166790,751
2019-04-03 02:23:55.350,0.5,buy,5009.51,BTC-26APR19-4250-C,65.7,0.1645,0.5,0,1554258235350,17168978,752
2019-04-03 02:28:02.067,0.5,sell,5037.21,BTC-26APR19-4250-C,65.08,0.168,0.5,0,1554258482067,17169744,753
2019-04-03 02:39:24.682,0.5,sell,5020.19,BTC-26APR19-4250-C,69.24,0.168,0.5,1,1554259164682,17171153,754
2019-04-03 05:08:23.887,10.0,sell,4938.65,BTC-26APR19-4250-C,79.94,0.16399999999999998,10.0,2,1554268103887,17187619,755
2019-04-03 06:07:05.006,50.0,sell,4945.52,BTC-26APR19-4250-C,66.52,0.156,50.0,2,1554271625006,17189021,756
2019-04-03 08:32:48.722,0.4,buy,4933.19,BTC-26APR19-4250-C,90.14,0.1705,0.4,0,1554280368722,17192157,757
2019-04-03 16:07:48.108,0.1,buy,5063.62,BTC-26APR19-4250-C,67.48,0.1725,0.1,0,1554307668108,17206305,758
2019-04-03 16:27:58.871,1.0,buy,5106.88,BTC-26APR19-4250-C,167.55,0.2495,1.0,0,1554308878871,17212275,759
2019-04-03 17:05:12.067,0.5,sell,5165.81,BTC-26APR19-4250-C,71.67,0.1885,0.5,2,1554311112067,17216018,760
2019-04-03 17:06:51.433,1.0,sell,5181.33,BTC-26APR19-4250-C,75.52,0.1925,1.0,0,1554311211433,17216376,761
2019-04-03 20:36:38.661,1.0,sell,5231.74,BTC-26APR19-4250-C,78.56,0.2005,1.0,0,1554323798661,17236177,762
2019-04-03 20:54:52.100,0.3,sell,5276.92,BTC-26APR19-4250-C,81.99,0.208,0.3,0,1554324892100,17237570,763
2019-04-03 21:19:38.107,0.5,buy,5289.89,BTC-26APR19-4250-C,85.68,0.2115,0.5,0,1554326378107,17240679,764
2019-04-03 22:51:06.985,10.0,sell,5129.24,BTC-26APR19-4250-C,82.76,0.1895,10.0,2,1554331866985,17256059,765
2019-04-03 22:52:11.251,10.0,sell,5126.82,BTC-26APR19-4250-C,84.13,0.19,10.0,0,1554331931251,17256372,766
2019-04-03 22:52:21.006,10.0,sell,5122.58,BTC-26APR19-4250-C,85.03,0.19,10.0,1,1554331941006,17256445,767
2019-04-03 22:52:41.609,0.6,sell,5117.02,BTC-26APR19-4250-C,82.87,0.188,0.6,2,1554331961609,17256624,768
2019-04-03 22:52:41.810,0.7000000000000001,sell,5117.02,BTC-26APR19-4250-C,82.87,0.188,0.7000000000000001,3,1554331961810,17256625,769
2019-04-03 22:52:42.448,0.5,sell,5117.9,BTC-26APR19-4250-C,82.68,0.188,0.5,3,1554331962448,17256628,770
2019-04-03 22:52:42.754,1.1,sell,5117.9,BTC-26APR19-4250-C,82.68,0.188,1.1,3,1554331962754,17256629,771
2019-04-03 22:52:42.801,0.5,sell,5117.9,BTC-26APR19-4250-C,82.68,0.188,0.5,3,1554331962801,17256630,772
2019-04-03 22:52:42.900,1.2,sell,5117.9,BTC-26APR19-4250-C,82.68,0.188,1.2,3,1554331962900,17256631,773
2019-04-03 22:52:42.964,0.4,sell,5117.9,BTC-26APR19-4250-C,82.68,0.188,0.4,3,1554331962964,17256632,774
2019-04-03 22:52:45.882,5.0,sell,5116.66,BTC-26APR19-4250-C,82.95,0.188,5.0,3,1554331965882,17256644,775
2019-04-03 22:54:38.002,10.0,sell,5091.59,BTC-26APR19-4250-C,89.66,0.189,10.0,0,1554332078002,17257315,776
2019-04-03 22:54:48.563,10.0,sell,5085.45,BTC-26APR19-4250-C,87.74,0.187,10.0,2,1554332088563,17257356,777
2019-04-03 22:55:11.871,10.0,sell,5093.45,BTC-26APR19-4250-C,82.91,0.185,10.0,2,1554332111871,17257448,778
2019-04-03 22:55:38.228,10.0,sell,5099.85,BTC-26APR19-4250-C,79.85,0.184,10.0,2,1554332138228,17257485,779
2019-04-03 22:57:09.909,10.0,sell,5092.98,BTC-26APR19-4250-C,81.36,0.184,10.0,3,1554332229909,17257642,780
2019-04-03 22:57:43.274,4.2,sell,5086.38,BTC-26APR19-4250-C,82.76,0.184,4.2,3,1554332263274,17257699,781
2019-04-03 22:57:43.817,0.6,sell,5086.38,BTC-26APR19-4250-C,82.76,0.184,0.6,3,1554332263817,17257709,782
2019-04-03 22:57:43.829,0.7000000000000001,sell,5086.38,BTC-26APR19-4250-C,82.76,0.184,0.7000000000000001,3,1554332263829,17257710,783
2019-04-03 22:57:44.943,0.6,sell,5086.23,BTC-26APR19-4250-C,82.79,0.184,0.6,3,1554332264943,17257717,784
2019-04-03 22:57:44.945,0.6,sell,5086.23,BTC-26APR19-4250-C,82.79,0.184,0.6,3,1554332264945,17257718,785
2019-04-03 22:57:44.972,0.7000000000000001,sell,5086.23,BTC-26APR19-4250-C,82.79,0.184,0.7000000000000001,3,1554332264972,17257719,786
2019-04-03 22:57:45.381,0.8,sell,5086.63,BTC-26APR19-4250-C,82.71,0.184,0.8,3,1554332265381,17257725,787
2019-04-03 22:57:45.416,0.4,sell,5086.63,BTC-26APR19-4250-C,82.71,0.184,0.4,3,1554332265416,17257728,788
2019-04-03 22:57:45.434,0.5,sell,5086.63,BTC-26APR19-4250-C,82.71,0.184,0.5,3,1554332265434,17257731,789
2019-04-03 22:57:45.904,0.3,sell,5086.63,BTC-26APR19-4250-C,82.71,0.184,0.3,3,1554332265904,17257736,790
2019-04-03 22:57:46.047,0.2,sell,5086.63,BTC-26APR19-4250-C,82.71,0.184,0.2,3,1554332266047,17257739,791
2019-04-03 22:57:46.143,0.3,sell,5083.37,BTC-26APR19-4250-C,83.39,0.184,0.3,3,1554332266143,17257759,792
2019-04-03 22:57:46.204,0.1,sell,5083.37,BTC-26APR19-4250-C,83.39,0.184,0.1,3,1554332266204,17257761,793
2019-04-03 22:57:52.573,0.7000000000000001,sell,5077.44,BTC-26APR19-4250-C,83.0,0.183,0.7000000000000001,2,1554332272573,17257787,794
2019-04-03 22:57:53.868,0.9,sell,5077.26,BTC-26APR19-4250-C,83.03,0.183,0.9,3,1554332273868,17257789,795
2019-04-03 22:57:54.465,0.5,sell,5074.53,BTC-26APR19-4250-C,83.6,0.183,0.5,3,1554332274465,17257792,796
2019-04-03 22:57:55.219,1.2,sell,5074.21,BTC-26APR19-4250-C,83.66,0.183,1.2,3,1554332275219,17257793,797
2019-04-03 22:57:55.615,1.1,sell,5074.21,BTC-26APR19-4250-C,83.66,0.183,1.1,3,1554332275615,17257794,798
2019-04-03 22:57:55.653,0.3,sell,5074.21,BTC-26APR19-4250-C,83.66,0.183,0.3,3,1554332275653,17257795,799
2019-04-03 22:57:58.843,0.3,sell,5071.22,BTC-26APR19-4250-C,84.27,0.183,0.3,3,1554332278843,17257822,800
2019-04-03 22:58:01.328,5.0,sell,5068.86,BTC-26APR19-4250-C,84.75,0.183,5.0,3,1554332281328,17257830,801
2019-04-03 22:58:01.366,3.7,sell,5068.86,BTC-26APR19-4250-C,83.15,0.182,3.7,2,1554332281366,17257832,802
2019-04-03 22:58:01.805,6.3,sell,5068.86,BTC-26APR19-4250-C,83.15,0.182,6.3,3,1554332281805,17257833,803
2019-04-03 22:59:44.820,10.0,sell,5104.4,BTC-26APR19-4250-C,87.15,0.189,10.0,0,1554332384820,17258164,804
2019-04-03 22:59:52.308,10.0,sell,5112.47,BTC-26APR19-4250-C,85.5,0.189,10.0,1,1554332392308,17258194,805
2019-04-03 22:59:58.522,10.0,sell,5110.63,BTC-26APR19-4250-C,85.88,0.189,10.0,1,1554332398522,17258264,806
2019-04-03 23:00:02.725,9.2,sell,5104.53,BTC-26APR19-4250-C,87.12,0.189,9.2,1,1554332402725,17258290,807
2019-04-03 23:00:02.841,0.8,sell,5104.53,BTC-26APR19-4250-C,87.12,0.189,0.8,1,1554332402841,17258295,808
2019-04-03 23:00:20.561,10.0,sell,5094.28,BTC-26APR19-4250-C,85.99,0.187,10.0,2,1554332420561,17258385,809
2019-04-03 23:00:44.578,10.0,sell,5082.74,BTC-26APR19-4250-C,85.13,0.185,10.0,2,1554332444578,17258433,810
2019-04-04 12:49:28.284,5.9,buy,5005.9,BTC-26APR19-4250-C,86.63,0.1755,5.9,2,1554382168284,17306650,811
2019-04-04 12:49:28.307,4.1,sell,5005.9,BTC-26APR19-4250-C,86.63,0.1755,4.1,3,1554382168307,17306651,812
2019-04-04 14:51:47.512,0.5,buy,5006.56,BTC-26APR19-4250-C,69.59,0.165,0.5,2,1554389507512,17311095,813
2019-04-04 17:55:28.724,3.0,buy,4914.4,BTC-26APR19-4250-C,77.77,0.1575,3.0,2,1554400528724,17318564,814
2019-04-04 18:08:32.481,3.0,buy,4875.45,BTC-26APR19-4250-C,75.07,0.1505,3.0,2,1554401312481,17320706,815
2019-04-04 18:10:06.387,1.0,buy,4851.96,BTC-26APR19-4250-C,63.98,0.14,1.0,2,1554401406387,17320895,816
2019-04-04 21:15:26.936,0.1,buy,4863.85,BTC-26APR19-4250-C,71.66,0.1465,0.1,0,1554412526936,17334946,817
2019-04-04 21:15:26.951,0.1,buy,4863.85,BTC-26APR19-4250-C,71.66,0.1465,0.1,1,1554412526951,17334947,818
2019-04-04 21:15:27.013,0.1,buy,4863.85,BTC-26APR19-4250-C,71.66,0.1465,0.1,1,1554412527013,17334948,819
2019-04-07 22:46:44.985,3.0,buy,5237.87,BTC-26APR19-4250-C,72.55,0.1955,3.0,0,1554677204985,17486248,820
2019-04-07 22:52:22.720,5.1000000000000005,buy,5152.79,BTC-26APR19-4250-C,80.06,0.187,5.1000000000000005,2,1554677542720,17489502,821
