date_utc,amount,direction,indexPrice,instrument,iv,price,quantity,tickDirection,timeStamp,tradeId,tradeSeq
2019-02-16 02:07:49.057,0.1,sell,3574.35,BTC-26APR19-4250-C,54.69,0.0345,0.1,1,1550282869057,15404742,1
2019-02-16 02:53:44.510,0.4,sell,3579.16,BTC-26APR19-4250-C,55.15,0.0355,0.4,0,1550285624510,15405365,2
2019-02-16 02:58:54.663,0.5,sell,3580.99,BTC-26APR19-4250-C,55.18,0.0355,0.5,1,1550285934663,15405409,3
2019-02-16 03:02:02.356,1.0,sell,3581.88,BTC-26APR19-4250-C,54.81,0.035,1.0,2,1550286122356,15405479,4
2019-02-17 17:43:54.336,3.0,buy,3575.27,BTC-26APR19-4250-C,56.39,0.0365,3.0,0,1550425434336,15450926,5
2019-02-17 23:33:46.037,2.0,buy,3619.13,BTC-26APR19-4250-C,55.25,0.0375,2.0,0,1550446426037,15458330,6
2019-02-18 07:07:46.626,0.5,buy,3709.54,BTC-26APR19-4250-C,53.46,0.041,0.5,0,1550473666626,15497665,7
2019-02-18 12:06:03.896,3.0,buy,3695.45,BTC-26APR19-4250-C,55.31,0.043,3.0,0,1550491563896,15514415,8
2019-02-18 13:23:29.145,3.0,buy,3753.93,BTC-26APR19-4250-C,55.2,0.047,3.0,0,1550496209145,15523987,9
2019-02-18 14:40:53.170,1.0,sell,3807.71,BTC-26APR19-4250-C,53.37,0.0485,1.0,0,1550500853170,15542555,10
2019-02-20 19:58:15.088,2.0,buy,3924.0,BTC-26APR19-4250-C,60.4,0.0695,2.0,0,1550692695088,15709418,11
2019-02-20 19:58:15.088,4.0,buy,3924.0,BTC-26APR19-4250-C,60.7,0.07,4.0,0,1550692695088,15709419,12
2019-02-21 05:14:40.135,1.0,buy,3938.08,BTC-26APR19-4250-C,60.13,0.07,1.0,1,1550726080135,15720992,13
2019-02-21 12:11:53.140,6.0,buy,3893.23,BTC-26APR19-4250-C,58.02,0.063,6.0,2,1550751113140,15742233,14
2019-02-21 12:11:53.140,4.0,buy,3893.23,BTC-26APR19-4250-C,60.78,0.0675,4.0,0,1550751113140,15742234,15
2019-02-21 12:34:47.024,5.0,sell,3896.02,BTC-26APR19-4250-C,56.37,0.0605,5.0,2,1550752487024,15742798,16
2019-02-21 12:34:47.024,5.0,sell,3896.02,BTC-26APR19-4250-C,56.37,0.0605,5.0,3,1550752487024,15742799,17
2019-02-22 08:03:03.144,1.0,sell,3894.73,BTC-26APR19-4250-C,54.16,0.055999999999999994,1.0,2,1550822583144,15760123,18
2019-02-22 21:22:21.936,4.0,sell,3937.29,BTC-26APR19-4250-C,55.07,0.061,4.0,0,1550870541936,15787706,19
2019-02-22 23:36:16.071,0.5,buy,3948.97,BTC-26APR19-4250-C,57.21,0.0655,0.5,0,1550878576071,15789260,20
2019-02-23 00:12:05.249,0.4,sell,3932.79,BTC-26APR19-4250-C,57.71,0.0645,0.4,2,1550880725249,15790509,21
2019-02-23 01:30:05.540,0.1,buy,3938.72,BTC-26APR19-4250-C,57.74,0.065,0.1,0,1550885405540,15791613,22
2019-02-23 07:39:20.476,6.0,buy,3926.31,BTC-26APR19-4250-C,58.94,0.0655,6.0,0,1550907560476,15797331,23
2019-02-23 12:18:48.815,2.0,sell,3932.64,BTC-26APR19-4250-C,59.21,0.066,2.0,0,1550924328815,15802341,24
2019-02-23 17:46:18.363,4.0,buy,4046.24,BTC-26APR19-4250-C,56.42,0.071,4.0,0,1550943978363,15824884,25
2019-02-23 17:50:09.072,0.1,buy,4058.08,BTC-26APR19-4250-C,57.78,0.0745,0.1,0,1550944209072,15826671,26
2019-02-23 17:56:29.726,0.1,buy,4077.17,BTC-26APR19-4250-C,59.39,0.0795,0.1,0,1550944589726,15828454,27
2019-02-23 20:29:53.718,3.1,buy,4130.35,BTC-26APR19-4250-C,58.59,0.083,3.1,0,1550953793718,15844669,28
2019-02-23 20:29:53.803,0.1,buy,4130.35,BTC-26APR19-4250-C,58.59,0.083,0.1,1,1550953793803,15844671,29
2019-02-24 12:48:20.408,2.0,sell,4113.53,BTC-26APR19-4250-C,56.66,0.0795,2.0,2,1551012500408,15880569,30
2019-02-24 14:20:53.746,4.7,sell,3828.16,BTC-26APR19-4250-C,59.43,0.051,4.7,2,1551018053746,15907480,31
2019-02-24 14:23:47.341,0.2,buy,3841.46,BTC-26APR19-4250-C,62.15,0.055999999999999994,0.2,0,1551018227341,15910149,32
2019-02-24 15:08:36.762,1.0,sell,3807.73,BTC-26APR19-4250-C,58.65,0.0505,1.0,2,1551020916762,15931564,33
2019-02-24 17:55:59.237,1.6,sell,3762.41,BTC-26APR19-4250-C,58.22,0.047,1.6,3,1551030959237,15952373,35
2019-02-24 17:55:59.237,1.4,sell,3762.41,BTC-26APR19-4250-C,58.22,0.047,1.4,2,1551030959237,15952372,34
2019-02-24 21:25:05.000,0.6,buy,3804.83,BTC-26APR19-4250-C,59.31,0.0515,0.6,0,1551043505000,15958319,36
2019-02-25 02:54:36.843,4.4,buy,3769.78,BTC-26APR19-4250-C,60.51,0.051,4.4,2,1551063276843,15971863,37
2019-02-25 10:22:10.839,2.9,sell,3748.22,BTC-26APR19-4250-C,61.25,0.05,2.9,2,1551090130839,15983008,38
2019-02-25 15:56:06.917,0.1,buy,3790.67,BTC-26APR19-4250-C,61.05,0.053,0.1,0,1551110166917,15991658,39
2019-02-25 16:54:31.439,0.2,buy,3826.44,BTC-26APR19-4250-C,59.94,0.054000000000000006,0.2,0,1551113671439,15997392,40
2019-02-25 20:12:54.490,1.0,buy,3848.63,BTC-26APR19-4250-C,60.06,0.056,1.0,0,1551125574490,16006855,41
2019-02-25 20:26:29.965,0.2,buy,3822.54,BTC-26APR19-4250-C,60.27,0.054000000000000006,0.2,2,1551126389965,16007448,42
2019-02-25 21:06:08.626,0.3,buy,3824.51,BTC-26APR19-4250-C,59.8,0.0535,0.3,2,1551128768626,16010398,43
2019-02-27 00:12:42.408,1.0,sell,3789.35,BTC-26APR19-4250-C,58.45,0.048,1.0,2,1551226362408,16044662,44
2019-02-27 20:32:45.716,0.2,sell,3772.11,BTC-26APR19-4250-C,58.24,0.046,0.2,2,1551299565716,16065431,45
2019-02-27 21:02:26.049,6.0,buy,3716.5,BTC-26APR19-4250-C,58.95,0.043,6.0,2,1551301346049,16077524,46
2019-02-27 22:54:36.504,0.3,buy,3753.12,BTC-26APR19-4250-C,57.32,0.0435,0.3,0,1551308076504,16082734,47
2019-02-28 23:00:49.952,0.5,sell,3796.43,BTC-26APR19-4250-C,55.95,0.044000000000000004,0.5,0,1551394849952,16139800,48
2019-03-01 01:38:52.326,5.5,buy,3799.78,BTC-26APR19-4250-C,56.66,0.0455,5.5,0,1551404332326,16141544,49
2019-03-01 15:28:39.880,1.0,sell,3815.52,BTC-26APR19-4250-C,54.45,0.043,1.0,2,1551454119880,16151438,50
2019-03-03 13:46:13.621,2.3000000000000003,sell,3780.37,BTC-26APR19-4250-C,55.31,0.04,2.3000000000000003,2,1551620773621,16190347,51
2019-03-03 18:35:04.169,0.7000000000000001,buy,3791.41,BTC-26APR19-4250-C,55.46,0.040999999999999995,0.7000000000000001,0,1551638104169,16197011,52
2019-03-04 04:29:56.361,0.1,sell,3738.72,BTC-26APR19-4250-C,56.03,0.0375,0.1,2,1551673796361,16208506,53
2019-03-04 06:05:08.262,0.1,buy,3710.5,BTC-26APR19-4250-C,56.25,0.036000000000000004,0.1,2,1551679508262,16219554,54
2019-03-04 06:43:30.616,1.0,buy,3728.27,BTC-26APR19-4250-C,55.99,0.037000000000000005,1.0,0,1551681810616,16220808,55
2019-03-04 18:36:41.547,1.0,sell,3708.76,BTC-26APR19-4250-C,53.63,0.032,1.0,2,1551724601547,16242120,56
2019-03-04 19:35:27.747,2.0,sell,3706.04,BTC-26APR19-4250-C,54.17,0.0325,2.0,0,1551728127747,16242674,57
2019-03-05 12:18:34.250,10.0,buy,3736.26,BTC-26APR19-4250-C,54.53,0.035,10.0,0,1551788314250,16255603,58
2019-03-05 12:37:44.068,10.0,buy,3738.93,BTC-26APR19-4250-C,54.75,0.0355,10.0,0,1551789464068,16256085,59
2019-03-05 13:17:45.019,10.0,buy,3766.76,BTC-26APR19-4250-C,54.69,0.0375,10.0,0,1551791865019,16261019,60
2019-03-06 11:02:04.698,1.0,buy,3845.16,BTC-26APR19-4250-C,55.37,0.044000000000000004,1.0,0,1551870124698,16316390,61
2019-03-06 20:34:30.910,1.3,sell,3843.91,BTC-26APR19-4250-C,54.04,0.042,1.3,2,1551904470910,16327487,62
2019-03-08 04:46:30.562,10.0,sell,3866.71,BTC-26APR19-4250-C,49.97,0.037000000000000005,10.0,2,1552020390562,16367612,63
2019-03-08 04:46:31.550,10.0,buy,3866.71,BTC-26APR19-4250-C,49.97,0.037000000000000005,10.0,3,1552020391550,16367613,64
2019-03-08 04:46:35.808,13.0,sell,3866.71,BTC-26APR19-4250-C,49.6,0.0365,13.0,2,1552020395808,16367614,65
2019-03-08 04:47:17.004,13.0,sell,3866.68,BTC-26APR19-4250-C,48.85,0.0355,13.0,3,1552020437004,16367619,67
2019-03-08 04:47:17.004,31.0,sell,3866.68,BTC-26APR19-4250-C,48.1,0.0345,31.0,2,1552020437004,16367620,68
2019-03-08 04:47:17.004,6.0,sell,3866.68,BTC-26APR19-4250-C,48.85,0.0355,6.0,2,1552020437004,16367618,66
2019-03-08 07:54:29.039,0.1,buy,3867.56,BTC-26APR19-4250-C,51.46,0.039,0.1,0,1552031669039,16377931,69
2019-03-08 17:48:32.078,10.0,buy,3892.37,BTC-26APR19-4250-C,50.95,0.04,10.0,0,1552067312078,16390548,70
2019-03-08 21:35:13.308,1.0,sell,3870.83,BTC-26APR19-4250-C,51.1,0.038,1.0,2,1552080913308,16394611,71
2019-03-09 14:09:21.232,50.0,sell,3906.07,BTC-26APR19-4250-C,49.48,0.038,50.0,3,1552140561232,16428842,72
2019-03-11 11:21:39.966,1.0,sell,3857.63,BTC-26APR19-4250-C,49.45,0.033,1.0,2,1552303299966,16483333,73
2019-03-13 19:29:02.717,1.0,sell,3857.66,BTC-26APR19-4250-C,48.08,0.028999999999999998,1.0,2,1552505342717,16544553,74
2019-03-13 22:40:54.838,1.0,buy,3851.63,BTC-26APR19-4250-C,49.21,0.03,1.0,0,1552516854838,16546173,75
2019-03-14 00:09:39.945,1.0,buy,3851.03,BTC-26APR19-4250-C,49.98,0.031,1.0,0,1552522179945,16546989,76
2019-03-14 15:00:41.481,12.0,buy,3853.93,BTC-26APR19-4250-C,48.02,0.0285,12.0,2,1552575641481,16569880,77
2019-03-14 15:04:06.751,4.5,sell,3863.38,BTC-26APR19-4250-C,48.13,0.0295,4.5,1,1552575846751,16570251,79
2019-03-14 15:04:06.751,0.5,sell,3863.38,BTC-26APR19-4250-C,48.13,0.0295,0.5,0,1552575846751,16570250,78
2019-03-14 15:30:03.654,0.5,sell,3848.39,BTC-26APR19-4250-C,48.14,0.0285,0.5,2,1552577403654,16571526,80
2019-03-14 15:30:03.654,6.5,sell,3848.39,BTC-26APR19-4250-C,48.14,0.0285,6.5,3,1552577403654,16571527,81
2019-03-14 16:30:03.992,1.0,sell,3852.6,BTC-26APR19-4250-C,48.49,0.028999999999999998,1.0,0,1552581003992,16572094,82
2019-03-15 01:08:04.259,9.5,buy,3866.01,BTC-26APR19-4250-C,49.95,0.0315,9.5,1,1552612084259,16575940,84
2019-03-15 01:08:04.259,0.5,buy,3866.01,BTC-26APR19-4250-C,49.95,0.0315,0.5,0,1552612084259,16575939,83
2019-03-15 08:16:59.467,50.0,sell,3854.65,BTC-26APR19-4250-C,48.42,0.028999999999999998,50.0,2,1552637819467,16581179,85
2019-03-15 11:13:47.779,0.5,buy,3869.05,BTC-26APR19-4250-C,48.4,0.03,0.5,0,1552648427779,16584713,86
2019-03-15 12:01:17.332,10.6,buy,3889.14,BTC-26APR19-4250-C,48.9,0.032,10.6,0,1552651277332,16587876,87
2019-03-15 12:06:38.787,0.2,buy,3890.29,BTC-26APR19-4250-C,49.69,0.033,0.2,0,1552651598787,16588308,88
2019-03-15 12:10:43.720,1.4,sell,3887.1,BTC-26APR19-4250-C,48.61,0.0315,1.4,2,1552651843720,16588519,89
2019-03-15 12:20:02.799,1.4,sell,3888.25,BTC-26APR19-4250-C,48.44,0.0315,1.4,3,1552652402799,16588994,90
2019-03-15 13:30:31.452,10.6,buy,3885.01,BTC-26APR19-4250-C,49.66,0.0325,10.6,0,1552656631452,16591583,91
2019-03-15 13:37:33.412,10.5,sell,3882.44,BTC-26APR19-4250-C,49.68,0.0325,10.5,1,1552657053412,16591737,92
2019-03-15 13:46:18.491,1.6,sell,3881.84,BTC-26APR19-4250-C,50.0,0.0325,1.6,1,1552657578491,16591889,93
2019-03-15 13:47:33.768,2.0,sell,3881.8,BTC-26APR19-4250-C,50.01,0.0325,2.0,1,1552657653768,16591900,94
2019-03-15 13:48:01.797,3.0,sell,3881.59,BTC-26APR19-4250-C,50.01,0.0325,3.0,1,1552657681797,16591908,95
2019-03-15 13:48:24.622,2.3000000000000003,sell,3882.23,BTC-26APR19-4250-C,49.95,0.0325,2.3000000000000003,1,1552657704622,16591921,96
2019-03-15 14:15:55.528,2.0,buy,3887.98,BTC-26APR19-4250-C,49.57,0.0325,2.0,1,1552659355528,16592318,97
2019-03-15 14:58:57.871,0.1,buy,3886.59,BTC-26APR19-4250-C,49.7,0.0325,0.1,1,1552661937871,16592970,98
2019-03-15 15:30:56.070,2.0,buy,3905.23,BTC-26APR19-4250-C,49.15,0.033,2.0,0,1552663856070,16594596,99
2019-03-16 01:19:31.856,1.0,buy,3920.48,BTC-26APR19-4250-C,49.02,0.034,1.0,0,1552699171856,16605141,100
2019-03-16 04:20:34.028,7.2,buy,4012.14,BTC-26APR19-4250-C,50.95,0.044000000000000004,7.2,1,1552710034028,16619992,102
2019-03-16 04:20:34.028,0.3,buy,4012.14,BTC-26APR19-4250-C,50.95,0.044000000000000004,0.3,0,1552710034028,16619991,101
2019-03-16 09:01:42.770,0.2,buy,3992.22,BTC-26APR19-4250-C,51.71,0.043,0.2,2,1552726902770,16636678,103
2019-03-16 12:20:54.948,2.0,sell,3993.88,BTC-26APR19-4250-C,48.91,0.0395,2.0,2,1552738854948,16639468,104
2019-03-16 16:23:07.259,0.1,buy,3987.19,BTC-26APR19-4250-C,51.09,0.0415,0.1,0,1552753387259,16646669,105
2019-03-16 17:07:20.321,3.0,buy,3981.44,BTC-26APR19-4250-C,51.07,0.040999999999999995,3.0,2,1552756040321,16647268,106
2019-03-16 17:09:26.325,1.0,buy,3981.82,BTC-26APR19-4250-C,50.67,0.0405,1.0,2,1552756166325,16647294,107
2019-03-17 11:43:28.221,10.0,sell,3961.11,BTC-26APR19-4250-C,47.2,0.034,10.0,2,1552823008221,16661883,108
2019-03-17 11:55:59.411,0.4,buy,3966.16,BTC-26APR19-4250-C,47.79,0.035,0.4,0,1552823759411,16662014,109
2019-03-17 14:29:59.264,4.6000000000000005,buy,3971.1,BTC-26APR19-4250-C,47.4,0.035,4.6000000000000005,1,1552832999264,16663747,110
2019-03-17 18:20:59.054,0.5,sell,3968.76,BTC-26APR19-4250-C,46.93,0.034,0.5,2,1552846859054,16666224,111
2019-03-17 18:20:59.054,13.0,sell,3968.76,BTC-26APR19-4250-C,46.93,0.034,13.0,3,1552846859054,16666225,112
2019-03-17 18:20:59.054,6.4,sell,3968.76,BTC-26APR19-4250-C,46.93,0.034,6.4,3,1552846859054,16666226,113
2019-03-17 18:20:59.054,50.0,sell,3968.76,BTC-26APR19-4250-C,46.93,0.034,50.0,3,1552846859054,16666227,114
2019-03-17 19:44:14.131,0.5,buy,3973.11,BTC-26APR19-4250-C,48.39,0.036000000000000004,0.5,0,1552851854131,16666574,115
2019-03-17 22:41:18.508,0.5,sell,3968.96,BTC-26APR19-4250-C,46.79,0.0335,0.5,2,1552862478508,16667736,116
2019-03-18 00:57:36.368,0.1,buy,3982.17,BTC-26APR19-4250-C,47.98,0.036000000000000004,0.1,0,1552870656368,16669881,117
2019-03-18 03:32:07.277,7.9,buy,3999.31,BTC-26APR19-4250-C,48.87,0.0385,7.9,0,1552879927277,16676109,118
2019-03-18 09:55:18.906,3.0,sell,3954.64,BTC-26APR19-4250-C,47.89,0.0335,3.0,2,1552902918906,16685752,119
2019-03-18 10:34:36.085,0.1,sell,3948.22,BTC-26APR19-4250-C,46.6,0.0315,0.1,2,1552905276085,16686481,120
2019-03-18 10:39:25.563,0.3,sell,3948.41,BTC-26APR19-4250-C,46.6,0.0315,0.3,3,1552905565563,16686611,121
2019-03-18 10:50:09.015,0.3,sell,3951.16,BTC-26APR19-4250-C,46.54,0.0315,0.3,3,1552906209015,16686748,122
2019-03-18 12:46:00.789,5.0,buy,3964.14,BTC-26APR19-4250-C,46.92,0.033,5.0,0,1552913160789,16689266,123
2019-03-18 17:06:43.807,12.8,sell,3966.06,BTC-26APR19-4250-C,46.08,0.032,12.8,2,1552928803807,16691876,124
2019-03-18 17:06:43.807,6.2,sell,3966.06,BTC-26APR19-4250-C,46.08,0.032,6.2,3,1552928803807,16691878,126
2019-03-18 17:06:43.807,6.0,sell,3966.06,BTC-26APR19-4250-C,46.08,0.032,6.0,3,1552928803807,16691877,125
2019-03-18 22:51:56.893,1.1,sell,3974.46,BTC-26APR19-4250-C,45.64,0.032,1.1,3,1552949516893,16694277,127
2019-03-18 23:51:25.893,12.8,sell,3969.99,BTC-26APR19-4250-C,45.47,0.0315,12.8,2,1552953085893,16694989,128
2019-03-18 23:51:25.893,12.2,sell,3969.99,BTC-26APR19-4250-C,45.47,0.0315,12.2,3,1552953085893,16694990,129
2019-03-18 23:52:53.605,12.8,sell,3969.93,BTC-26APR19-4250-C,45.04,0.031,12.8,3,1552953173605,16694996,131
2019-03-18 23:52:53.605,2.5,sell,3969.93,BTC-26APR19-4250-C,45.04,0.031,2.5,3,1552953173605,16694998,133
2019-03-18 23:52:53.605,0.7000000000000001,sell,3969.93,BTC-26APR19-4250-C,45.04,0.031,0.7000000000000001,2,1552953173605,16694995,130
2019-03-18 23:52:53.605,9.0,sell,3969.93,BTC-26APR19-4250-C,45.04,0.031,9.0,3,1552953173605,16694997,132
2019-03-18 23:53:43.554,0.1,sell,3969.77,BTC-26APR19-4250-C,45.47,0.0315,0.1,0,1552953223554,16695006,134
2019-03-19 13:26:46.362,0.3,buy,3970.11,BTC-26APR19-4250-C,46.84,0.033,0.3,0,1553002006362,16704900,135
2019-03-19 17:53:18.766,0.1,buy,3993.91,BTC-26APR19-4250-C,46.57,0.0345,0.1,0,1553017998766,16713893,136
2019-03-19 18:08:15.630,2.0,buy,3996.3,BTC-26APR19-4250-C,45.29,0.033,2.0,2,1553018895630,16713965,137
2019-03-20 00:33:31.304,3.0,buy,4004.42,BTC-26APR19-4250-C,44.57,0.0325,3.0,2,1553042011304,16718538,138
2019-03-20 00:37:17.224,5.1000000000000005,sell,3989.57,BTC-26APR19-4250-C,45.52,0.0325,5.1000000000000005,3,1553042237224,16719622,139
2019-03-20 00:37:17.224,0.5,sell,3989.57,BTC-26APR19-4250-C,45.52,0.0325,0.5,3,1553042237224,16719623,140
2019-03-20 00:55:10.387,1.0,sell,3990.03,BTC-26APR19-4250-C,44.39,0.031,1.0,2,1553043310387,16720620,141
2019-03-20 07:42:52.734,0.8,sell,3985.25,BTC-26APR19-4250-C,43.9,0.03,0.8,3,1553067772734,16726474,143
2019-03-20 07:42:52.734,0.2,sell,3985.25,BTC-26APR19-4250-C,43.9,0.03,0.2,2,1553067772734,16726473,142
2019-03-20 14:17:02.715,1.0,sell,3993.11,BTC-26APR19-4250-C,44.68,0.031,1.0,0,1553091422715,16732499,144
2019-03-20 14:21:04.241,3.0,buy,3994.3,BTC-26APR19-4250-C,44.99,0.0315,3.0,0,1553091664241,16732634,145
2019-03-20 15:57:57.820,0.3,buy,4000.07,BTC-26APR19-4250-C,45.35,0.0325,0.3,0,1553097477820,16734409,146
2019-03-20 15:58:21.326,2.0,buy,4000.08,BTC-26APR19-4250-C,45.76,0.033,2.0,0,1553097501326,16734412,147
2019-03-20 15:59:24.363,8.700000000000001,buy,4000.14,BTC-26APR19-4250-C,45.76,0.033,8.700000000000001,1,1553097564363,16734417,148
2019-03-20 16:17:40.487,2.1,buy,4012.53,BTC-26APR19-4250-C,45.66,0.034,2.1,0,1553098660487,16735126,149
2019-03-20 16:17:53.167,2.9,buy,4015.57,BTC-26APR19-4250-C,45.48,0.034,2.9,1,1553098673167,16735239,150
2019-03-20 17:51:58.898,3.0,sell,3996.21,BTC-26APR19-4250-C,45.49,0.032,3.0,2,1553104318898,16737401,151
2019-03-20 17:55:44.582,3.0,sell,3995.83,BTC-26APR19-4250-C,45.4,0.032,3.0,3,1553104544582,16737474,152
2019-03-20 18:30:50.765,2.0,buy,4004.6,BTC-26APR19-4250-C,45.78,0.033,2.0,0,1553106650765,16737852,153
2019-03-20 19:22:07.730,0.2,sell,4010.67,BTC-26APR19-4250-C,45.35,0.033,0.2,1,1553109727730,16738587,154
2019-03-21 14:02:01.776,0.1,sell,4022.05,BTC-26APR19-4250-C,43.93,0.0315,0.1,2,1553176921776,16757013,155
2019-03-21 14:38:11.595,0.2,buy,4000.02,BTC-26APR19-4250-C,45.61,0.0315,0.2,3,1553179091595,16758646,156
2019-03-21 22:35:22.017,0.2,buy,3985.83,BTC-26APR19-4250-C,44.96,0.03,0.2,2,1553207722017,16772026,157
2019-03-21 22:46:13.299,0.2,sell,3984.4,BTC-26APR19-4250-C,45.27,0.03,0.2,3,1553208373299,16772156,158
2019-03-21 22:46:13.414,0.2,sell,3984.4,BTC-26APR19-4250-C,45.27,0.03,0.2,3,1553208373414,16772157,159
2019-03-21 22:46:13.444,0.2,sell,3984.4,BTC-26APR19-4250-C,45.27,0.03,0.2,3,1553208373444,16772158,160
2019-03-22 01:47:03.484,0.5,sell,3977.04,BTC-26APR19-4250-C,44.85,0.028999999999999998,0.5,2,1553219223484,16773303,161
2019-03-22 02:30:11.101,1.0,buy,3980.53,BTC-26APR19-4250-C,45.05,0.0295,1.0,0,1553221811101,16773453,162
2019-03-22 02:30:11.101,0.5,buy,3980.53,BTC-26APR19-4250-C,45.05,0.0295,0.5,1,1553221811101,16773454,163
2019-03-22 06:44:45.812,1.0,buy,3972.64,BTC-26APR19-4250-C,45.79,0.0295,1.0,1,1553237085812,16774583,164
2019-03-22 16:20:57.326,0.2,buy,3979.41,BTC-26APR19-4250-C,45.95,0.03,0.2,0,1553271657326,16779979,165
2019-03-22 16:20:57.443,0.8,sell,3979.41,BTC-26APR19-4250-C,45.95,0.03,0.8,1,1553271657443,16779980,166
2019-03-23 12:05:54.847,0.2,sell,3982.26,BTC-26APR19-4250-C,45.08,0.028999999999999998,0.2,2,1553342754847,16791837,167
2019-03-23 12:05:54.861,0.3,sell,3982.26,BTC-26APR19-4250-C,44.18,0.028,0.3,2,1553342754861,16791838,168
2019-03-23 12:12:55.965,0.2,sell,3983.33,BTC-26APR19-4250-C,44.58,0.0285,0.2,0,1553343175965,16791884,169
2019-03-23 15:53:10.410,0.2,sell,3975.33,BTC-26APR19-4250-C,45.2,0.0285,0.2,1,1553356390410,16794336,170
2019-03-23 22:02:35.462,0.2,sell,3975.05,BTC-26APR19-4250-C,45.57,0.0285,0.2,1,1553378555462,16795689,171
2019-03-23 22:02:35.505,0.2,buy,3975.05,BTC-26APR19-4250-C,45.57,0.0285,0.2,1,1553378555505,16795690,172
2019-03-23 22:02:35.535,0.2,buy,3975.05,BTC-26APR19-4250-C,45.57,0.0285,0.2,1,1553378555535,16795691,173
