date_utc,amount,direction,indexPrice,instrument,iv,price,quantity,tickDirection,timeStamp,tradeId,tradeSeq
2019-02-16 02:07:49.057,0.1,sell,3574.35,BTC-26APR19-4250-C,54.69,0.0345,0.1,1,1550282869057,15404742,1
2019-02-16 02:53:44.510,0.4,sell,3579.16,BTC-26APR19-4250-C,55.15,0.0355,0.4,0,1550285624510,15405365,2
2019-02-16 02:58:54.663,0.5,sell,3580.99,BTC-26APR19-4250-C,55.18,0.0355,0.5,1,1550285934663,15405409,3
2019-02-16 03:02:02.356,1.0,sell,3581.88,BTC-26APR19-4250-C,54.81,0.035,1.0,2,1550286122356,15405479,4
2019-02-17 17:43:54.336,3.0,buy,3575.27,BTC-26APR19-4250-C,56.39,0.0365,3.0,0,1550425434336,15450926,5
2019-02-17 23:33:46.037,2.0,buy,3619.13,BTC-26APR19-4250-C,55.25,0.0375,2.0,0,1550446426037,15458330,6
2019-02-18 07:07:46.626,0.5,buy,3709.54,BTC-26APR19-4250-C,53.46,0.041,0.5,0,1550473666626,15497665,7
2019-02-18 12:06:03.896,3.0,buy,3695.45,BTC-26APR19-4250-C,55.31,0.043,3.0,0,1550491563896,15514415,8
2019-02-18 13:23:29.145,3.0,buy,3753.93,BTC-26APR19-4250-C,55.2,0.047,3.0,0,1550496209145,15523987,9
2019-02-18 14:40:53.170,1.0,sell,3807.71,BTC-26APR19-4250-C,53.37,0.0485,1.0,0,1550500853170,15542555,10
2019-02-20 19:58:15.088,2.0,buy,3924.0,BTC-26APR19-4250-C,60.4,0.0695,2.0,0,1550692695088,15709418,11
2019-02-20 19:58:15.088,4.0,buy,3924.0,BTC-26APR19-4250-C,60.7,0.07,4.0,0,1550692695088,15709419,12
2019-02-21 05:14:40.135,1.0,buy,3938.08,BTC-26APR19-4250-C,60.13,0.07,1.0,1,1550726080135,15720992,13
2019-02-21 12:11:53.140,4.0,buy,3893.23,BTC-26APR19-4250-C,60.78,0.0675,4.0,0,1550751113140,15742234,15
2019-02-21 12:11:53.140,6.0,buy,3893.23,BTC-26APR19-4250-C,58.02,0.063,6.0,2,1550751113140,15742233,14
2019-02-21 12:34:47.024,5.0,sell,3896.02,BTC-26APR19-4250-C,56.37,0.0605,5.0,2,1550752487024,15742798,16
2019-02-21 12:34:47.024,5.0,sell,3896.02,BTC-26APR19-4250-C,56.37,0.0605,5.0,3,1550752487024,15742799,17
2019-02-22 08:03:03.144,1.0,sell,3894.73,BTC-26APR19-4250-C,54.16,0.055999999999999994,1.0,2,1550822583144,15760123,18
2019-02-22 21:22:21.936,4.0,sell,3937.29,BTC-26APR19-4250-C,55.07,0.061,4.0,0,1550870541936,15787706,19
2019-02-22 23:36:16.071,0.5,buy,3948.97,BTC-26APR19-4250-C,57.21,0.0655,0.5,0,1550878576071,15789260,20
2019-02-23 00:12:05.249,0.4,sell,3932.79,BTC-26APR19-4250-C,57.71,0.0645,0.4,2,1550880725249,15790509,21
2019-02-23 01:30:05.540,0.1,buy,3938.72,BTC-26APR19-4250-C,57.74,0.065,0.1,0,1550885405540,15791613,22
2019-02-23 07:39:20.476,6.0,buy,3926.31,BTC-26APR19-4250-C,58.94,0.0655,6.0,0,1550907560476,15797331,23
2019-02-23 12:18:48.815,2.0,sell,3932.64,BTC-26APR19-4250-C,59.21,0.066,2.0,0,1550924328815,15802341,24
2019-02-23 17:46:18.363,4.0,buy,4046.24,BTC-26APR19-4250-C,56.42,0.071,4.0,0,1550943978363,15824884,25
2019-02-23 17:50:09.072,0.1,buy,4058.08,BTC-26APR19-4250-C,57.78,0.0745,0.1,0,1550944209072,15826671,26
2019-02-23 17:56:29.726,0.1,buy,4077.17,BTC-26APR19-4250-C,59.39,0.0795,0.1,0,1550944589726,15828454,27
2019-02-23 20:29:53.718,3.1,buy,4130.35,BTC-26APR19-4250-C,58.59,0.083,3.1,0,1550953793718,15844669,28
2019-02-23 20:29:53.803,0.1,buy,4130.35,BTC-26APR19-4250-C,58.59,0.083,0.1,1,1550953793803,15844671,29
2019-02-24 12:48:20.408,2.0,sell,4113.53,BTC-26APR19-4250-C,56.66,0.0795,2.0,2,1551012500408,15880569,30
2019-02-24 14:20:53.746,4.7,sell,3828.16,BTC-26APR19-4250-C,59.43,0.051,4.7,2,1551018053746,15907480,31
2019-02-24 14:23:47.341,0.2,buy,3841.46,BTC-26APR19-4250-C,62.15,0.055999999999999994,0.2,0,1551018227341,15910149,32
2019-02-24 15:08:36.762,1.0,sell,3807.73,BTC-26APR19-4250-C,58.65,0.0505,1.0,2,1551020916762,15931564,33
2019-02-24 17:55:59.237,1.4,sell,3762.41,BTC-26APR19-4250-C,58.22,0.047,1.4,2,1551030959237,15952372,34
2019-02-24 17:55:59.237,1.6,sell,3762.41,BTC-26APR19-4250-C,58.22,0.047,1.6,3,1551030959237,15952373,35
2019-02-24 21:25:05.000,0.6,buy,3804.83,BTC-26APR19-4250-C,59.31,0.0515,0.6,0,1551043505000,15958319,36
2019-02-25 02:54:36.843,4.4,buy,3769.78,BTC-26APR19-4250-C,60.51,0.051,4.4,2,1551063276843,15971863,37
2019-02-25 10:22:10.839,2.9,sell,3748.22,BTC-26APR19-4250-C,61.25,0.05,2.9,2,1551090130839,15983008,38
2019-02-25 15:56:06.917,0.1,buy,3790.67,BTC-26APR19-4250-C,61.05,0.053,0.1,0,1551110166917,15991658,39
2019-02-25 16:54:31.439,0.2,buy,3826.44,BTC-26APR19-4250-C,59.94,0.054000000000000006,0.2,0,1551113671439,15997392,40
2019-02-25 20:12:54.490,1.0,buy,3848.63,BTC-26APR19-4250-C,60.06,0.056,1.0,0,1551125574490,16006855,41
2019-02-25 20:26:29.965,0.2,buy,3822.54,BTC-26APR19-4250-C,60.27,0.054000000000000006,0.2,2,1551126389965,16007448,42
2019-02-25 21:06:08.626,0.3,buy,3824.51,BTC-26APR19-4250-C,59.8,0.0535,0.3,2,1551128768626,16010398,43
2019-02-27 00:12:42.408,1.0,sell,3789.35,BTC-26APR19-4250-C,58.45,0.048,1.0,2,1551226362408,16044662,44
2019-02-27 20:32:45.716,0.2,sell,3772.11,BTC-26APR19-4250-C,58.24,0.046,0.2,2,1551299565716,16065431,45
2019-02-27 21:02:26.049,6.0,buy,3716.5,BTC-26APR19-4250-C,58.95,0.043,6.0,2,1551301346049,16077524,46
2019-02-27 22:54:36.504,0.3,buy,3753.12,BTC-26APR19-4250-C,57.32,0.0435,0.3,0,1551308076504,16082734,47
2019-02-28 23:00:49.952,0.5,sell,3796.43,BTC-26APR19-4250-C,55.95,0.044000000000000004,0.5,0,1551394849952,16139800,48
2019-03-01 01:38:52.326,5.5,buy,3799.78,BTC-26APR19-4250-C,56.66,0.0455,5.5,0,1551404332326,16141544,49
2019-03-01 15:28:39.880,1.0,sell,3815.52,BTC-26APR19-4250-C,54.45,0.043,1.0,2,1551454119880,16151438,50
2019-03-03 13:46:13.621,2.3000000000000003,sell,3780.37,BTC-26APR19-4250-C,55.31,0.04,2.3000000000000003,2,1551620773621,16190347,51
2019-03-03 18:35:04.169,0.7000000000000001,buy,3791.41,BTC-26APR19-4250-C,55.46,0.040999999999999995,0.7000000000000001,0,1551638104169,16197011,52
2019-03-04 04:29:56.361,0.1,sell,3738.72,BTC-26APR19-4250-C,56.03,0.0375,0.1,2,1551673796361,16208506,53
2019-03-04 06:05:08.262,0.1,buy,3710.5,BTC-26APR19-4250-C,56.25,0.036000000000000004,0.1,2,1551679508262,16219554,54
2019-03-04 06:43:30.616,1.0,buy,3728.27,BTC-26APR19-4250-C,55.99,0.037000000000000005,1.0,0,1551681810616,16220808,55
2019-03-04 18:36:41.547,1.0,sell,3708.76,BTC-26APR19-4250-C,53.63,0.032,1.0,2,1551724601547,16242120,56
2019-03-04 19:35:27.747,2.0,sell,3706.04,BTC-26APR19-4250-C,54.17,0.0325,2.0,0,1551728127747,16242674,57
2019-03-05 12:18:34.250,10.0,buy,3736.26,BTC-26APR19-4250-C,54.53,0.035,10.0,0,1551788314250,16255603,58
2019-03-05 12:37:44.068,10.0,buy,3738.93,BTC-26APR19-4250-C,54.75,0.0355,10.0,0,1551789464068,16256085,59
2019-03-05 13:17:45.019,10.0,buy,3766.76,BTC-26APR19-4250-C,54.69,0.0375,10.0,0,1551791865019,16261019,60
2019-03-06 11:02:04.698,1.0,buy,3845.16,BTC-26APR19-4250-C,55.37,0.044000000000000004,1.0,0,1551870124698,16316390,61
2019-03-06 20:34:30.910,1.3,sell,3843.91,BTC-26APR19-4250-C,54.04,0.042,1.3,2,1551904470910,16327487,62
2019-03-08 04:46:30.562,10.0,sell,3866.71,BTC-26APR19-4250-C,49.97,0.037000000000000005,10.0,2,1552020390562,16367612,63
2019-03-08 04:46:31.550,10.0,buy,3866.71,BTC-26APR19-4250-C,49.97,0.037000000000000005,10.0,3,1552020391550,16367613,64
2019-03-08 04:46:35.808,13.0,sell,3866.71,BTC-26APR19-4250-C,49.6,0.0365,13.0,2,1552020395808,16367614,65
2019-03-08 04:47:17.004,13.0,sell,3866.68,BTC-26APR19-4250-C,48.85,0.0355,13.0,3,1552020437004,16367619,67
2019-03-08 04:47:17.004,31.0,sell,3866.68,BTC-26APR19-4250-C,48.1,0.0345,31.0,2,1552020437004,16367620,68
2019-03-08 04:47:17.004,6.0,sell,3866.68,BTC-26APR19-4250-C,48.85,0.0355,6.0,2,1552020437004,16367618,66
2019-03-08 07:54:29.039,0.1,buy,3867.56,BTC-26APR19-4250-C,51.46,0.039,0.1,0,1552031669039,16377931,69
2019-03-08 17:48:32.078,10.0,buy,3892.37,BTC-26APR19-4250-C,50.95,0.04,10.0,0,1552067312078,16390548,70
2019-03-08 21:35:13.308,1.0,sell,3870.83,BTC-26APR19-4250-C,51.1,0.038,1.0,2,1552080913308,16394611,71
2019-03-09 14:09:21.232,50.0,sell,3906.07,BTC-26APR19-4250-C,49.48,0.038,50.0,3,1552140561232,16428842,72
2019-03-11 11:21:39.966,1.0,sell,3857.63,BTC-26APR19-4250-C,49.45,0.033,1.0,2,1552303299966,16483333,73
2019-03-13 19:29:02.717,1.0,sell,3857.66,BTC-26APR19-4250-C,48.08,0.028999999999999998,1.0,2,1552505342717,16544553,74
2019-03-13 22:40:54.838,1.0,buy,3851.63,BTC-26APR19-4250-C,49.21,0.03,1.0,0,1552516854838,16546173,75
2019-03-14 00:09:39.945,1.0,buy,3851.03,BTC-26APR19-4250-C,49.98,0.031,1.0,0,1552522179945,16546989,76
