date_utc,amount,direction,indexPrice,instrument,iv,price,quantity,tickDirection,timeStamp,tradeId,tradeSeq
2019-06-07 12:12:55.677,0.1,buy,7938.79,BTC-21JUN19-8000-P,75.21,0.0625,0.1,1,1559909575677,23586383,1
2019-06-07 15:59:06.636,0.2,buy,7952.9,BTC-21JUN19-8000-P,72.37,0.059000000000000004,0.2,2,1559923146636,23592739,2
2019-06-07 16:01:20.834,1.3,sell,7933.7,BTC-21JUN19-8000-P,74.53,0.062,1.3,0,1559923280834,23592969,3
2019-06-07 16:08:10.539,1.5,sell,7939.15,BTC-21JUN19-8000-P,66.62,0.0555,1.5,2,1559923690539,23593310,4
2019-06-07 18:37:23.258,5.0,buy,8122.51,BTC-21JUN19-8000-P,67.79,0.0445,5.0,2,1559932643258,23606676,5
2019-06-07 18:37:24.726,3.0,buy,8123.7,BTC-21JUN19-8000-P,67.88,0.0445,3.0,3,1559932644726,23606678,6
2019-06-07 18:39:34.538,0.2,sell,8131.16,BTC-21JUN19-8000-P,69.12,0.045,0.2,0,1559932774538,23606941,7
2019-06-07 18:39:37.240,0.2,buy,8131.18,BTC-21JUN19-8000-P,69.12,0.045,0.2,1,1559932777240,23606943,8
2019-06-07 18:41:16.352,0.2,buy,8122.04,BTC-21JUN19-8000-P,68.42,0.045,0.2,1,1559932876352,23607040,9
2019-06-07 18:41:19.206,4.4,buy,8120.04,BTC-21JUN19-8000-P,68.27,0.045,4.4,1,1559932879206,23607046,10
2019-06-07 19:14:30.700,1.0,buy,8001.0,BTC-21JUN19-8000-P,67.83,0.052000000000000005,1.0,0,1559934870700,23609237,11
2019-06-07 20:58:53.885,0.1,buy,7928.43,BTC-21JUN19-8000-P,68.09,0.057,0.1,0,1559941133885,23619655,12
2019-06-08 01:03:22.235,0.1,buy,8035.28,BTC-21JUN19-8000-P,72.69,0.053,0.1,2,1559955802235,23632981,13
2019-06-08 16:45:03.598,0.1,buy,7825.23,BTC-21JUN19-8000-P,65.36,0.061,0.1,0,1560012303598,23669609,14
2019-06-08 19:38:12.385,0.2,sell,7853.52,BTC-21JUN19-8000-P,67.27,0.06,0.2,2,1560022692385,23677948,15
2019-06-09 03:14:50.307,0.1,buy,7882.83,BTC-21JUN19-8000-P,71.83,0.0605,0.1,0,1560050090307,23690755,16
2019-06-09 16:18:37.094,0.2,buy,7699.95,BTC-21JUN19-8000-P,70.47,0.073,0.2,0,1560097117094,23726704,17
2019-06-09 22:11:58.443,5.0,buy,7551.12,BTC-21JUN19-8000-P,77.69,0.091,5.0,0,1560118318443,23760736,18
2019-06-09 22:27:58.568,7.9,buy,7536.14,BTC-21JUN19-8000-P,80.06,0.094,7.9,0,1560119278568,23764432,19
2019-06-09 22:27:58.568,0.1,buy,7536.14,BTC-21JUN19-8000-P,80.82,0.0945,0.1,0,1560119278568,23764433,20
2019-06-10 05:40:02.258,0.4,buy,7637.27,BTC-21JUN19-8000-P,75.84,0.081,0.4,2,1560145202258,23801141,21
2019-06-11 01:30:30.415,0.1,buy,7966.81,BTC-21JUN19-8000-P,75.94,0.053,0.1,2,1560216630415,23890376,22
2019-06-11 01:32:31.963,0.1,buy,7969.17,BTC-21JUN19-8000-P,76.18,0.053,0.1,3,1560216751963,23890399,23
2019-06-11 09:30:08.821,1.0,buy,7941.86,BTC-21JUN19-8000-P,75.36,0.0535,1.0,0,1560245408821,23899243,24
2019-06-11 10:12:03.223,10.0,buy,7838.36,BTC-21JUN19-8000-P,65.41,0.0545,10.0,0,1560247923223,23902512,25
2019-06-11 17:16:09.628,0.1,sell,7877.99,BTC-21JUN19-8000-P,74.94,0.057,0.1,0,1560273369628,23947039,26
2019-06-11 17:16:25.153,0.1,sell,7889.61,BTC-21JUN19-8000-P,75.49,0.0565,0.1,2,1560273385153,23947188,27
2019-06-11 17:31:15.878,0.1,sell,7888.86,BTC-21JUN19-8000-P,74.67,0.056,0.1,2,1560274275878,23948129,28
2019-06-11 17:44:07.624,0.1,sell,7892.68,BTC-21JUN19-8000-P,75.91,0.0565,0.1,0,1560275047624,23948661,29
2019-06-11 17:48:23.056,0.1,sell,7903.57,BTC-21JUN19-8000-P,75.6,0.0555,0.1,2,1560275303056,23948994,30
2019-06-11 21:03:21.121,1.0,sell,7932.66,BTC-21JUN19-8000-P,67.68,0.048,1.0,2,1560287001121,23961065,31
2019-06-11 22:37:08.345,0.4,sell,7930.52,BTC-21JUN19-8000-P,74.72,0.0525,0.4,0,1560292628345,23963447,32
2019-06-11 23:31:22.147,0.1,sell,7938.5,BTC-21JUN19-8000-P,68.69,0.048,0.1,2,1560295882147,23964703,33
2019-06-11 23:31:22.147,0.1,sell,7938.5,BTC-21JUN19-8000-P,67.91,0.0475,0.1,2,1560295882147,23964704,34
2019-06-11 23:31:22.147,0.3,sell,7938.5,BTC-21JUN19-8000-P,67.91,0.0475,0.3,3,1560295882147,23964705,35
2019-06-11 23:32:34.213,0.6,sell,7938.34,BTC-21JUN19-8000-P,67.9,0.0475,0.6,3,1560295954213,23964724,36
2019-06-12 00:19:38.488,0.2,sell,7870.04,BTC-21JUN19-8000-P,67.31,0.052000000000000005,0.2,0,1560298778488,23966549,37
2019-06-12 02:38:49.117,0.1,sell,7887.69,BTC-21JUN19-8000-P,72.9,0.054000000000000006,0.1,0,1560307129117,23970441,38
2019-06-12 11:59:51.947,3.0,sell,7997.54,BTC-21JUN19-8000-P,67.45,0.042,3.0,2,1560340791947,23999916,39
2019-06-12 12:56:05.007,0.5,buy,7997.71,BTC-21JUN19-8000-P,68.42,0.0425,0.5,0,1560344165007,24004161,40
2019-06-12 14:15:46.482,0.1,buy,7941.38,BTC-21JUN19-8000-P,65.72,0.0445,0.1,0,1560348946482,24006839,41
2019-06-12 14:33:30.604,7.9,sell,7999.79,BTC-21JUN19-8000-P,65.66,0.0405,7.9,2,1560350010604,24008413,42
2019-06-12 14:33:30.604,4.1,sell,7999.79,BTC-21JUN19-8000-P,65.66,0.0405,4.1,3,1560350010604,24008414,43
2019-06-12 14:35:09.973,3.9,buy,8011.05,BTC-21JUN19-8000-P,73.35,0.0445,3.9,0,1560350109973,24008630,44
2019-06-12 14:35:09.973,1.1,buy,8011.05,BTC-21JUN19-8000-P,73.35,0.0445,1.1,1,1560350109973,24008631,45
2019-06-12 14:35:35.934,5.0,sell,8019.08,BTC-21JUN19-8000-P,64.43,0.0385,5.0,2,1560350135934,24008750,46
2019-06-12 15:10:48.375,6.0,sell,8119.45,BTC-21JUN19-8000-P,71.12,0.0365,6.0,2,1560352248375,24014400,47
2019-06-12 17:31:16.513,0.1,buy,8136.09,BTC-21JUN19-8000-P,68.91,0.034,0.1,2,1560360676513,24034055,48
2019-06-12 18:45:08.710,1.0,buy,8150.85,BTC-21JUN19-8000-P,69.63,0.0335,1.0,2,1560365108710,24036633,49
2019-06-12 20:14:27.635,1.0,buy,8152.13,BTC-21JUN19-8000-P,75.9,0.037000000000000005,1.0,0,1560370467635,24038888,50
2019-06-12 20:33:12.844,0.5,sell,8112.95,BTC-21JUN19-8000-P,67.25,0.034,0.5,2,1560371592844,24040070,51
2019-06-12 20:40:25.385,4.0,sell,8116.6,BTC-21JUN19-8000-P,72.64,0.037000000000000005,4.0,0,1560372025385,24040764,52
2019-06-12 21:56:01.342,0.2,sell,8157.92,BTC-21JUN19-8000-P,74.22,0.0355,0.2,3,1560376561342,24042768,54
2019-06-12 21:56:01.342,2.0,sell,8157.92,BTC-21JUN19-8000-P,74.22,0.0355,2.0,2,1560376561342,24042767,53
2019-06-12 22:04:44.432,0.7000000000000001,buy,8150.13,BTC-21JUN19-8000-P,75.22,0.0365,0.7000000000000001,0,1560377084432,24042953,55
2019-06-12 22:39:55.603,1.0,sell,8133.73,BTC-21JUN19-8000-P,70.41,0.0345,1.0,2,1560379195603,24043596,56
2019-06-13 00:14:28.978,1.0,sell,8168.46,BTC-21JUN19-8000-P,73.91,0.0345,1.0,3,1560384868978,24046028,57
2019-06-13 00:54:30.224,0.3,sell,8176.12,BTC-21JUN19-8000-P,73.02,0.0335,0.3,2,1560387270224,24047723,58
2019-06-13 00:55:26.261,0.1,sell,8180.86,BTC-21JUN19-8000-P,73.46,0.0335,0.1,3,1560387326261,24047736,59
2019-06-13 00:55:28.598,1.6,sell,8180.05,BTC-21JUN19-8000-P,73.38,0.0335,1.6,3,1560387328598,24047737,60
2019-06-13 01:12:33.139,2.0,sell,8160.81,BTC-21JUN19-8000-P,75.1,0.0355,2.0,0,1560388353139,24048004,61
2019-06-13 01:18:24.212,0.1,buy,8157.66,BTC-21JUN19-8000-P,70.55,0.033,0.1,2,1560388704212,24048054,62
2019-06-13 08:22:00.049,2.0,buy,8125.15,BTC-21JUN19-8000-P,69.61,0.0335,2.0,0,1560414120049,24057197,63
2019-06-13 08:22:00.049,0.4,buy,8125.15,BTC-21JUN19-8000-P,69.61,0.0335,0.4,1,1560414120049,24057198,64
2019-06-13 08:23:11.951,0.2,buy,8121.59,BTC-21JUN19-8000-P,70.13,0.034,0.2,0,1560414191951,24057215,65
2019-06-13 11:17:00.925,0.2,sell,8121.78,BTC-21JUN19-8000-P,68.95,0.033,0.2,2,1560424620925,24063046,66
2019-06-13 11:22:19.896,0.1,sell,8114.46,BTC-21JUN19-8000-P,68.25,0.033,0.1,3,1560424939896,24063133,67
2019-06-13 12:25:29.459,2.0,sell,8128.89,BTC-21JUN19-8000-P,68.1,0.032,2.0,2,1560428729459,24064399,68
2019-06-13 12:26:34.826,3.0,sell,8128.86,BTC-21JUN19-8000-P,68.1,0.032,3.0,3,1560428794826,24064405,69
2019-06-13 12:28:55.794,2.0,sell,8128.75,BTC-21JUN19-8000-P,67.22,0.0315,2.0,2,1560428935794,24064424,70
2019-06-13 12:36:14.993,3.0,sell,8153.88,BTC-21JUN19-8000-P,66.99,0.03,3.0,2,1560429374993,24064997,71
2019-06-13 12:44:31.125,1.0,buy,8127.64,BTC-21JUN19-8000-P,67.16,0.0315,1.0,1,1560429871125,24065479,73
2019-06-13 12:44:31.125,0.2,buy,8127.64,BTC-21JUN19-8000-P,67.16,0.0315,0.2,0,1560429871125,24065478,72
2019-06-13 12:45:05.264,3.0,buy,8112.6,BTC-21JUN19-8000-P,67.44,0.0325,3.0,0,1560429905264,24065840,74
2019-06-13 12:47:02.708,0.1,buy,8077.57,BTC-21JUN19-8000-P,66.55,0.034,0.1,0,1560430022708,24066592,75
2019-06-13 12:47:24.221,0.1,buy,8069.95,BTC-21JUN19-8000-P,67.5,0.035,0.1,0,1560430044221,24066905,76
2019-06-13 12:47:29.554,0.1,buy,8057.8,BTC-21JUN19-8000-P,69.7,0.037000000000000005,0.1,0,1560430049554,24067386,77
2019-06-13 13:15:31.429,4.0,sell,8153.01,BTC-21JUN19-8000-P,67.03,0.03,4.0,2,1560431731429,24071445,78
2019-06-13 13:32:44.444,0.1,buy,8181.96,BTC-21JUN19-8000-P,72.45,0.0315,0.1,0,1560432764444,24074002,79
2019-06-13 14:47:47.834,4.0,sell,8176.65,BTC-21JUN19-8000-P,68.63,0.0295,4.0,2,1560437267834,24076420,80
2019-06-13 14:49:10.458,2.0,sell,8173.64,BTC-21JUN19-8000-P,69.25,0.03,2.0,0,1560437350458,24076479,81
2019-06-13 15:00:13.013,0.5,sell,8162.33,BTC-21JUN19-8000-P,69.11,0.0305,0.5,0,1560438013013,24076974,82
2019-06-13 15:01:01.513,0.2,buy,8163.58,BTC-21JUN19-8000-P,71.01,0.0315,0.2,0,1560438061513,24076989,83
2019-06-13 15:01:12.527,0.4,buy,8163.86,BTC-21JUN19-8000-P,72.82,0.0325,0.4,0,1560438072527,24076995,84
2019-06-13 17:03:03.127,0.1,sell,8183.77,BTC-21JUN19-8000-P,68.81,0.028999999999999998,0.1,2,1560445383127,24083575,85
2019-06-13 18:33:41.014,5.0,sell,8224.31,BTC-21JUN19-8000-P,69.14,0.027000000000000003,5.0,2,1560450821014,24086977,86
2019-06-13 18:34:32.112,5.0,sell,8215.58,BTC-21JUN19-8000-P,68.36,0.027000000000000003,5.0,3,1560450872112,24086994,87
2019-06-13 18:44:32.919,0.6,sell,8228.92,BTC-21JUN19-8000-P,67.74,0.026000000000000002,0.6,2,1560451472919,24087353,88
2019-06-13 18:44:38.951,1.4,buy,8228.29,BTC-21JUN19-8000-P,67.68,0.026000000000000002,1.4,3,1560451478951,24087355,89
2019-06-13 18:44:38.951,0.1,buy,8228.29,BTC-21JUN19-8000-P,67.68,0.026000000000000002,0.1,3,1560451478951,24087356,90
2019-06-13 18:48:45.863,0.6,sell,8237.63,BTC-21JUN19-8000-P,68.52,0.026000000000000002,0.6,3,1560451725863,24087526,91
2019-06-13 18:48:45.863,4.4,sell,8237.63,BTC-21JUN19-8000-P,67.59,0.0255,4.4,2,1560451725863,24087527,92
2019-06-13 18:51:38.464,0.6,buy,8254.9,BTC-21JUN19-8000-P,68.17,0.025,0.6,2,1560451898464,24088264,93
2019-06-13 18:51:38.956,0.6,buy,8254.9,BTC-21JUN19-8000-P,68.17,0.025,0.6,3,1560451898956,24088268,94
2019-06-13 18:52:21.391,3.8,buy,8252.97,BTC-21JUN19-8000-P,68.0,0.025,3.8,3,1560451941391,24088698,95
2019-06-13 19:00:06.072,0.1,buy,8275.33,BTC-21JUN19-8000-P,72.76,0.0265,0.1,0,1560452406072,24090293,96
2019-06-13 21:30:19.947,0.2,buy,8292.39,BTC-21JUN19-8000-P,73.79,0.026000000000000002,0.2,2,1560461419947,24097579,97
2019-06-13 21:30:19.947,6.0,buy,8292.39,BTC-21JUN19-8000-P,73.79,0.026000000000000002,6.0,3,1560461419947,24097580,98
2019-06-13 21:30:19.947,5.0,buy,8292.39,BTC-21JUN19-8000-P,73.79,0.026000000000000002,5.0,3,1560461419947,24097581,99
2019-06-13 21:30:20.001,3.8,sell,8292.39,BTC-21JUN19-8000-P,73.79,0.026000000000000002,3.8,3,1560461420001,24097582,100
2019-06-13 21:51:10.718,0.1,sell,8320.47,BTC-21JUN19-8000-P,67.54,0.0215,0.1,2,1560462670718,24098385,102
2019-06-13 21:51:10.718,0.1,sell,8320.47,BTC-21JUN19-8000-P,69.49,0.0225,0.1,2,1560462670718,24098384,101
2019-06-13 21:51:27.067,1.0,sell,8321.24,BTC-21JUN19-8000-P,67.6,0.0215,1.0,3,1560462687067,24098400,103
2019-06-13 21:59:13.404,0.1,sell,8319.49,BTC-21JUN19-8000-P,68.46,0.022000000000000002,0.1,0,1560463153404,24099221,104
2019-06-13 23:04:37.547,15.0,buy,8270.13,BTC-21JUN19-8000-P,74.08,0.027000000000000003,15.0,0,1560467077547,24103994,105
2019-06-13 23:18:13.700,0.1,sell,8254.0,BTC-21JUN19-8000-P,70.83,0.026000000000000002,0.1,2,1560467893700,24104336,106
2019-06-13 23:48:03.642,0.1,buy,8213.56,BTC-21JUN19-8000-P,73.82,0.0295,0.1,0,1560469683642,24105544,107
2019-06-14 02:44:23.613,0.1,buy,8214.36,BTC-21JUN19-8000-P,74.51,0.0295,0.1,1,1560480263613,24112628,108
2019-06-14 04:06:33.584,1.0,sell,8197.72,BTC-21JUN19-8000-P,68.57,0.027000000000000003,1.0,2,1560485193584,24113525,109
2019-06-14 04:39:38.271,2.0,buy,8215.07,BTC-21JUN19-8000-P,72.18,0.027999999999999997,2.0,0,1560487178271,24113746,110
2019-06-14 05:36:29.759,0.5,sell,8246.95,BTC-21JUN19-8000-P,71.49,0.026000000000000002,0.5,2,1560490589759,24115031,111
2019-06-14 06:06:37.805,0.1,buy,8226.15,BTC-21JUN19-8000-P,73.52,0.027999999999999997,0.1,0,1560492397805,24115566,112
2019-06-14 06:15:33.680,0.1,buy,8220.43,BTC-21JUN19-8000-P,73.96,0.0285,0.1,1,1560492933680,24115880,114
2019-06-14 06:15:33.680,0.1,buy,8220.43,BTC-21JUN19-8000-P,73.96,0.0285,0.1,1,1560492933680,24115881,115
2019-06-14 06:15:33.680,4.8,buy,8220.43,BTC-21JUN19-8000-P,73.96,0.0285,4.8,0,1560492933680,24115879,113
2019-06-14 06:48:29.692,1.0,sell,8218.36,BTC-21JUN19-8000-P,72.94,0.027999999999999997,1.0,2,1560494909692,24116581,116
2019-06-14 07:06:59.931,4.4,sell,8237.34,BTC-21JUN19-8000-P,72.86,0.027000000000000003,4.4,2,1560496019931,24116838,117
2019-06-14 07:34:29.699,5.0,sell,8247.72,BTC-21JUN19-8000-P,68.12,0.024,5.0,2,1560497669699,24117445,118
2019-06-14 08:01:02.077,0.1,sell,8265.45,BTC-21JUN19-8000-P,66.85,0.0225,0.1,2,1560499262077,24118556,119
2019-06-14 09:03:15.937,0.1,sell,8283.72,BTC-21JUN19-8000-P,67.65,0.022000000000000002,0.1,2,1560502995937,24122952,120
2019-06-14 09:05:15.637,0.5,sell,8297.94,BTC-21JUN19-8000-P,68.88,0.022000000000000002,0.5,3,1560503115637,24123122,121
2019-06-14 09:13:52.327,0.2,sell,8283.23,BTC-21JUN19-8000-P,66.65,0.0215,0.2,2,1560503632327,24123323,122
2019-06-14 09:14:06.329,4.5,buy,8282.02,BTC-21JUN19-8000-P,67.54,0.022000000000000002,4.5,0,1560503646329,24123342,123
2019-06-14 09:57:07.340,0.2,sell,8297.79,BTC-21JUN19-8000-P,69.04,0.022000000000000002,0.2,1,1560506227340,24124821,124
2019-06-14 09:57:07.340,0.1,sell,8297.79,BTC-21JUN19-8000-P,69.04,0.022000000000000002,0.1,1,1560506227340,24124822,125
2019-06-14 09:59:28.832,0.1,buy,8305.91,BTC-21JUN19-8000-P,66.73,0.0205,0.1,2,1560506368832,24125116,126
2019-06-14 10:00:08.734,1.0,sell,8300.78,BTC-21JUN19-8000-P,65.29,0.02,1.0,2,1560506408734,24125144,127
2019-06-14 10:14:30.409,2.0,buy,8288.63,BTC-21JUN19-8000-P,66.32,0.021,2.0,0,1560507270409,24125827,128
2019-06-14 10:14:30.409,0.2,buy,8288.63,BTC-21JUN19-8000-P,66.32,0.021,0.2,1,1560507270409,24125828,129
2019-06-14 10:20:03.685,0.1,sell,8295.17,BTC-21JUN19-8000-P,66.9,0.021,0.1,1,1560507603685,24125983,130
2019-06-14 10:20:39.436,0.9,buy,8296.15,BTC-21JUN19-8000-P,66.98,0.021,0.9,1,1560507639436,24125985,131
2019-06-14 11:33:54.430,7.5,buy,8296.28,BTC-21JUN19-8000-P,64.2,0.0195,7.5,2,1560512034430,24128052,132
2019-06-14 11:34:08.471,0.1,buy,8296.54,BTC-21JUN19-8000-P,63.21,0.019,0.1,2,1560512048471,24128070,133
2019-06-14 11:34:16.605,6.0,buy,8296.89,BTC-21JUN19-8000-P,64.26,0.0195,6.0,0,1560512056605,24128086,134
2019-06-14 11:34:58.992,2.0,sell,8298.64,BTC-21JUN19-8000-P,63.39,0.019,2.0,2,1560512098992,24128143,135
2019-06-14 12:21:21.264,0.5,sell,8277.84,BTC-21JUN19-8000-P,63.81,0.02,0.5,0,1560514881264,24130007,136
2019-06-14 12:33:55.819,0.1,sell,8347.2,BTC-21JUN19-8000-P,63.38,0.017,0.1,2,1560515635819,24132374,137
2019-06-14 13:41:11.630,0.2,sell,8407.14,BTC-21JUN19-8000-P,65.01,0.0155,0.2,2,1560519671630,24138895,138
2019-06-14 13:55:58.491,2.8000000000000003,buy,8408.94,BTC-21JUN19-8000-P,62.97,0.0145,2.8000000000000003,3,1560520558491,24141689,141
2019-06-14 13:55:58.491,2.0,buy,8408.94,BTC-21JUN19-8000-P,62.97,0.0145,2.0,3,1560520558491,24141688,140
2019-06-14 13:55:58.491,0.2,buy,8408.94,BTC-21JUN19-8000-P,62.97,0.0145,0.2,2,1560520558491,24141687,139
2019-06-14 13:56:33.176,0.6,buy,8411.88,BTC-21JUN19-8000-P,63.19,0.0145,0.6,3,1560520593176,24141838,142
2019-06-14 13:56:55.482,0.1,buy,8404.2,BTC-21JUN19-8000-P,63.73,0.015,0.1,0,1560520615482,24141879,143
2019-06-14 13:57:04.465,0.2,buy,8405.11,BTC-21JUN19-8000-P,63.8,0.015,0.2,1,1560520624465,24141917,144
2019-06-14 14:00:41.233,2.0,buy,8426.06,BTC-21JUN19-8000-P,63.13,0.013999999999999999,2.0,2,1560520841233,24142310,145
2019-06-14 14:03:58.058,5.0,buy,8417.52,BTC-21JUN19-8000-P,63.64,0.0145,5.0,0,1560521038058,24142572,146
2019-06-14 14:04:33.375,0.6,buy,8416.12,BTC-21JUN19-8000-P,63.54,0.0145,0.6,1,1560521073375,24142610,147
2019-06-14 14:04:35.769,0.6,buy,8416.01,BTC-21JUN19-8000-P,63.53,0.0145,0.6,1,1560521075769,24142613,148
2019-06-14 14:04:35.839,0.6,buy,8416.01,BTC-21JUN19-8000-P,63.53,0.0145,0.6,1,1560521075839,24142615,149
2019-06-14 14:06:06.526,0.6,sell,8424.11,BTC-21JUN19-8000-P,63.0,0.013999999999999999,0.6,2,1560521166526,24142734,150
2019-06-14 14:07:01.302,5.0,buy,8425.76,BTC-21JUN19-8000-P,63.13,0.013999999999999999,5.0,3,1560521221302,24142786,151
2019-06-14 14:07:05.230,5.0,buy,8425.07,BTC-21JUN19-8000-P,63.08,0.013999999999999999,5.0,3,1560521225230,24142788,152
2019-06-14 14:07:32.300,2.2,buy,8422.23,BTC-21JUN19-8000-P,64.0,0.0145,2.2,0,1560521252300,24142826,153
2019-06-14 14:08:27.782,5.0,buy,8421.83,BTC-21JUN19-8000-P,68.43,0.0165,5.0,0,1560521307782,24142875,154
2019-06-14 14:08:51.076,0.1,sell,8422.88,BTC-21JUN19-8000-P,62.92,0.013999999999999999,0.1,2,1560521331076,24142893,155
2019-06-14 14:09:04.362,0.1,buy,8423.74,BTC-21JUN19-8000-P,62.98,0.013999999999999999,0.1,3,1560521344362,24142897,156
2019-06-14 14:12:01.559,0.7000000000000001,buy,8422.47,BTC-21JUN19-8000-P,68.49,0.0165,0.7000000000000001,0,1560521521559,24143013,157
2019-06-14 14:12:05.791,0.7000000000000001,buy,8422.52,BTC-21JUN19-8000-P,68.5,0.0165,0.7000000000000001,1,1560521525791,24143023,158
2019-06-14 15:05:18.338,0.1,sell,8402.94,BTC-21JUN19-8000-P,63.86,0.015,0.1,2,1560524718338,24145920,159
2019-06-14 15:14:33.333,5.0,buy,8407.36,BTC-21JUN19-8000-P,67.56,0.0165,5.0,0,1560525273333,24146121,160
2019-06-14 15:15:40.909,0.2,buy,8408.6,BTC-21JUN19-8000-P,67.65,0.0165,0.2,1,1560525340909,24146134,161
2019-06-14 15:20:12.535,1.0,buy,8411.3,BTC-21JUN19-8000-P,67.88,0.0165,1.0,1,1560525612535,24146323,162
2019-06-14 15:28:36.745,0.4,buy,8434.65,BTC-21JUN19-8000-P,69.7,0.0165,0.4,1,1560526116745,24146689,164
2019-06-14 15:28:36.745,9.4,buy,8434.65,BTC-21JUN19-8000-P,69.7,0.0165,9.4,1,1560526116745,24146690,165
2019-06-14 15:28:36.745,0.2,buy,8434.65,BTC-21JUN19-8000-P,69.7,0.0165,0.2,1,1560526116745,24146688,163
2019-06-14 15:29:16.710,10.0,buy,8439.83,BTC-21JUN19-8000-P,70.09,0.0165,10.0,1,1560526156710,24146772,166
2019-06-14 16:43:25.008,0.2,buy,8381.04,BTC-21JUN19-8000-P,69.07,0.018000000000000002,0.2,0,1560530605008,24151006,167
2019-06-14 16:46:07.642,3.0,sell,8399.95,BTC-21JUN19-8000-P,68.4,0.017,3.0,2,1560530767642,24151276,168
2019-06-14 16:56:39.169,0.2,buy,8368.45,BTC-21JUN19-8000-P,72.38,0.02,0.2,0,1560531399169,24151866,169
2019-06-14 16:58:59.609,0.7000000000000001,buy,8372.17,BTC-21JUN19-8000-P,72.69,0.02,0.7000000000000001,1,1560531539609,24151940,170
2019-06-14 16:59:22.906,0.7000000000000001,buy,8370.82,BTC-21JUN19-8000-P,70.45,0.019,0.7000000000000001,2,1560531562906,24151950,171
2019-06-14 17:07:38.845,0.7000000000000001,buy,8381.54,BTC-21JUN19-8000-P,73.49,0.02,0.7000000000000001,0,1560532058845,24152636,172
2019-06-14 17:07:38.845,23.3,buy,8381.54,BTC-21JUN19-8000-P,74.56,0.0205,23.3,0,1560532058845,24152637,173
2019-06-14 17:07:53.719,0.7000000000000001,buy,8381.2,BTC-21JUN19-8000-P,72.4,0.0195,0.7000000000000001,2,1560532073719,24152659,174
2019-06-14 19:38:35.804,0.2,buy,8413.8,BTC-21JUN19-8000-P,70.12,0.017,0.2,2,1560541115804,24157581,175
2019-06-14 19:45:18.110,0.1,buy,8402.96,BTC-21JUN19-8000-P,73.69,0.019,0.1,0,1560541518110,24157956,176
2019-06-14 20:39:35.557,0.7000000000000001,buy,8444.5,BTC-21JUN19-8000-P,75.0,0.018000000000000002,0.7000000000000001,2,1560544775557,24159658,177
2019-06-14 20:39:35.557,19.3,buy,8444.5,BTC-21JUN19-8000-P,76.11,0.0185,19.3,0,1560544775557,24159659,178
2019-06-14 21:22:48.715,10.0,buy,8614.17,BTC-21JUN19-8000-P,78.18,0.013999999999999999,10.0,2,1560547368715,24171934,179
2019-06-14 21:22:59.327,5.0,buy,8613.46,BTC-21JUN19-8000-P,78.13,0.013999999999999999,5.0,3,1560547379327,24171955,180
2019-06-14 22:50:55.451,10.0,sell,8690.01,BTC-21JUN19-8000-P,72.86,0.01,10.0,3,1560552655451,24181607,183
2019-06-14 22:50:55.451,1.0,sell,8690.01,BTC-21JUN19-8000-P,72.86,0.01,1.0,2,1560552655451,24181605,181
2019-06-14 22:50:55.451,2.5,sell,8690.01,BTC-21JUN19-8000-P,72.86,0.01,2.5,3,1560552655451,24181606,182
2019-06-15 02:28:19.448,1.0,sell,8674.38,BTC-21JUN19-8000-P,76.96,0.0115,1.0,0,1560565699448,24191806,184
2019-06-15 03:19:43.605,1.4,buy,8648.75,BTC-21JUN19-8000-P,78.19,0.0125,1.4,0,1560568783605,24193295,185
2019-06-15 03:26:03.302,9.0,sell,8645.37,BTC-21JUN19-8000-P,73.9,0.011000000000000001,9.0,2,1560569163302,24193358,186
2019-06-15 06:57:44.683,10.0,buy,8714.47,BTC-21JUN19-8000-P,77.93,0.0105,10.0,2,1560581864683,24201936,187
2019-06-15 07:48:47.302,17.5,sell,8694.3,BTC-21JUN19-8000-P,69.27,0.008,17.5,2,1560584927302,24204704,188
2019-06-15 10:05:56.870,0.1,buy,8645.72,BTC-21JUN19-8000-P,72.76,0.01,0.1,0,1560593156870,24207468,189
2019-06-15 10:08:40.624,2.4,sell,8649.67,BTC-21JUN19-8000-P,73.04,0.01,2.4,1,1560593320624,24207545,190
2019-06-15 12:54:53.294,0.1,buy,8644.1,BTC-21JUN19-8000-P,70.4,0.009000000000000001,0.1,2,1560603293294,24211419,191
2019-06-15 14:04:32.002,0.1,buy,8672.75,BTC-21JUN19-8000-P,72.59,0.009000000000000001,0.1,3,1560607472002,24213440,192
2019-06-15 14:37:27.149,0.5,sell,8692.35,BTC-21JUN19-8000-P,72.45,0.0085,0.5,2,1560609447149,24214530,193
2019-06-15 14:48:09.443,0.9,buy,8709.99,BTC-21JUN19-8000-P,72.01,0.008,0.9,2,1560610089443,24215323,194
2019-06-15 15:48:33.829,0.1,buy,8814.94,BTC-21JUN19-8000-P,78.86,0.008,0.1,3,1560613713829,24221935,195
2019-06-15 16:00:37.960,10.0,buy,8790.4,BTC-21JUN19-8000-P,75.68,0.0075,10.0,2,1560614437960,24223740,196
2019-06-15 17:47:47.256,0.7000000000000001,sell,8803.79,BTC-21JUN19-8000-P,71.52,0.006,0.7000000000000001,2,1560620867256,24236949,197
2019-06-15 19:29:37.850,0.8,buy,8854.89,BTC-21JUN19-8000-P,74.99,0.006,0.8,3,1560626977850,24242108,198
2019-06-15 21:10:16.839,0.1,buy,8787.2,BTC-21JUN19-8000-P,71.44,0.006,0.1,3,1560633016839,24249172,199
2019-06-16 01:41:15.918,1.0,sell,8980.2,BTC-21JUN19-8000-P,82.02,0.0055,1.0,2,1560649275918,24266916,200
2019-06-16 01:45:57.386,10.0,sell,8988.15,BTC-21JUN19-8000-P,70.02,0.003,10.0,2,1560649557386,24268468,201
2019-06-16 02:33:24.913,1.1,buy,8988.25,BTC-21JUN19-8000-P,80.5,0.005,1.1,0,1560652404913,24273113,202
2019-06-16 02:37:28.498,0.4,buy,8985.43,BTC-21JUN19-8000-P,80.36,0.005,0.4,1,1560652648498,24273225,203
2019-06-16 05:08:55.003,0.6,sell,9181.15,BTC-21JUN19-8000-P,57.36,0.0005,0.6,2,1560661735003,24287205,206
2019-06-16 05:08:55.003,0.4,sell,9181.15,BTC-21JUN19-8000-P,64.39,0.001,0.4,2,1560661735003,24287204,205
2019-06-16 05:08:55.003,0.1,sell,9181.15,BTC-21JUN19-8000-P,73.75,0.002,0.1,2,1560661735003,24287203,204
2019-06-16 08:05:40.730,0.1,sell,9358.97,BTC-21JUN19-8000-P,78.3,0.0015,0.1,0,1560672340730,24315848,207
2019-06-16 08:46:41.727,7.5,buy,8990.31,BTC-21JUN19-8000-P,82.69,0.005,7.5,0,1560674801727,24327167,208
2019-06-16 08:46:41.748,1.0,buy,8990.31,BTC-21JUN19-8000-P,82.69,0.005,1.0,1,1560674801748,24327168,209
2019-06-16 10:51:54.482,0.1,sell,9068.49,BTC-21JUN19-8000-P,87.92,0.005,0.1,1,1560682314482,24351429,210
2019-06-16 12:29:02.472,0.1,sell,9077.82,BTC-21JUN19-8000-P,74.67,0.0025,0.1,2,1560688142472,24360822,211
2019-06-16 12:50:22.704,1.0,buy,9071.39,BTC-21JUN19-8000-P,86.29,0.0045,1.0,0,1560689422704,24361866,212
2019-06-16 12:50:22.869,4.0,sell,9071.39,BTC-21JUN19-8000-P,86.29,0.0045,4.0,1,1560689422869,24361867,213
2019-06-16 14:59:07.612,5.0,sell,9255.71,BTC-21JUN19-8000-P,80.5,0.002,5.0,2,1560697147612,24375998,214
2019-06-16 19:31:11.276,0.1,buy,8982.14,BTC-21JUN19-8000-P,81.01,0.004,0.1,0,1560713471276,24406140,215
2019-06-16 20:12:18.744,0.1,buy,8834.9,BTC-21JUN19-8000-P,81.83,0.006,0.1,0,1560715938744,24419967,216
2019-06-16 20:16:58.641,4.9,sell,8837.16,BTC-21JUN19-8000-P,82.01,0.006,4.9,1,1560716218641,24421719,217
2019-06-16 20:24:37.786,0.2,sell,8866.93,BTC-21JUN19-8000-P,88.26,0.006999999999999999,0.2,0,1560716677786,24423267,218
2019-06-16 21:13:59.417,1.0,sell,8998.14,BTC-21JUN19-8000-P,92.69,0.006,1.0,2,1560719639417,24428528,219
2019-06-16 21:18:44.353,1.0,sell,8994.15,BTC-21JUN19-8000-P,92.48,0.006,1.0,3,1560719924353,24428755,220
2019-06-16 21:18:51.829,1.0,sell,8994.01,BTC-21JUN19-8000-P,92.47,0.006,1.0,3,1560719931829,24428756,221
2019-06-16 22:33:10.612,1.0,buy,9015.53,BTC-21JUN19-8000-P,89.47,0.005,1.0,2,1560724390612,24433707,222
2019-06-16 23:47:26.667,1.0,buy,8992.58,BTC-21JUN19-8000-P,88.58,0.005,1.0,3,1560728846667,24436722,223
2019-06-17 02:34:44.697,10.0,buy,9128.69,BTC-21JUN19-8000-P,86.04,0.003,10.0,2,1560738884697,24450390,224
2019-06-17 02:34:52.463,5.0,sell,9128.65,BTC-21JUN19-8000-P,86.04,0.003,5.0,3,1560738892463,24450392,225
2019-06-17 02:38:27.175,15.0,sell,9112.8,BTC-21JUN19-8000-P,81.6,0.0025,15.0,2,1560739107175,24451403,226
2019-06-17 04:16:07.810,0.2,sell,9227.82,BTC-21JUN19-8000-P,84.27,0.002,0.2,2,1560744967810,24458710,227
2019-06-17 04:17:36.661,0.1,buy,9231.57,BTC-21JUN19-8000-P,92.46,0.003,0.1,0,1560745056661,24458998,228
2019-06-17 08:11:37.941,15.0,sell,9183.41,BTC-21JUN19-8000-P,83.64,0.002,15.0,2,1560759097941,24471921,229
2019-06-17 08:47:17.979,0.1,sell,9205.87,BTC-21JUN19-8000-P,85.08,0.002,0.1,3,1560761237979,24474025,230
2019-06-17 09:05:49.345,0.1,sell,9195.73,BTC-21JUN19-8000-P,79.83,0.0015,0.1,2,1560762349345,24474519,231
2019-06-17 10:03:25.865,11.0,sell,9196.76,BTC-21JUN19-8000-P,89.44,0.0025,11.0,0,1560765805865,24477539,232
2019-06-17 10:03:25.865,2.1,sell,9196.76,BTC-21JUN19-8000-P,89.44,0.0025,2.1,1,1560765805865,24477540,233
2019-06-17 11:04:27.872,22.0,sell,9313.68,BTC-21JUN19-8000-P,91.83,0.002,22.0,2,1560769467872,24484049,234
2019-06-17 11:09:10.260,11.0,sell,9319.43,BTC-21JUN19-8000-P,87.0,0.0015,11.0,2,1560769750260,24485080,235
2019-06-17 12:49:24.080,0.8,sell,9267.52,BTC-21JUN19-8000-P,85.14,0.0015,0.8,3,1560775764080,24499060,236
2019-06-17 15:00:44.664,1.0,sell,9394.04,BTC-21JUN19-8000-P,86.05,0.001,1.0,2,1560783644664,24509531,237
2019-06-17 15:05:03.210,1.0,buy,9321.48,BTC-21JUN19-8000-P,98.91,0.0025,1.0,0,1560783903210,24512105,238
2019-06-17 16:08:06.494,0.1,sell,9220.08,BTC-21JUN19-8000-P,93.81,0.0025,0.1,1,1560787686494,24532265,239
2019-06-17 16:41:52.258,2.0,sell,9213.63,BTC-21JUN19-8000-P,89.29,0.002,2.0,2,1560789712258,24536261,240
2019-06-17 18:28:55.225,1.0,buy,9259.69,BTC-21JUN19-8000-P,87.51,0.0015,1.0,2,1560796135225,24542063,241
2019-06-17 18:28:56.084,1.0,sell,9259.67,BTC-21JUN19-8000-P,81.13,0.001,1.0,2,1560796136084,24542064,242
2019-06-17 18:38:53.375,0.7000000000000001,buy,9266.26,BTC-21JUN19-8000-P,101.98,0.003,0.7000000000000001,0,1560796733375,24542478,243
2019-06-17 19:15:11.610,0.5,sell,9340.16,BTC-21JUN19-8000-P,76.39,0.0005,0.5,2,1560798911610,24545468,244
2019-06-17 19:15:45.623,0.2,sell,9332.04,BTC-21JUN19-8000-P,76.03,0.0005,0.2,3,1560798945623,24545741,245
2019-06-18 01:02:36.978,8.1,buy,9280.23,BTC-21JUN19-8000-P,102.54,0.0025,8.1,0,1560819756978,24605434,246
2019-06-18 07:18:26.742,2.2,sell,9151.37,BTC-21JUN19-8000-P,88.62,0.0015,2.2,2,1560842306742,24628017,247
2019-06-18 07:25:19.479,2.0,buy,9106.52,BTC-21JUN19-8000-P,96.04,0.0025,2.0,0,1560842719479,24630093,248
2019-06-18 11:06:14.783,0.2,buy,9181.72,BTC-21JUN19-8000-P,98.52,0.002,0.2,2,1560855974783,24642897,249
2019-06-18 11:43:34.389,0.1,sell,9188.06,BTC-21JUN19-8000-P,86.76,0.001,0.1,2,1560858214389,24644439,250
2019-06-18 11:47:19.766,0.2,buy,9185.03,BTC-21JUN19-8000-P,99.22,0.002,0.2,0,1560858439766,24644618,251
2019-06-18 15:32:17.430,1.0,buy,8956.4,BTC-21JUN19-8000-P,86.95,0.002,1.0,1,1560871937430,24661474,252
2019-06-18 15:49:02.783,0.1,buy,9053.65,BTC-21JUN19-8000-P,93.68,0.002,0.1,1,1560872942783,24665799,253
2019-06-18 17:18:04.595,8.700000000000001,buy,8975.24,BTC-21JUN19-8000-P,89.46,0.002,8.700000000000001,1,1560878284595,24673772,254
2019-06-18 18:31:01.588,8.700000000000001,sell,9059.77,BTC-21JUN19-8000-P,83.65,0.001,8.700000000000001,2,1560882661588,24682343,255
2019-06-18 20:07:48.263,0.9,sell,9077.4,BTC-21JUN19-8000-P,85.87,0.001,0.9,3,1560888468263,24687954,256
2019-06-18 21:43:57.404,1.0,buy,9063.27,BTC-21JUN19-8000-P,86.15,0.001,1.0,3,1560894237404,24693743,257
2019-06-18 21:45:13.851,2.0,buy,9060.94,BTC-21JUN19-8000-P,86.01,0.001,2.0,3,1560894313851,24693799,258
2019-06-18 21:55:21.114,7.0,buy,9020.53,BTC-21JUN19-8000-P,83.57,0.001,7.0,3,1560894921114,24694976,259
2019-06-19 01:18:17.177,1.0,sell,9164.98,BTC-21JUN19-8000-P,95.46,0.001,1.0,3,1560907097177,24712877,260
2019-06-19 02:19:20.908,0.1,buy,9136.92,BTC-21JUN19-8000-P,94.55,0.001,0.1,3,1560910760908,24714565,261
2019-06-19 02:19:44.407,0.3,buy,9134.31,BTC-21JUN19-8000-P,94.4,0.001,0.3,3,1560910784407,24714574,262
2019-06-19 02:27:41.478,0.1,buy,9147.74,BTC-21JUN19-8000-P,95.38,0.001,0.1,3,1560911261478,24714964,263
2019-06-19 03:07:34.684,1.7,sell,9160.59,BTC-21JUN19-8000-P,86.22,0.0005,1.7,2,1560913654684,24716019,264
2019-06-19 03:07:34.684,0.9,sell,9160.59,BTC-21JUN19-8000-P,86.22,0.0005,0.9,3,1560913654684,24716020,265
2019-06-19 03:07:34.684,13.5,sell,9160.59,BTC-21JUN19-8000-P,86.22,0.0005,13.5,3,1560913654684,24716021,266
2019-06-19 03:07:34.684,2.0,sell,9160.59,BTC-21JUN19-8000-P,86.22,0.0005,2.0,3,1560913654684,24716022,267
2019-06-19 03:07:34.684,0.5,sell,9160.59,BTC-21JUN19-8000-P,86.22,0.0005,0.5,3,1560913654684,24716023,268
2019-06-19 03:07:34.684,15.0,sell,9160.59,BTC-21JUN19-8000-P,86.22,0.0005,15.0,3,1560913654684,24716024,269
2019-06-19 04:14:43.781,15.0,sell,9160.21,BTC-21JUN19-8000-P,87.12,0.0005,15.0,3,1560917683781,24717232,270
2019-06-19 16:23:08.060,0.2,buy,9096.92,BTC-21JUN19-8000-P,107.04,0.001,0.2,0,1560961388060,24749932,271
2019-06-19 17:43:21.558,3.7,sell,9135.8,BTC-21JUN19-8000-P,99.58,0.0005,3.7,2,1560966201558,24752845,272
