date_utc,amount,direction,indexPrice,instrument,iv,price,quantity,tickDirection,timeStamp,tradeId,tradeSeq
2019-02-21 09:53:55.154,0.2,sell,3897.99,BTC-1MAR19-3875-C,52.0,0.0335,0.2,1,1550742835154,15737308,1
2019-02-21 10:38:37.064,0.1,sell,3898.53,BTC-1MAR19-3875-C,52.84,0.034,0.1,0,1550745517064,15738789,2
2019-02-21 11:04:35.227,0.1,buy,3897.09,BTC-1MAR19-3875-C,54.08,0.0345,0.1,0,1550747075227,15739321,3
2019-02-21 11:04:45.247,0.1,buy,3896.5,BTC-1MAR19-3875-C,56.79,0.036000000000000004,0.1,0,1550747085247,15739330,4
2019-02-21 11:05:32.886,0.1,buy,3896.52,BTC-1MAR19-3875-C,56.78,0.036000000000000004,0.1,1,1550747132886,15739346,5
2019-02-21 11:17:48.843,0.1,buy,3881.29,BTC-1MAR19-3875-C,55.88,0.0335,0.1,2,1550747868843,15740162,6
2019-02-21 11:17:55.346,0.1,buy,3881.28,BTC-1MAR19-3875-C,55.88,0.0335,0.1,3,1550747875346,15740166,7
2019-02-21 11:18:01.352,3.9,buy,3881.33,BTC-1MAR19-3875-C,55.87,0.0335,3.9,3,1550747881352,15740171,8
2019-02-21 11:18:09.109,4.2,buy,3881.34,BTC-1MAR19-3875-C,56.72,0.034,4.2,0,1550747889109,15740176,9
2019-02-21 11:21:13.950,6.0,buy,3879.22,BTC-1MAR19-3875-C,58.04,0.0345,6.0,0,1550748073950,15740369,10
2019-02-21 11:43:12.062,0.6,buy,3891.25,BTC-1MAR19-3875-C,54.62,0.034,0.6,2,1550749392062,15741506,11
2019-02-21 11:46:25.433,4.9,sell,3893.37,BTC-1MAR19-3875-C,55.01,0.0345,4.9,0,1550749585433,15741563,12
2019-02-21 11:47:44.344,5.1000000000000005,sell,3892.73,BTC-1MAR19-3875-C,54.3,0.034,5.1000000000000005,2,1550749664344,15741574,13
2019-02-21 11:49:49.722,0.2,sell,3891.36,BTC-1MAR19-3875-C,53.75,0.0335,0.2,2,1550749789722,15741603,14
2019-02-21 12:11:51.931,0.2,buy,3893.23,BTC-1MAR19-3875-C,60.27,0.0375,0.2,0,1550751111931,15742179,15
2019-02-21 12:11:51.931,9.8,buy,3893.23,BTC-1MAR19-3875-C,61.13,0.038,9.8,0,1550751111931,15742180,16
2019-02-21 14:01:29.914,0.1,sell,3907.13,BTC-1MAR19-3875-C,54.81,0.036000000000000004,0.1,2,1550757689914,15744851,17
2019-02-21 14:25:19.621,10.0,sell,3899.78,BTC-1MAR19-3875-C,53.95,0.0345,10.0,2,1550759119621,15745074,18
2019-02-21 14:59:26.058,0.2,sell,3900.5,BTC-1MAR19-3875-C,53.87,0.0345,0.2,3,1550761166058,15745454,19
2019-02-21 15:03:40.652,0.6,sell,3898.89,BTC-1MAR19-3875-C,54.25,0.0345,0.6,3,1550761420652,15745542,20
2019-02-21 17:10:07.480,4.5,sell,3891.25,BTC-1MAR19-3875-C,51.94,0.032,4.5,2,1550769007480,15747333,21
2019-02-21 22:37:13.266,2.0,sell,3889.63,BTC-1MAR19-3875-C,51.33,0.031,2.0,2,1550788633266,15750682,22
2019-02-21 22:54:14.830,0.2,buy,3887.49,BTC-1MAR19-3875-C,52.75,0.0315,0.2,0,1550789654830,15750915,23
2019-02-22 00:13:54.603,4.8,buy,3902.89,BTC-1MAR19-3875-C,52.03,0.033,4.8,0,1550794434603,15752297,24
2019-02-22 00:15:13.258,5.0,buy,3902.53,BTC-1MAR19-3875-C,52.11,0.033,5.0,1,1550794513258,15752333,25
2019-02-22 01:31:50.667,0.3,buy,3904.5,BTC-1MAR19-3875-C,50.94,0.0325,0.3,2,1550799110667,15753017,26
2019-02-22 02:03:47.668,3.0,buy,3915.46,BTC-1MAR19-3875-C,51.04,0.034,3.0,0,1550801027668,15753578,27
2019-02-22 02:12:37.253,1.0,sell,3915.78,BTC-1MAR19-3875-C,48.26,0.0325,1.0,2,1550801557253,15753868,28
2019-02-22 02:25:22.609,1.0,buy,3920.4,BTC-1MAR19-3875-C,49.85,0.034,1.0,0,1550802322609,15754080,29
2019-02-22 03:09:18.870,4.1,sell,3916.81,BTC-1MAR19-3875-C,49.04,0.033,4.1,2,1550804958870,15754953,30
2019-02-22 03:09:18.870,5.9,sell,3916.81,BTC-1MAR19-3875-C,49.04,0.033,5.9,3,1550804958870,15754954,31
2019-02-22 04:07:42.691,0.1,buy,3914.26,BTC-1MAR19-3875-C,51.64,0.034,0.1,0,1550808462691,15755462,32
2019-02-22 05:02:50.979,5.0,buy,3917.25,BTC-1MAR19-3875-C,49.2,0.033,5.0,2,1550811770979,15755790,33
2019-02-22 05:11:54.331,1.0,buy,3918.76,BTC-1MAR19-3875-C,49.76,0.0335,1.0,0,1550812314331,15756128,34
2019-02-22 06:59:12.643,2.0,sell,3911.42,BTC-1MAR19-3875-C,52.79,0.034,2.0,0,1550818752643,15757385,35
2019-02-22 07:42:58.921,3.4,sell,3887.39,BTC-1MAR19-3875-C,52.32,0.0305,3.4,2,1550821378921,15759428,36
2019-02-22 07:45:05.100,3.4,sell,3886.48,BTC-1MAR19-3875-C,52.54,0.0305,3.4,3,1550821505100,15759544,37
2019-02-22 08:03:56.115,5.0,buy,3895.38,BTC-1MAR19-3875-C,50.48,0.0305,5.0,3,1550822636115,15760238,38
2019-02-22 08:08:25.313,5.0,buy,3895.31,BTC-1MAR19-3875-C,50.51,0.0305,5.0,3,1550822905313,15760326,39
2019-02-22 08:20:27.178,3.1,buy,3905.13,BTC-1MAR19-3875-C,49.06,0.031,3.1,0,1550823627178,15760970,40
2019-02-22 08:20:31.178,1.9,buy,3906.15,BTC-1MAR19-3875-C,48.81,0.031,1.9,1,1550823631178,15760986,41
2019-02-22 08:20:43.571,5.0,buy,3910.2,BTC-1MAR19-3875-C,48.71,0.0315,5.0,0,1550823643571,15761104,42
2019-02-22 09:59:24.416,0.2,buy,3926.36,BTC-1MAR19-3875-C,54.08,0.0365,0.2,0,1550829564416,15766227,43
2019-02-22 10:10:15.121,0.2,sell,3918.64,BTC-1MAR19-3875-C,53.31,0.035,0.2,2,1550830215121,15766541,44
2019-02-22 10:15:51.756,0.3,sell,3919.76,BTC-1MAR19-3875-C,53.04,0.035,0.3,3,1550830551756,15766662,45
2019-02-22 11:03:27.409,1.0,sell,3921.01,BTC-1MAR19-3875-C,54.71,0.036000000000000004,1.0,0,1550833407409,15767453,46
2019-02-22 11:21:18.701,0.2,buy,3923.21,BTC-1MAR19-3875-C,56.99,0.0375,0.2,0,1550834478701,15767649,47
2019-02-22 11:30:46.653,2.0,sell,3922.47,BTC-1MAR19-3875-C,54.41,0.036000000000000004,2.0,2,1550835046653,15768103,48
2019-02-22 11:44:13.145,0.5,sell,3925.89,BTC-1MAR19-3875-C,50.74,0.0345,0.5,2,1550835853145,15768321,49
2019-02-22 12:07:37.075,0.5,sell,3924.09,BTC-1MAR19-3875-C,50.34,0.034,0.5,2,1550837257075,15768846,50
2019-02-22 12:15:47.823,0.5,sell,3923.72,BTC-1MAR19-3875-C,50.46,0.034,0.5,3,1550837747823,15768998,51
2019-02-22 12:25:31.102,0.5,sell,3926.68,BTC-1MAR19-3875-C,50.64,0.0345,0.5,0,1550838331102,15769945,52
2019-02-22 13:34:15.553,0.1,buy,3947.3,BTC-1MAR19-3875-C,52.79,0.0385,0.1,0,1550842455553,15773902,53
2019-02-22 13:35:45.714,0.1,sell,3945.03,BTC-1MAR19-3875-C,51.51,0.0375,0.1,2,1550842545714,15774045,54
2019-02-22 13:35:58.557,0.1,sell,3946.43,BTC-1MAR19-3875-C,52.08,0.038,0.1,0,1550842558557,15774066,55
2019-02-22 13:50:40.004,0.1,buy,3952.41,BTC-1MAR19-3875-C,51.38,0.0385,0.1,0,1550843440004,15774854,56
2019-02-22 14:45:50.223,1.0,buy,3943.78,BTC-1MAR19-3875-C,52.05,0.0375,1.0,2,1550846750223,15778346,57
2019-02-22 15:02:02.638,0.1,buy,3945.46,BTC-1MAR19-3875-C,54.51,0.039,0.1,0,1550847722638,15778831,58
2019-02-22 15:03:39.535,5.9,buy,3945.79,BTC-1MAR19-3875-C,56.34,0.04,5.9,0,1550847819535,15778873,59
2019-02-22 15:05:30.544,2.4,sell,3943.78,BTC-1MAR19-3875-C,56.9,0.04,2.4,1,1550847930544,15778913,60
2019-02-22 15:06:00.557,1.7,sell,3942.59,BTC-1MAR19-3875-C,57.23,0.04,1.7,1,1550847960557,15778941,61
2019-02-22 15:13:43.192,2.4,sell,3939.51,BTC-1MAR19-3875-C,51.39,0.0365,2.4,2,1550848423192,15779212,62
2019-02-22 19:47:08.436,0.1,buy,3943.96,BTC-1MAR19-3875-C,49.89,0.036000000000000004,0.1,2,1550864828436,15786433,63
2019-02-22 23:58:34.606,0.1,buy,3949.08,BTC-1MAR19-3875-C,50.05,0.0365,0.1,0,1550879914606,15789700,64
2019-02-22 23:59:24.926,0.1,sell,3940.85,BTC-1MAR19-3875-C,49.49,0.035,0.1,2,1550879964926,15789862,65
2019-02-23 04:36:59.985,2.5,sell,3928.32,BTC-1MAR19-3875-C,50.9,0.0335,2.5,2,1550896619985,15793882,66
2019-02-23 04:37:10.551,2.5,sell,3928.62,BTC-1MAR19-3875-C,50.81,0.0335,2.5,3,1550896630551,15793883,67
2019-02-23 04:37:10.555,2.5,buy,3928.62,BTC-1MAR19-3875-C,50.81,0.0335,2.5,3,1550896630555,15793884,68
2019-02-23 16:56:38.087,0.1,buy,3957.79,BTC-1MAR19-3875-C,50.28,0.0365,0.1,0,1550940998087,15806729,69
2019-02-23 16:56:45.474,0.2,buy,3962.02,BTC-1MAR19-3875-C,49.95,0.037000000000000005,0.2,0,1550941005474,15806818,70
2019-02-23 19:34:29.829,0.1,sell,4109.8,BTC-1MAR19-3875-C,59.19,0.0655,0.1,0,1550950469829,15841926,71
2019-02-23 19:34:32.277,0.8,sell,4109.89,BTC-1MAR19-3875-C,57.68,0.065,0.8,2,1550950472277,15841941,72
2019-02-23 20:29:16.021,3.1,buy,4128.72,BTC-1MAR19-3875-C,58.12,0.0685,3.1,0,1550953756021,15844527,73
2019-02-23 20:49:07.422,0.1,buy,4150.61,BTC-1MAR19-3875-C,58.1,0.0725,0.1,0,1550954947422,15847223,74
2019-02-23 23:39:13.870,0.3,sell,4108.14,BTC-1MAR19-3875-C,61.0,0.0655,0.3,2,1550965153870,15854174,75
2019-02-24 00:47:51.243,0.1,buy,4122.73,BTC-1MAR19-3875-C,65.42,0.0695,0.1,0,1550969271243,15855558,76
2019-02-24 13:34:52.411,0.3,sell,4100.85,BTC-1MAR19-3875-C,66.98,0.065,0.3,2,1551015292411,15882041,77
2019-02-24 14:11:37.731,2.0,sell,3978.03,BTC-1MAR19-3875-C,55.58,0.04,2.0,2,1551017497731,15891787,78
2019-02-24 14:12:00.982,5.5,sell,3936.91,BTC-1MAR19-3875-C,51.65,0.032,5.5,2,1551017520982,15893030,79
2019-02-24 14:19:44.328,0.6,buy,3814.71,BTC-1MAR19-3875-C,59.34,0.02,0.6,2,1551017984328,15906221,80
2019-02-24 14:21:13.476,0.6,sell,3824.42,BTC-1MAR19-3875-C,59.26,0.021,0.6,0,1551018073476,15907838,81
2019-02-24 14:22:25.050,0.6,buy,3834.15,BTC-1MAR19-3875-C,61.32,0.023,0.6,0,1551018145050,15909022,82
2019-02-24 14:27:05.042,0.4,sell,3803.86,BTC-1MAR19-3875-C,61.91,0.02,0.4,2,1551018425042,15912622,83
2019-02-24 14:28:39.037,0.1,buy,3779.79,BTC-1MAR19-3875-C,59.3,0.0165,0.1,2,1551018519037,15914374,84
2019-02-24 14:39:07.253,0.1,buy,3808.57,BTC-1MAR19-3875-C,63.12,0.021,0.1,0,1551019147253,15920927,85
2019-02-24 14:54:34.226,0.5,sell,3783.42,BTC-1MAR19-3875-C,65.55,0.0195,0.5,2,1551020074226,15927177,86
2019-02-24 15:13:13.279,1.4,buy,3816.77,BTC-1MAR19-3875-C,63.58,0.022,1.4,0,1551021193279,15932388,87
2019-02-24 15:13:48.302,0.6,buy,3815.14,BTC-1MAR19-3875-C,65.09,0.0225,0.6,0,1551021228302,15932434,88
2019-02-24 15:36:58.118,0.1,sell,3787.95,BTC-1MAR19-3875-C,62.44,0.0185,0.1,2,1551022618118,15935682,89
2019-02-24 15:37:53.539,0.4,sell,3786.36,BTC-1MAR19-3875-C,61.64,0.018000000000000002,0.4,2,1551022673539,15935743,90
2019-02-24 15:38:22.134,0.1,sell,3781.14,BTC-1MAR19-3875-C,62.8,0.018000000000000002,0.1,3,1551022702134,15935857,91
2019-02-24 16:01:24.525,2.0,sell,3762.51,BTC-1MAR19-3875-C,66.99,0.018000000000000002,2.0,3,1551024084525,15939273,92
2019-02-24 16:01:33.060,2.0,sell,3754.55,BTC-1MAR19-3875-C,68.7,0.018000000000000002,2.0,3,1551024093060,15939393,93
2019-02-24 16:03:31.186,0.5,sell,3737.59,BTC-1MAR19-3875-C,72.3,0.018000000000000002,0.5,3,1551024211186,15940860,94
2019-02-24 16:03:31.186,0.6,sell,3737.59,BTC-1MAR19-3875-C,66.24,0.0155,0.6,2,1551024211186,15940861,95
2019-02-24 16:03:31.186,0.9,sell,3737.59,BTC-1MAR19-3875-C,65.01,0.015,0.9,2,1551024211186,15940862,96
2019-02-24 16:22:33.154,3.7,buy,3750.72,BTC-1MAR19-3875-C,69.63,0.018000000000000002,3.7,0,1551025353154,15944508,97
2019-02-24 16:42:08.634,1.7,buy,3745.42,BTC-1MAR19-3875-C,73.25,0.019,1.7,0,1551026528634,15948172,98
2019-02-24 16:43:21.117,0.4,buy,3743.4,BTC-1MAR19-3875-C,73.68,0.019,0.4,1,1551026601117,15948438,99
2019-02-24 16:57:02.869,0.1,buy,3758.25,BTC-1MAR19-3875-C,69.38,0.0185,0.1,2,1551027422869,15949845,100
2019-02-24 16:57:34.817,0.2,buy,3759.21,BTC-1MAR19-3875-C,69.17,0.0185,0.2,3,1551027454817,15949853,101
2019-02-24 17:10:26.513,0.1,buy,3753.52,BTC-1MAR19-3875-C,70.47,0.0185,0.1,3,1551028226513,15950348,102
2019-02-24 18:18:46.930,0.6,sell,3754.5,BTC-1MAR19-3875-C,70.62,0.0185,0.6,3,1551032326930,15953509,103
2019-02-24 18:48:50.445,0.5,sell,3778.84,BTC-1MAR19-3875-C,64.23,0.018000000000000002,0.5,2,1551034130445,15954431,104
2019-02-24 20:33:09.102,0.1,sell,3776.98,BTC-1MAR19-3875-C,65.16,0.018000000000000002,0.1,3,1551040389102,15956764,105
2019-02-24 22:03:51.101,5.7,sell,3759.69,BTC-1MAR19-3875-C,69.5,0.018000000000000002,5.7,3,1551045831101,15960753,106
2019-02-24 22:03:51.685,10.0,sell,3753.01,BTC-1MAR19-3875-C,69.75,0.0175,10.0,2,1551045831685,15960773,107
2019-02-24 23:48:59.847,1.8,sell,3746.93,BTC-1MAR19-3875-C,70.42,0.017,1.8,3,1551052139847,15965629,109
2019-02-24 23:48:59.847,5.0,sell,3746.93,BTC-1MAR19-3875-C,70.42,0.017,5.0,2,1551052139847,15965628,108
2019-02-24 23:49:03.240,0.9,sell,3742.25,BTC-1MAR19-3875-C,71.44,0.017,0.9,3,1551052143240,15965682,110
2019-02-24 23:49:03.843,0.5,sell,3742.42,BTC-1MAR19-3875-C,71.4,0.017,0.5,3,1551052143843,15965699,111
2019-02-24 23:49:35.216,2.0,sell,3739.77,BTC-1MAR19-3875-C,71.98,0.017,2.0,3,1551052175216,15965864,112
2019-02-24 23:51:49.719,2.0,sell,3740.2,BTC-1MAR19-3875-C,71.9,0.017,2.0,3,1551052309719,15966154,113
2019-02-24 23:51:52.593,2.0,sell,3738.56,BTC-1MAR19-3875-C,72.26,0.017,2.0,3,1551052312593,15966166,114
2019-02-24 23:51:55.130,0.8,sell,3734.5,BTC-1MAR19-3875-C,73.13,0.017,0.8,3,1551052315130,15966263,115
2019-02-25 01:13:50.802,1.0,sell,3762.08,BTC-1MAR19-3875-C,67.55,0.017,1.0,3,1551057230802,15969852,116
2019-02-25 01:19:04.919,1.0,sell,3764.22,BTC-1MAR19-3875-C,67.1,0.017,1.0,3,1551057544919,15969987,117
2019-02-25 01:42:36.423,3.3000000000000003,sell,3757.59,BTC-1MAR19-3875-C,67.47,0.0165,3.3000000000000003,3,1551058956423,15970476,119
2019-02-25 01:42:36.423,10.0,sell,3757.59,BTC-1MAR19-3875-C,67.47,0.0165,10.0,2,1551058956423,15970475,118
2019-02-25 03:11:18.172,1.0,buy,3781.84,BTC-1MAR19-3875-C,67.36,0.0185,1.0,0,1551064278172,15973128,120
2019-02-25 04:01:05.872,1.7,sell,3776.76,BTC-1MAR19-3875-C,66.37,0.0175,1.7,2,1551067265872,15973951,121
2019-02-25 09:19:56.377,0.3,buy,3778.83,BTC-1MAR19-3875-C,66.44,0.017,0.3,2,1551086396377,15981373,122
2019-02-25 09:19:56.377,0.6,buy,3778.83,BTC-1MAR19-3875-C,67.71,0.0175,0.6,0,1551086396377,15981374,123
2019-02-25 09:19:56.377,1.3,buy,3778.83,BTC-1MAR19-3875-C,67.71,0.0175,1.3,1,1551086396377,15981375,124
2019-02-25 09:19:56.468,0.8,sell,3778.83,BTC-1MAR19-3875-C,67.71,0.0175,0.8,1,1551086396468,15981381,125
2019-02-25 09:42:05.029,0.6,buy,3774.73,BTC-1MAR19-3875-C,68.82,0.0175,0.6,1,1551087725029,15981835,126
2019-02-25 11:39:55.848,0.6,sell,3780.34,BTC-1MAR19-3875-C,69.48,0.018000000000000002,0.6,0,1551094795848,15986009,127
2019-02-25 13:57:59.282,4.5,sell,3789.19,BTC-1MAR19-3875-C,65.57,0.017,4.5,2,1551103079282,15988675,128
2019-02-25 13:58:36.267,4.8,sell,3789.26,BTC-1MAR19-3875-C,64.27,0.0165,4.8,3,1551103116267,15988679,130
2019-02-25 13:58:36.267,1.2,sell,3789.26,BTC-1MAR19-3875-C,64.27,0.0165,1.2,2,1551103116267,15988678,129
2019-02-25 13:58:36.267,7.5,sell,3789.26,BTC-1MAR19-3875-C,64.27,0.0165,7.5,3,1551103116267,15988680,131
2019-02-25 14:06:08.079,0.1,sell,3768.08,BTC-1MAR19-3875-C,68.15,0.016,0.1,2,1551103568079,15989361,132
2019-02-25 16:51:07.570,0.5,sell,3824.8,BTC-1MAR19-3875-C,63.75,0.0195,0.5,0,1551113467570,15996987,133
2019-02-25 16:59:30.511,0.1,buy,3832.92,BTC-1MAR19-3875-C,69.16,0.0225,0.1,1,1551113970511,15998328,135
2019-02-25 16:59:30.511,0.1,buy,3832.92,BTC-1MAR19-3875-C,69.16,0.0225,0.1,0,1551113970511,15998327,134
2019-02-25 17:01:31.371,0.9,buy,3830.34,BTC-1MAR19-3875-C,69.9,0.0225,0.9,1,1551114091371,15998529,137
2019-02-25 17:01:31.371,0.1,buy,3830.34,BTC-1MAR19-3875-C,69.9,0.0225,0.1,1,1551114091371,15998528,136
2019-02-25 17:01:58.135,0.4,buy,3824.37,BTC-1MAR19-3875-C,70.31,0.022000000000000002,0.4,0,1551114118135,15998659,139
2019-02-25 17:01:58.135,0.1,buy,3824.37,BTC-1MAR19-3875-C,69.03,0.0215,0.1,2,1551114118135,15998658,138
2019-02-25 17:59:54.770,3.8,sell,3822.25,BTC-1MAR19-3875-C,62.3,0.0185,3.8,2,1551117594770,16001715,140
2019-02-25 18:06:10.074,5.0,buy,3845.67,BTC-1MAR19-3875-C,65.92,0.0225,5.0,0,1551117970074,16002610,141
2019-02-25 19:06:25.579,4.5,sell,3849.58,BTC-1MAR19-3875-C,62.59,0.0215,4.5,2,1551121585579,16005486,142
2019-02-25 19:19:39.352,0.2,sell,3846.93,BTC-1MAR19-3875-C,62.19,0.021,0.2,2,1551122379352,16005869,143
2019-02-25 19:19:40.811,0.2,sell,3846.93,BTC-1MAR19-3875-C,62.19,0.021,0.2,3,1551122380811,16005870,144
2019-02-25 19:28:21.871,0.2,buy,3849.76,BTC-1MAR19-3875-C,62.68,0.0215,0.2,0,1551122901871,16006099,145
2019-02-25 20:09:21.652,0.3,buy,3851.29,BTC-1MAR19-3875-C,67.61,0.0235,0.3,0,1551125361652,16006796,148
2019-02-25 20:09:21.652,0.1,buy,3851.29,BTC-1MAR19-3875-C,66.32,0.023,0.1,0,1551125361652,16006794,146
2019-02-25 20:09:21.652,0.1,buy,3851.29,BTC-1MAR19-3875-C,66.32,0.023,0.1,1,1551125361652,16006795,147
2019-02-25 20:12:29.593,0.1,buy,3848.6,BTC-1MAR19-3875-C,67.15,0.023,0.1,2,1551125549593,16006845,149
2019-02-25 20:12:29.593,0.2,buy,3848.6,BTC-1MAR19-3875-C,67.15,0.023,0.2,3,1551125549593,16006846,150
2019-02-25 20:49:16.484,3.6,sell,3823.3,BTC-1MAR19-3875-C,61.74,0.018000000000000002,3.6,2,1551127756484,16009945,151
2019-02-25 21:56:16.473,0.1,sell,3810.96,BTC-1MAR19-3875-C,62.91,0.017,0.1,2,1551131776473,16011291,152
2019-02-25 23:23:48.338,0.2,buy,3828.11,BTC-1MAR19-3875-C,62.69,0.0185,0.2,0,1551137028338,16012473,153
2019-02-25 23:24:23.998,0.2,buy,3828.89,BTC-1MAR19-3875-C,62.46,0.0185,0.2,1,1551137063998,16012481,154
2019-02-25 23:42:22.874,2.6,sell,3821.23,BTC-1MAR19-3875-C,63.43,0.018000000000000002,2.6,2,1551138142874,16012710,155
2019-02-26 00:23:24.790,0.4,sell,3814.37,BTC-1MAR19-3875-C,62.93,0.017,0.4,2,1551140604790,16013533,156
2019-02-26 02:17:23.326,1.4,sell,3824.09,BTC-1MAR19-3875-C,63.65,0.018000000000000002,1.4,0,1551147443326,16014417,157
2019-02-26 02:30:27.650,3.9,sell,3825.56,BTC-1MAR19-3875-C,63.32,0.018000000000000002,3.9,1,1551148227650,16014635,158
2019-02-26 05:35:30.947,1.0,sell,3788.2,BTC-1MAR19-3875-C,59.41,0.0125,1.0,2,1551159330947,16019565,159
2019-02-26 05:48:34.192,5.0,sell,3784.72,BTC-1MAR19-3875-C,58.93,0.012,5.0,2,1551160114192,16019915,160
2019-02-26 08:51:46.694,3.1,sell,3788.1,BTC-1MAR19-3875-C,59.29,0.012,3.1,3,1551171106694,16024852,161
2019-02-26 08:51:46.694,1.9,sell,3788.1,BTC-1MAR19-3875-C,57.78,0.0115,1.9,2,1551171106694,16024853,162
2019-02-26 09:36:40.473,0.1,buy,3785.09,BTC-1MAR19-3875-C,64.93,0.0135,0.1,0,1551173800473,16026063,163
2019-02-26 10:47:31.418,5.0,buy,3807.37,BTC-1MAR19-3875-C,65.17,0.0155,5.0,0,1551178051418,16027667,164
2019-02-26 11:09:43.728,10.0,buy,3799.39,BTC-1MAR19-3875-C,66.17,0.015,10.0,2,1551179383728,16028028,165
2019-02-26 11:10:00.004,5.0,buy,3799.6,BTC-1MAR19-3875-C,67.59,0.0155,5.0,0,1551179400004,16028029,166
2019-02-26 11:10:00.004,10.0,buy,3799.6,BTC-1MAR19-3875-C,67.59,0.0155,10.0,1,1551179400004,16028030,167
2019-02-26 11:14:13.185,7.0,buy,3798.67,BTC-1MAR19-3875-C,67.89,0.0155,7.0,1,1551179653185,16028067,168
2019-02-26 12:05:37.446,5.3,sell,3791.43,BTC-1MAR19-3875-C,62.84,0.013000000000000001,5.3,2,1551182737446,16029006,169
2019-02-26 12:05:55.927,7.8,sell,3791.64,BTC-1MAR19-3875-C,61.25,0.0125,7.8,3,1551182755927,16029043,172
2019-02-26 12:05:55.927,5.9,sell,3791.64,BTC-1MAR19-3875-C,61.25,0.0125,5.9,3,1551182755927,16029042,171
2019-02-26 12:05:55.927,0.1,sell,3791.64,BTC-1MAR19-3875-C,61.25,0.0125,0.1,2,1551182755927,16029041,170
2019-02-26 12:07:17.428,8.5,sell,3793.57,BTC-1MAR19-3875-C,60.73,0.0125,8.5,3,1551182837428,16029062,173
2019-02-26 12:07:41.470,3.9,sell,3794.73,BTC-1MAR19-3875-C,60.42,0.0125,3.9,3,1551182861470,16029100,174
2019-02-26 12:13:43.139,0.4,sell,3792.61,BTC-1MAR19-3875-C,59.52,0.012,0.4,3,1551183223139,16029281,176
2019-02-26 12:13:43.139,0.1,sell,3792.61,BTC-1MAR19-3875-C,59.52,0.012,0.1,2,1551183223139,16029280,175
2019-02-26 13:12:53.163,0.5,buy,3781.19,BTC-1MAR19-3875-C,66.19,0.013,0.5,0,1551186773163,16030630,177
2019-02-26 13:14:51.412,1.0,sell,3781.31,BTC-1MAR19-3875-C,59.9,0.011,1.0,2,1551186891412,16030841,178
2019-02-26 15:40:57.393,0.2,buy,3816.15,BTC-1MAR19-3875-C,64.95,0.0155,0.2,0,1551195657393,16034801,179
2019-02-26 15:40:57.393,4.8,buy,3816.15,BTC-1MAR19-3875-C,66.46,0.016,4.8,0,1551195657393,16034802,180
2019-02-26 15:42:57.637,0.5,buy,3812.92,BTC-1MAR19-3875-C,65.95,0.0155,0.5,2,1551195777637,16034888,181
2019-02-26 15:43:14.854,3.5,sell,3812.0,BTC-1MAR19-3875-C,61.68,0.014,3.5,2,1551195794854,16034892,182
2019-02-26 16:26:27.050,0.1,buy,3792.01,BTC-1MAR19-3875-C,64.78,0.013,0.1,2,1551198387050,16036237,183
2019-02-26 16:40:18.264,0.1,buy,3796.4,BTC-1MAR19-3875-C,63.64,0.013,0.1,3,1551199218264,16036419,184
2019-02-26 16:44:45.642,0.1,sell,3796.2,BTC-1MAR19-3875-C,62.16,0.0125,0.1,2,1551199485642,16036440,185
2019-02-26 17:22:15.749,0.1,sell,3791.91,BTC-1MAR19-3875-C,60.51,0.0115,0.1,2,1551201735749,16037296,186
2019-02-26 18:51:14.966,0.2,buy,3794.59,BTC-1MAR19-3875-C,60.47,0.0115,0.2,3,1551207074966,16039441,187
2019-02-26 21:55:21.519,0.1,sell,3791.07,BTC-1MAR19-3875-C,59.73,0.0105,0.1,2,1551218121519,16042647,188
2019-02-26 21:55:59.890,0.1,buy,3790.59,BTC-1MAR19-3875-C,59.87,0.0105,0.1,3,1551218159890,16042788,189
2019-02-26 21:57:59.145,2.0,buy,3791.3,BTC-1MAR19-3875-C,61.37,0.011,2.0,0,1551218279145,16042839,190
2019-02-26 21:58:03.446,0.2,sell,3791.58,BTC-1MAR19-3875-C,57.91,0.01,0.2,2,1551218283446,16042841,191
2019-02-26 22:00:06.837,0.1,sell,3789.7,BTC-1MAR19-3875-C,58.47,0.01,0.1,3,1551218406837,16042917,192
2019-02-26 22:02:55.397,0.3,sell,3787.85,BTC-1MAR19-3875-C,57.31,0.0095,0.3,2,1551218575397,16042974,193
2019-02-26 22:06:59.830,0.2,buy,3790.93,BTC-1MAR19-3875-C,58.18,0.01,0.2,0,1551218819830,16043057,194
2019-02-26 22:29:19.857,0.2,sell,3794.71,BTC-1MAR19-3875-C,55.57,0.0095,0.2,2,1551220159857,16043213,195
2019-02-26 22:29:32.922,5.0,sell,3794.36,BTC-1MAR19-3875-C,53.96,0.009000000000000001,5.0,2,1551220172922,16043216,196
2019-02-26 23:53:14.554,0.2,buy,3796.73,BTC-1MAR19-3875-C,57.39,0.01,0.2,0,1551225194554,16044186,197
2019-02-27 00:17:57.737,0.2,buy,3791.39,BTC-1MAR19-3875-C,59.17,0.01,0.2,1,1551226677737,16045094,198
2019-02-27 00:18:20.252,0.1,buy,3791.45,BTC-1MAR19-3875-C,59.15,0.01,0.1,1,1551226700252,16045106,199
2019-02-27 00:20:55.907,0.1,sell,3790.09,BTC-1MAR19-3875-C,54.32,0.0085,0.1,2,1551226855907,16045126,201
2019-02-27 00:20:55.907,0.1,sell,3790.09,BTC-1MAR19-3875-C,56.08,0.009000000000000001,0.1,2,1551226855907,16045125,200
2019-02-27 00:20:55.907,0.1,sell,3790.09,BTC-1MAR19-3875-C,52.54,0.008,0.1,2,1551226855907,16045127,202
2019-02-27 01:03:56.493,0.1,sell,3784.18,BTC-1MAR19-3875-C,56.35,0.0085,0.1,0,1551229436493,16045914,203
2019-02-27 01:10:40.374,0.1,sell,3781.29,BTC-1MAR19-3875-C,57.23,0.0085,0.1,1,1551229840374,16045989,204
2019-02-27 06:03:16.711,0.1,buy,3805.97,BTC-1MAR19-3875-C,59.7,0.0105,0.1,0,1551247396711,16049307,205
2019-02-27 06:17:54.145,0.1,buy,3803.4,BTC-1MAR19-3875-C,62.46,0.011000000000000001,0.1,0,1551248274145,16049379,206
2019-02-27 06:28:04.902,0.1,sell,3802.16,BTC-1MAR19-3875-C,52.05,0.008,0.1,2,1551248884902,16049431,207
2019-02-27 07:31:00.861,0.3,buy,3803.8,BTC-1MAR19-3875-C,61.3,0.0105,0.3,0,1551252660861,16050100,208
2019-02-27 07:59:22.315,0.1,buy,3810.29,BTC-1MAR19-3875-C,61.27,0.011000000000000001,0.1,0,1551254362315,16050972,209
2019-02-27 08:45:49.094,1.0,sell,3811.9,BTC-1MAR19-3875-C,59.42,0.0105,1.0,2,1551257149094,16051849,210
2019-02-27 11:09:26.964,0.2,buy,3806.61,BTC-1MAR19-3875-C,57.1,0.009000000000000001,0.2,2,1551265766964,16053749,211
2019-02-27 12:31:00.911,0.2,sell,3809.02,BTC-1MAR19-3875-C,55.24,0.0085,0.2,2,1551270660911,16055186,212
2019-02-27 13:53:02.482,1.7,sell,3822.88,BTC-1MAR19-3875-C,47.44,0.0075,1.7,3,1551275582482,16056322,214
2019-02-27 13:53:02.482,0.3,sell,3822.88,BTC-1MAR19-3875-C,47.44,0.0075,0.3,2,1551275582482,16056321,213
2019-02-27 14:08:03.855,0.5,sell,3801.28,BTC-1MAR19-3875-C,54.87,0.0075,0.5,3,1551276483855,16057564,215
2019-02-27 14:10:28.320,2.5,sell,3798.42,BTC-1MAR19-3875-C,47.42,0.0055,2.5,2,1551276628320,16057955,216
2019-02-27 14:13:00.738,2.0,sell,3786.45,BTC-1MAR19-3875-C,48.85,0.005,2.0,2,1551276780738,16058784,217
2019-02-27 14:26:52.497,3.0,sell,3794.86,BTC-1MAR19-3875-C,46.47,0.005,3.0,3,1551277612497,16059779,218
2019-02-27 14:27:46.165,0.5,sell,3795.86,BTC-1MAR19-3875-C,46.18,0.005,0.5,3,1551277666165,16059810,219
2019-02-27 16:01:56.932,0.2,sell,3794.87,BTC-1MAR19-3875-C,49.63,0.0055,0.2,2,1551283316932,16062277,221
2019-02-27 16:01:56.932,0.1,sell,3794.87,BTC-1MAR19-3875-C,51.84,0.006,0.1,0,1551283316932,16062276,220
2019-02-27 18:08:10.980,0.2,buy,3804.49,BTC-1MAR19-3875-C,50.08,0.006,0.2,0,1551290890980,16063629,222
2019-02-27 18:10:44.164,0.6,buy,3802.28,BTC-1MAR19-3875-C,53.06,0.0065,0.6,0,1551291044164,16063636,223
2019-02-27 19:04:10.016,1.5,sell,3797.71,BTC-1MAR19-3875-C,48.37,0.005,1.5,2,1551294250016,16064368,224
2019-02-27 19:04:47.588,1.5,sell,3797.13,BTC-1MAR19-3875-C,48.57,0.005,1.5,3,1551294287588,16064372,225
2019-02-27 19:05:40.898,0.5,sell,3798.01,BTC-1MAR19-3875-C,45.93,0.0045,0.5,2,1551294340898,16064373,226
2019-02-27 19:56:39.708,7.3,sell,3799.51,BTC-1MAR19-3875-C,45.99,0.0045,7.3,3,1551297399708,16064648,227
2019-02-27 19:57:42.559,8.700000000000001,sell,3801.9,BTC-1MAR19-3875-C,45.23,0.0045,8.700000000000001,3,1551297462559,16064662,228
2019-02-27 20:01:49.336,25.0,sell,3800.69,BTC-1MAR19-3875-C,45.66,0.0045,25.0,3,1551297709336,16064678,229
2019-02-27 20:04:19.523,3.0,buy,3800.8,BTC-1MAR19-3875-C,50.37,0.0055,3.0,0,1551297859523,16064682,230
2019-02-27 20:32:41.610,0.2,sell,3775.24,BTC-1MAR19-3875-C,51.41,0.004,0.2,2,1551299561610,16065400,231
2019-02-27 20:32:41.657,0.2,sell,3775.24,BTC-1MAR19-3875-C,51.41,0.004,0.2,3,1551299561657,16065402,232
2019-02-27 20:32:48.663,0.2,sell,3771.03,BTC-1MAR19-3875-C,52.68,0.004,0.2,3,1551299568663,16065481,233
2019-02-27 20:32:51.024,0.2,sell,3771.02,BTC-1MAR19-3875-C,52.68,0.004,0.2,3,1551299571024,16065516,234
2019-02-27 20:32:51.237,0.2,sell,3771.02,BTC-1MAR19-3875-C,52.68,0.004,0.2,3,1551299571237,16065532,235
2019-02-27 20:32:51.271,2.0,sell,3771.02,BTC-1MAR19-3875-C,52.68,0.004,2.0,3,1551299571271,16065537,236
2019-02-27 20:33:26.780,2.0,sell,3764.58,BTC-1MAR19-3875-C,54.6,0.004,2.0,3,1551299606780,16065926,237
2019-02-27 20:33:31.153,2.0,sell,3763.18,BTC-1MAR19-3875-C,55.02,0.004,2.0,3,1551299611153,16065957,238
2019-02-27 21:21:22.767,10.0,buy,3729.84,BTC-1MAR19-3875-C,55.71,0.0025,10.0,2,1551302482767,16078837,239
2019-02-27 21:26:11.756,2.1,buy,3740.39,BTC-1MAR19-3875-C,56.3,0.003,2.1,0,1551302771756,16079506,240
2019-02-27 21:27:47.046,0.1,sell,3741.04,BTC-1MAR19-3875-C,49.23,0.002,0.1,2,1551302867046,16079537,241
2019-02-27 22:40:33.722,0.2,sell,3744.98,BTC-1MAR19-3875-C,52.69,0.0025,0.2,0,1551307233722,16082103,242
2019-02-27 22:42:46.188,0.2,sell,3745.59,BTC-1MAR19-3875-C,52.55,0.0025,0.2,1,1551307366188,16082118,243
2019-02-27 22:45:15.951,0.2,sell,3744.65,BTC-1MAR19-3875-C,52.84,0.0025,0.2,1,1551307515951,16082148,244
2019-02-27 22:46:20.803,0.2,sell,3746.6,BTC-1MAR19-3875-C,52.31,0.0025,0.2,1,1551307580803,16082194,245
2019-02-27 22:50:27.128,0.2,sell,3745.64,BTC-1MAR19-3875-C,52.63,0.0025,0.2,1,1551307827128,16082269,246
2019-02-27 22:52:28.179,1.0,buy,3746.72,BTC-1MAR19-3875-C,55.71,0.003,1.0,0,1551307948179,16082276,247
2019-02-27 22:54:36.662,5.3,buy,3753.91,BTC-1MAR19-3875-C,53.69,0.003,5.3,1,1551308076662,16082736,248
2019-02-27 22:54:36.993,0.8,buy,3753.91,BTC-1MAR19-3875-C,53.69,0.003,0.8,1,1551308076993,16082752,249
2019-02-27 22:54:37.510,0.3,buy,3753.91,BTC-1MAR19-3875-C,53.69,0.003,0.3,1,1551308077510,16082763,250
2019-02-27 22:54:46.231,2.6,buy,3760.04,BTC-1MAR19-3875-C,51.92,0.003,2.6,1,1551308086231,16082913,251
2019-02-27 22:59:19.675,5.2,buy,3769.16,BTC-1MAR19-3875-C,52.3,0.0035,5.2,0,1551308359675,16083734,252
2019-02-27 22:59:20.551,0.8,buy,3769.16,BTC-1MAR19-3875-C,52.3,0.0035,0.8,1,1551308360551,16083746,253
2019-02-27 22:59:21.001,0.7000000000000001,buy,3770.31,BTC-1MAR19-3875-C,51.95,0.0035,0.7000000000000001,1,1551308361001,16083775,254
2019-02-27 22:59:21.232,0.3,buy,3770.31,BTC-1MAR19-3875-C,51.95,0.0035,0.3,1,1551308361232,16083776,255
2019-02-27 22:59:21.623,0.6,buy,3771.57,BTC-1MAR19-3875-C,51.57,0.0035,0.6,1,1551308361623,16083790,256
2019-02-27 22:59:21.835,0.4,buy,3771.57,BTC-1MAR19-3875-C,51.57,0.0035,0.4,1,1551308361835,16083792,257
2019-02-27 22:59:22.036,0.2,buy,3771.57,BTC-1MAR19-3875-C,51.57,0.0035,0.2,1,1551308362036,16083793,258
2019-02-27 22:59:22.249,0.1,buy,3771.57,BTC-1MAR19-3875-C,51.57,0.0035,0.1,1,1551308362249,16083795,259
2019-02-27 22:59:22.336,0.2,buy,3771.57,BTC-1MAR19-3875-C,51.57,0.0035,0.2,1,1551308362336,16083796,260
2019-02-27 22:59:22.553,0.1,buy,3771.57,BTC-1MAR19-3875-C,51.57,0.0035,0.1,1,1551308362553,16083799,261
2019-02-27 22:59:22.612,0.1,buy,3772.74,BTC-1MAR19-3875-C,51.21,0.0035,0.1,1,1551308362612,16083800,262
2019-02-27 22:59:24.261,0.1,buy,3772.08,BTC-1MAR19-3875-C,51.41,0.0035,0.1,1,1551308364261,16083818,263
2019-02-27 22:59:24.323,0.1,buy,3772.08,BTC-1MAR19-3875-C,51.41,0.0035,0.1,1,1551308364323,16083820,264
2019-02-27 22:59:24.967,1.1,buy,3772.67,BTC-1MAR19-3875-C,51.23,0.0035,1.1,1,1551308364967,16083834,265
2019-02-27 23:03:09.508,6.0,buy,3790.84,BTC-1MAR19-3875-C,50.99,0.0045,6.0,0,1551308589508,16084578,266
2019-02-27 23:03:10.247,0.2,buy,3790.96,BTC-1MAR19-3875-C,50.95,0.0045,0.2,1,1551308590247,16084581,267
2019-02-27 23:03:10.414,0.8,buy,3790.96,BTC-1MAR19-3875-C,50.95,0.0045,0.8,1,1551308590414,16084588,268
2019-02-27 23:03:10.553,0.3,buy,3790.96,BTC-1MAR19-3875-C,50.95,0.0045,0.3,1,1551308590553,16084590,269
2019-02-27 23:14:54.635,5.0,buy,3800.82,BTC-1MAR19-3875-C,55.16,0.006,5.0,0,1551309294635,16087143,270
2019-02-27 23:17:44.231,0.7000000000000001,buy,3809.84,BTC-1MAR19-3875-C,54.29,0.0065,0.7000000000000001,0,1551309464231,16087578,271
2019-02-27 23:19:24.848,0.2,sell,3804.67,BTC-1MAR19-3875-C,51.45,0.0055,0.2,2,1551309564848,16087731,272
2019-02-27 23:19:24.879,0.2,buy,3804.67,BTC-1MAR19-3875-C,51.45,0.0055,0.2,3,1551309564879,16087733,273
2019-02-27 23:21:29.112,5.0,buy,3799.62,BTC-1MAR19-3875-C,48.28,0.0045,5.0,2,1551309689112,16088028,274
2019-02-27 23:21:42.858,1.1,buy,3802.6,BTC-1MAR19-3875-C,49.78,0.005,1.1,0,1551309702858,16088058,275
2019-02-27 23:21:43.054,0.9,buy,3802.6,BTC-1MAR19-3875-C,49.78,0.005,0.9,1,1551309703054,16088059,276
2019-02-27 23:21:43.054,0.1,buy,3802.6,BTC-1MAR19-3875-C,49.78,0.005,0.1,1,1551309703054,16088060,277
2019-02-27 23:44:51.520,0.6,buy,3803.46,BTC-1MAR19-3875-C,52.23,0.0055,0.6,0,1551311091520,16089190,278
2019-02-27 23:44:51.520,4.6000000000000005,buy,3803.46,BTC-1MAR19-3875-C,52.23,0.0055,4.6000000000000005,1,1551311091520,16089191,279
2019-02-27 23:46:01.955,5.1000000000000005,buy,3805.08,BTC-1MAR19-3875-C,51.66,0.0055,5.1000000000000005,1,1551311161955,16089217,280
2019-02-27 23:52:38.791,1.0,sell,3801.55,BTC-1MAR19-3875-C,53.01,0.0055,1.0,1,1551311558791,16089336,281
2019-02-28 01:50:38.042,1.5,buy,3815.99,BTC-1MAR19-3875-C,54.15,0.0065,1.5,0,1551318638042,16092036,282
2019-02-28 01:53:42.743,5.0,sell,3814.35,BTC-1MAR19-3875-C,49.99,0.0055,5.0,2,1551318822743,16092139,283
2019-02-28 02:12:42.787,4.8,sell,3810.26,BTC-1MAR19-3875-C,49.3,0.005,4.8,2,1551319962787,16092556,284
2019-02-28 02:32:42.119,5.0,sell,3806.55,BTC-1MAR19-3875-C,48.35,0.0045,5.0,2,1551321162119,16092749,285
2019-02-28 02:59:53.176,5.0,sell,3803.8,BTC-1MAR19-3875-C,47.03,0.004,5.0,2,1551322793176,16093001,286
2019-02-28 04:21:44.276,5.0,sell,3804.19,BTC-1MAR19-3875-C,45.2,0.0035,5.0,2,1551327704276,16093687,287
2019-02-28 06:49:40.306,5.0,buy,3804.4,BTC-1MAR19-3875-C,58.74,0.0055,5.0,0,1551336580306,16094914,288
2019-02-28 06:50:04.228,5.0,buy,3805.47,BTC-1MAR19-3875-C,58.31,0.0055,5.0,1,1551336604228,16094916,289
2019-02-28 07:14:23.024,0.1,sell,3799.56,BTC-1MAR19-3875-C,55.46,0.0045,0.1,2,1551338063024,16095156,290
2019-02-28 07:14:43.082,0.1,buy,3800.16,BTC-1MAR19-3875-C,58.13,0.005,0.1,0,1551338083082,16095179,291
2019-02-28 07:18:51.812,4.9,sell,3800.63,BTC-1MAR19-3875-C,55.14,0.0045,4.9,2,1551338331812,16095306,292
2019-02-28 08:59:11.666,5.0,buy,3823.63,BTC-1MAR19-3875-C,55.81,0.006,5.0,0,1551344351666,16098022,293
2019-02-28 11:43:19.028,2.0,buy,3824.81,BTC-1MAR19-3875-C,53.06,0.005,2.0,2,1551354199028,16101907,294
2019-02-28 12:42:17.846,10.2,buy,3817.64,BTC-1MAR19-3875-C,51.53,0.004,10.2,2,1551357737846,16103142,295
2019-02-28 15:31:41.880,2.0,sell,3796.74,BTC-1MAR19-3875-C,53.98,0.0025,2.0,2,1551367901880,16107662,296
2019-02-28 15:31:42.145,2.0,sell,3796.74,BTC-1MAR19-3875-C,53.98,0.0025,2.0,3,1551367902145,16107668,297
2019-02-28 15:31:42.377,2.0,sell,3796.74,BTC-1MAR19-3875-C,53.98,0.0025,2.0,3,1551367902377,16107670,298
2019-02-28 15:31:42.498,2.0,sell,3796.74,BTC-1MAR19-3875-C,53.98,0.0025,2.0,3,1551367902498,16107671,299
2019-02-28 15:31:48.667,2.0,sell,3792.04,BTC-1MAR19-3875-C,55.96,0.0025,2.0,3,1551367908667,16107816,300
2019-02-28 15:34:13.395,3.0,sell,3792.5,BTC-1MAR19-3875-C,46.64,0.0015,3.0,2,1551368053395,16110745,301
2019-02-28 15:34:20.308,1.0,sell,3795.54,BTC-1MAR19-3875-C,33.42,0.0005,1.0,2,1551368060308,16110841,302
2019-02-28 15:34:20.308,9.8,sell,3795.54,BTC-1MAR19-3875-C,33.42,0.0005,9.8,3,1551368060308,16110842,303
2019-02-28 15:34:20.308,0.6,sell,3795.54,BTC-1MAR19-3875-C,33.42,0.0005,0.6,3,1551368060308,16110843,304
2019-02-28 15:34:20.308,21.1,sell,3795.54,BTC-1MAR19-3875-C,33.42,0.0005,21.1,3,1551368060308,16110844,305
2019-02-28 15:34:43.741,15.0,sell,3811.3,BTC-1MAR19-3875-C,39.29,0.0015,15.0,0,1551368083741,16111060,306
2019-02-28 15:34:43.741,0.3,sell,3811.3,BTC-1MAR19-3875-C,39.29,0.0015,0.3,1,1551368083741,16111062,307
2019-02-28 15:34:48.854,4.7,sell,3812.89,BTC-1MAR19-3875-C,33.76,0.001,4.7,2,1551368088854,16111101,308
2019-02-28 15:34:51.844,0.3,sell,3815.0,BTC-1MAR19-3875-C,32.97,0.001,0.3,3,1551368091844,16111112,309
2019-02-28 15:37:18.301,0.6,buy,3812.95,BTC-1MAR19-3875-C,43.04,0.002,0.6,0,1551368238301,16111920,310
2019-02-28 15:37:42.449,15.0,sell,3817.86,BTC-1MAR19-3875-C,40.96,0.002,15.0,1,1551368262449,16112042,311
2019-02-28 15:37:42.449,17.900000000000006,sell,3817.86,BTC-1MAR19-3875-C,40.96,0.002,17.900000000000006,1,1551368262449,16112043,312
2019-02-28 15:37:50.649,5.2,buy,3821.98,BTC-1MAR19-3875-C,43.06,0.0025,5.2,0,1551368270649,16112079,313
2019-02-28 15:37:52.365,0.3,buy,3823.23,BTC-1MAR19-3875-C,42.49,0.0025,0.3,1,1551368272365,16112085,314
2019-02-28 15:38:01.173,2.0,buy,3829.95,BTC-1MAR19-3875-C,39.38,0.0025,2.0,1,1551368281173,16112277,315
2019-02-28 15:38:02.268,2.0,buy,3830.64,BTC-1MAR19-3875-C,39.05,0.0025,2.0,1,1551368282268,16112281,316
2019-02-28 15:38:06.396,0.4,buy,3831.85,BTC-1MAR19-3875-C,38.48,0.0025,0.4,1,1551368286396,16112391,317
2019-02-28 15:38:07.981,0.1,buy,3834.46,BTC-1MAR19-3875-C,37.24,0.0025,0.1,1,1551368287981,16112502,318
2019-02-28 15:38:12.906,5.0,buy,3837.33,BTC-1MAR19-3875-C,39.32,0.003,5.0,0,1551368292906,16112695,319
2019-02-28 15:38:14.349,0.3,buy,3839.39,BTC-1MAR19-3875-C,38.28,0.003,0.3,1,1551368294349,16112777,320
2019-02-28 15:38:14.562,1.5,buy,3839.39,BTC-1MAR19-3875-C,38.28,0.003,1.5,1,1551368294562,16112841,321
2019-02-28 15:38:14.942,0.3,buy,3839.02,BTC-1MAR19-3875-C,38.46,0.003,0.3,1,1551368294942,16112854,322
2019-02-28 15:38:16.734,0.6,buy,3841.3,BTC-1MAR19-3875-C,50.18,0.005,0.6,0,1551368296734,16112954,323
2019-02-28 15:44:46.809,0.6,sell,3841.43,BTC-1MAR19-3875-C,50.29,0.005,0.6,1,1551368686809,16118329,324
2019-02-28 15:51:53.144,15.6,sell,3840.21,BTC-1MAR19-3875-C,47.97,0.0045,15.6,2,1551369113144,16119669,325
2019-02-28 16:12:45.713,5.0,sell,3852.5,BTC-1MAR19-3875-C,53.73,0.0065,5.0,0,1551370365713,16121586,326
2019-02-28 16:21:34.335,10.0,buy,3848.24,BTC-1MAR19-3875-C,56.64,0.0065,10.0,1,1551370894335,16122039,327
2019-02-28 16:33:05.409,10.0,sell,3833.25,BTC-1MAR19-3875-C,59.47,0.0055,10.0,2,1551371585409,16122787,328
2019-02-28 17:08:28.987,0.1,buy,3799.31,BTC-1MAR19-3875-C,63.97,0.0035,0.1,2,1551373708987,16129369,329
2019-02-28 17:46:03.987,1.0,sell,3788.64,BTC-1MAR19-3875-C,56.93,0.002,1.0,2,1551375963987,16131216,330
2019-02-28 18:26:37.623,1.0,buy,3806.75,BTC-1MAR19-3875-C,67.27,0.004,1.0,1,1551378397623,16133384,332
2019-02-28 18:26:37.623,0.5,buy,3806.75,BTC-1MAR19-3875-C,67.27,0.004,0.5,0,1551378397623,16133383,331
2019-02-28 18:26:53.571,0.3,buy,3809.4,BTC-1MAR19-3875-C,69.76,0.0045,0.3,0,1551378413571,16133402,333
