date_utc,amount,direction,indexPrice,instrument,iv,price,quantity,tickDirection,timeStamp,tradeId,tradeSeq
2019-02-21 09:53:55.154,0.2,sell,3897.99,BTC-1MAR19-3875-C,52.0,0.0335,0.2,1,1550742835154,15737308,1
2019-02-21 10:38:37.064,0.1,sell,3898.53,BTC-1MAR19-3875-C,52.84,0.034,0.1,0,1550745517064,15738789,2
2019-02-21 11:04:35.227,0.1,buy,3897.09,BTC-1MAR19-3875-C,54.08,0.0345,0.1,0,1550747075227,15739321,3
2019-02-21 11:04:45.247,0.1,buy,3896.5,BTC-1MAR19-3875-C,56.79,0.036000000000000004,0.1,0,1550747085247,15739330,4
2019-02-21 11:05:32.886,0.1,buy,3896.52,BTC-1MAR19-3875-C,56.78,0.036000000000000004,0.1,1,1550747132886,15739346,5
2019-02-21 11:17:48.843,0.1,buy,3881.29,BTC-1MAR19-3875-C,55.88,0.0335,0.1,2,1550747868843,15740162,6
2019-02-21 11:17:55.346,0.1,buy,3881.28,BTC-1MAR19-3875-C,55.88,0.0335,0.1,3,1550747875346,15740166,7
2019-02-21 11:18:01.352,3.9,buy,3881.33,BTC-1MAR19-3875-C,55.87,0.0335,3.9,3,1550747881352,15740171,8
2019-02-21 11:18:09.109,4.2,buy,3881.34,BTC-1MAR19-3875-C,56.72,0.034,4.2,0,1550747889109,15740176,9
2019-02-21 11:21:13.950,6.0,buy,3879.22,BTC-1MAR19-3875-C,58.04,0.0345,6.0,0,1550748073950,15740369,10
2019-02-21 11:43:12.062,0.6,buy,3891.25,BTC-1MAR19-3875-C,54.62,0.034,0.6,2,1550749392062,15741506,11
2019-02-21 11:46:25.433,4.9,sell,3893.37,BTC-1MAR19-3875-C,55.01,0.0345,4.9,0,1550749585433,15741563,12
2019-02-21 11:47:44.344,5.1000000000000005,sell,3892.73,BTC-1MAR19-3875-C,54.3,0.034,5.1000000000000005,2,1550749664344,15741574,13
2019-02-21 11:49:49.722,0.2,sell,3891.36,BTC-1MAR19-3875-C,53.75,0.0335,0.2,2,1550749789722,15741603,14
2019-02-21 12:11:51.931,0.2,buy,3893.23,BTC-1MAR19-3875-C,60.27,0.0375,0.2,0,1550751111931,15742179,15
2019-02-21 12:11:51.931,9.8,buy,3893.23,BTC-1MAR19-3875-C,61.13,0.038,9.8,0,1550751111931,15742180,16
2019-02-21 14:01:29.914,0.1,sell,3907.13,BTC-1MAR19-3875-C,54.81,0.036000000000000004,0.1,2,1550757689914,15744851,17
2019-02-21 14:25:19.621,10.0,sell,3899.78,BTC-1MAR19-3875-C,53.95,0.0345,10.0,2,1550759119621,15745074,18
2019-02-21 14:59:26.058,0.2,sell,3900.5,BTC-1MAR19-3875-C,53.87,0.0345,0.2,3,1550761166058,15745454,19
2019-02-21 15:03:40.652,0.6,sell,3898.89,BTC-1MAR19-3875-C,54.25,0.0345,0.6,3,1550761420652,15745542,20
2019-02-21 17:10:07.480,4.5,sell,3891.25,BTC-1MAR19-3875-C,51.94,0.032,4.5,2,1550769007480,15747333,21
2019-02-21 22:37:13.266,2.0,sell,3889.63,BTC-1MAR19-3875-C,51.33,0.031,2.0,2,1550788633266,15750682,22
2019-02-21 22:54:14.830,0.2,buy,3887.49,BTC-1MAR19-3875-C,52.75,0.0315,0.2,0,1550789654830,15750915,23
2019-02-22 00:13:54.603,4.8,buy,3902.89,BTC-1MAR19-3875-C,52.03,0.033,4.8,0,1550794434603,15752297,24
2019-02-22 00:15:13.258,5.0,buy,3902.53,BTC-1MAR19-3875-C,52.11,0.033,5.0,1,1550794513258,15752333,25
2019-02-22 01:31:50.667,0.3,buy,3904.5,BTC-1MAR19-3875-C,50.94,0.0325,0.3,2,1550799110667,15753017,26
2019-02-22 02:03:47.668,3.0,buy,3915.46,BTC-1MAR19-3875-C,51.04,0.034,3.0,0,1550801027668,15753578,27
2019-02-22 02:12:37.253,1.0,sell,3915.78,BTC-1MAR19-3875-C,48.26,0.0325,1.0,2,1550801557253,15753868,28
2019-02-22 02:25:22.609,1.0,buy,3920.4,BTC-1MAR19-3875-C,49.85,0.034,1.0,0,1550802322609,15754080,29
2019-02-22 03:09:18.870,5.9,sell,3916.81,BTC-1MAR19-3875-C,49.04,0.033,5.9,3,1550804958870,15754954,31
2019-02-22 03:09:18.870,4.1,sell,3916.81,BTC-1MAR19-3875-C,49.04,0.033,4.1,2,1550804958870,15754953,30
2019-02-22 04:07:42.691,0.1,buy,3914.26,BTC-1MAR19-3875-C,51.64,0.034,0.1,0,1550808462691,15755462,32
2019-02-22 05:02:50.979,5.0,buy,3917.25,BTC-1MAR19-3875-C,49.2,0.033,5.0,2,1550811770979,15755790,33
2019-02-22 05:11:54.331,1.0,buy,3918.76,BTC-1MAR19-3875-C,49.76,0.0335,1.0,0,1550812314331,15756128,34
2019-02-22 06:59:12.643,2.0,sell,3911.42,BTC-1MAR19-3875-C,52.79,0.034,2.0,0,1550818752643,15757385,35
2019-02-22 07:42:58.921,3.4,sell,3887.39,BTC-1MAR19-3875-C,52.32,0.0305,3.4,2,1550821378921,15759428,36
2019-02-22 07:45:05.100,3.4,sell,3886.48,BTC-1MAR19-3875-C,52.54,0.0305,3.4,3,1550821505100,15759544,37
2019-02-22 08:03:56.115,5.0,buy,3895.38,BTC-1MAR19-3875-C,50.48,0.0305,5.0,3,1550822636115,15760238,38
2019-02-22 08:08:25.313,5.0,buy,3895.31,BTC-1MAR19-3875-C,50.51,0.0305,5.0,3,1550822905313,15760326,39
2019-02-22 08:20:27.178,3.1,buy,3905.13,BTC-1MAR19-3875-C,49.06,0.031,3.1,0,1550823627178,15760970,40
2019-02-22 08:20:31.178,1.9,buy,3906.15,BTC-1MAR19-3875-C,48.81,0.031,1.9,1,1550823631178,15760986,41
2019-02-22 08:20:43.571,5.0,buy,3910.2,BTC-1MAR19-3875-C,48.71,0.0315,5.0,0,1550823643571,15761104,42
2019-02-22 09:59:24.416,0.2,buy,3926.36,BTC-1MAR19-3875-C,54.08,0.0365,0.2,0,1550829564416,15766227,43
2019-02-22 10:10:15.121,0.2,sell,3918.64,BTC-1MAR19-3875-C,53.31,0.035,0.2,2,1550830215121,15766541,44
2019-02-22 10:15:51.756,0.3,sell,3919.76,BTC-1MAR19-3875-C,53.04,0.035,0.3,3,1550830551756,15766662,45
2019-02-22 11:03:27.409,1.0,sell,3921.01,BTC-1MAR19-3875-C,54.71,0.036000000000000004,1.0,0,1550833407409,15767453,46
2019-02-22 11:21:18.701,0.2,buy,3923.21,BTC-1MAR19-3875-C,56.99,0.0375,0.2,0,1550834478701,15767649,47
2019-02-22 11:30:46.653,2.0,sell,3922.47,BTC-1MAR19-3875-C,54.41,0.036000000000000004,2.0,2,1550835046653,15768103,48
2019-02-22 11:44:13.145,0.5,sell,3925.89,BTC-1MAR19-3875-C,50.74,0.0345,0.5,2,1550835853145,15768321,49
2019-02-22 12:07:37.075,0.5,sell,3924.09,BTC-1MAR19-3875-C,50.34,0.034,0.5,2,1550837257075,15768846,50
2019-02-22 12:15:47.823,0.5,sell,3923.72,BTC-1MAR19-3875-C,50.46,0.034,0.5,3,1550837747823,15768998,51
2019-02-22 12:25:31.102,0.5,sell,3926.68,BTC-1MAR19-3875-C,50.64,0.0345,0.5,0,1550838331102,15769945,52
2019-02-22 13:34:15.553,0.1,buy,3947.3,BTC-1MAR19-3875-C,52.79,0.0385,0.1,0,1550842455553,15773902,53
2019-02-22 13:35:45.714,0.1,sell,3945.03,BTC-1MAR19-3875-C,51.51,0.0375,0.1,2,1550842545714,15774045,54
2019-02-22 13:35:58.557,0.1,sell,3946.43,BTC-1MAR19-3875-C,52.08,0.038,0.1,0,1550842558557,15774066,55
2019-02-22 13:50:40.004,0.1,buy,3952.41,BTC-1MAR19-3875-C,51.38,0.0385,0.1,0,1550843440004,15774854,56
2019-02-22 14:45:50.223,1.0,buy,3943.78,BTC-1MAR19-3875-C,52.05,0.0375,1.0,2,1550846750223,15778346,57
2019-02-22 15:02:02.638,0.1,buy,3945.46,BTC-1MAR19-3875-C,54.51,0.039,0.1,0,1550847722638,15778831,58
2019-02-22 15:03:39.535,5.9,buy,3945.79,BTC-1MAR19-3875-C,56.34,0.04,5.9,0,1550847819535,15778873,59
2019-02-22 15:05:30.544,2.4,sell,3943.78,BTC-1MAR19-3875-C,56.9,0.04,2.4,1,1550847930544,15778913,60
2019-02-22 15:06:00.557,1.7,sell,3942.59,BTC-1MAR19-3875-C,57.23,0.04,1.7,1,1550847960557,15778941,61
2019-02-22 15:13:43.192,2.4,sell,3939.51,BTC-1MAR19-3875-C,51.39,0.0365,2.4,2,1550848423192,15779212,62
2019-02-22 19:47:08.436,0.1,buy,3943.96,BTC-1MAR19-3875-C,49.89,0.036000000000000004,0.1,2,1550864828436,15786433,63
2019-02-22 23:58:34.606,0.1,buy,3949.08,BTC-1MAR19-3875-C,50.05,0.0365,0.1,0,1550879914606,15789700,64
2019-02-22 23:59:24.926,0.1,sell,3940.85,BTC-1MAR19-3875-C,49.49,0.035,0.1,2,1550879964926,15789862,65
2019-02-23 04:36:59.985,2.5,sell,3928.32,BTC-1MAR19-3875-C,50.9,0.0335,2.5,2,1550896619985,15793882,66
2019-02-23 04:37:10.551,2.5,sell,3928.62,BTC-1MAR19-3875-C,50.81,0.0335,2.5,3,1550896630551,15793883,67
2019-02-23 04:37:10.555,2.5,buy,3928.62,BTC-1MAR19-3875-C,50.81,0.0335,2.5,3,1550896630555,15793884,68
2019-02-23 16:56:38.087,0.1,buy,3957.79,BTC-1MAR19-3875-C,50.28,0.0365,0.1,0,1550940998087,15806729,69
2019-02-23 16:56:45.474,0.2,buy,3962.02,BTC-1MAR19-3875-C,49.95,0.037000000000000005,0.2,0,1550941005474,15806818,70
2019-02-23 19:34:29.829,0.1,sell,4109.8,BTC-1MAR19-3875-C,59.19,0.0655,0.1,0,1550950469829,15841926,71
2019-02-23 19:34:32.277,0.8,sell,4109.89,BTC-1MAR19-3875-C,57.68,0.065,0.8,2,1550950472277,15841941,72
2019-02-23 20:29:16.021,3.1,buy,4128.72,BTC-1MAR19-3875-C,58.12,0.0685,3.1,0,1550953756021,15844527,73
2019-02-23 20:49:07.422,0.1,buy,4150.61,BTC-1MAR19-3875-C,58.1,0.0725,0.1,0,1550954947422,15847223,74
2019-02-23 23:39:13.870,0.3,sell,4108.14,BTC-1MAR19-3875-C,61.0,0.0655,0.3,2,1550965153870,15854174,75
2019-02-24 00:47:51.243,0.1,buy,4122.73,BTC-1MAR19-3875-C,65.42,0.0695,0.1,0,1550969271243,15855558,76
2019-02-24 13:34:52.411,0.3,sell,4100.85,BTC-1MAR19-3875-C,66.98,0.065,0.3,2,1551015292411,15882041,77
2019-02-24 14:11:37.731,2.0,sell,3978.03,BTC-1MAR19-3875-C,55.58,0.04,2.0,2,1551017497731,15891787,78
2019-02-24 14:12:00.982,5.5,sell,3936.91,BTC-1MAR19-3875-C,51.65,0.032,5.5,2,1551017520982,15893030,79
2019-02-24 14:19:44.328,0.6,buy,3814.71,BTC-1MAR19-3875-C,59.34,0.02,0.6,2,1551017984328,15906221,80
2019-02-24 14:21:13.476,0.6,sell,3824.42,BTC-1MAR19-3875-C,59.26,0.021,0.6,0,1551018073476,15907838,81
2019-02-24 14:22:25.050,0.6,buy,3834.15,BTC-1MAR19-3875-C,61.32,0.023,0.6,0,1551018145050,15909022,82
2019-02-24 14:27:05.042,0.4,sell,3803.86,BTC-1MAR19-3875-C,61.91,0.02,0.4,2,1551018425042,15912622,83
2019-02-24 14:28:39.037,0.1,buy,3779.79,BTC-1MAR19-3875-C,59.3,0.0165,0.1,2,1551018519037,15914374,84
2019-02-24 14:39:07.253,0.1,buy,3808.57,BTC-1MAR19-3875-C,63.12,0.021,0.1,0,1551019147253,15920927,85
2019-02-24 14:54:34.226,0.5,sell,3783.42,BTC-1MAR19-3875-C,65.55,0.0195,0.5,2,1551020074226,15927177,86
2019-02-24 15:13:13.279,1.4,buy,3816.77,BTC-1MAR19-3875-C,63.58,0.022,1.4,0,1551021193279,15932388,87
2019-02-24 15:13:48.302,0.6,buy,3815.14,BTC-1MAR19-3875-C,65.09,0.0225,0.6,0,1551021228302,15932434,88
2019-02-24 15:36:58.118,0.1,sell,3787.95,BTC-1MAR19-3875-C,62.44,0.0185,0.1,2,1551022618118,15935682,89
2019-02-24 15:37:53.539,0.4,sell,3786.36,BTC-1MAR19-3875-C,61.64,0.018000000000000002,0.4,2,1551022673539,15935743,90
2019-02-24 15:38:22.134,0.1,sell,3781.14,BTC-1MAR19-3875-C,62.8,0.018000000000000002,0.1,3,1551022702134,15935857,91
2019-02-24 16:01:24.525,2.0,sell,3762.51,BTC-1MAR19-3875-C,66.99,0.018000000000000002,2.0,3,1551024084525,15939273,92
2019-02-24 16:01:33.060,2.0,sell,3754.55,BTC-1MAR19-3875-C,68.7,0.018000000000000002,2.0,3,1551024093060,15939393,93
2019-02-24 16:03:31.186,0.6,sell,3737.59,BTC-1MAR19-3875-C,66.24,0.0155,0.6,2,1551024211186,15940861,95
2019-02-24 16:03:31.186,0.9,sell,3737.59,BTC-1MAR19-3875-C,65.01,0.015,0.9,2,1551024211186,15940862,96
2019-02-24 16:03:31.186,0.5,sell,3737.59,BTC-1MAR19-3875-C,72.3,0.018000000000000002,0.5,3,1551024211186,15940860,94
2019-02-24 16:22:33.154,3.7,buy,3750.72,BTC-1MAR19-3875-C,69.63,0.018000000000000002,3.7,0,1551025353154,15944508,97
2019-02-24 16:42:08.634,1.7,buy,3745.42,BTC-1MAR19-3875-C,73.25,0.019,1.7,0,1551026528634,15948172,98
2019-02-24 16:43:21.117,0.4,buy,3743.4,BTC-1MAR19-3875-C,73.68,0.019,0.4,1,1551026601117,15948438,99
2019-02-24 16:57:02.869,0.1,buy,3758.25,BTC-1MAR19-3875-C,69.38,0.0185,0.1,2,1551027422869,15949845,100
2019-02-24 16:57:34.817,0.2,buy,3759.21,BTC-1MAR19-3875-C,69.17,0.0185,0.2,3,1551027454817,15949853,101
2019-02-24 17:10:26.513,0.1,buy,3753.52,BTC-1MAR19-3875-C,70.47,0.0185,0.1,3,1551028226513,15950348,102
2019-02-24 18:18:46.930,0.6,sell,3754.5,BTC-1MAR19-3875-C,70.62,0.0185,0.6,3,1551032326930,15953509,103
2019-02-24 18:48:50.445,0.5,sell,3778.84,BTC-1MAR19-3875-C,64.23,0.018000000000000002,0.5,2,1551034130445,15954431,104
2019-02-24 20:33:09.102,0.1,sell,3776.98,BTC-1MAR19-3875-C,65.16,0.018000000000000002,0.1,3,1551040389102,15956764,105
2019-02-24 22:03:51.101,5.7,sell,3759.69,BTC-1MAR19-3875-C,69.5,0.018000000000000002,5.7,3,1551045831101,15960753,106
2019-02-24 22:03:51.685,10.0,sell,3753.01,BTC-1MAR19-3875-C,69.75,0.0175,10.0,2,1551045831685,15960773,107
2019-02-24 23:48:59.847,5.0,sell,3746.93,BTC-1MAR19-3875-C,70.42,0.017,5.0,2,1551052139847,15965628,108
2019-02-24 23:48:59.847,1.8,sell,3746.93,BTC-1MAR19-3875-C,70.42,0.017,1.8,3,1551052139847,15965629,109
2019-02-24 23:49:03.240,0.9,sell,3742.25,BTC-1MAR19-3875-C,71.44,0.017,0.9,3,1551052143240,15965682,110
2019-02-24 23:49:03.843,0.5,sell,3742.42,BTC-1MAR19-3875-C,71.4,0.017,0.5,3,1551052143843,15965699,111
2019-02-24 23:49:35.216,2.0,sell,3739.77,BTC-1MAR19-3875-C,71.98,0.017,2.0,3,1551052175216,15965864,112
2019-02-24 23:51:49.719,2.0,sell,3740.2,BTC-1MAR19-3875-C,71.9,0.017,2.0,3,1551052309719,15966154,113
2019-02-24 23:51:52.593,2.0,sell,3738.56,BTC-1MAR19-3875-C,72.26,0.017,2.0,3,1551052312593,15966166,114
2019-02-24 23:51:55.130,0.8,sell,3734.5,BTC-1MAR19-3875-C,73.13,0.017,0.8,3,1551052315130,15966263,115
2019-02-25 01:13:50.802,1.0,sell,3762.08,BTC-1MAR19-3875-C,67.55,0.017,1.0,3,1551057230802,15969852,116
2019-02-25 01:19:04.919,1.0,sell,3764.22,BTC-1MAR19-3875-C,67.1,0.017,1.0,3,1551057544919,15969987,117
2019-02-25 01:42:36.423,10.0,sell,3757.59,BTC-1MAR19-3875-C,67.47,0.0165,10.0,2,1551058956423,15970475,118
2019-02-25 01:42:36.423,3.3000000000000003,sell,3757.59,BTC-1MAR19-3875-C,67.47,0.0165,3.3000000000000003,3,1551058956423,15970476,119
2019-02-25 03:11:18.172,1.0,buy,3781.84,BTC-1MAR19-3875-C,67.36,0.0185,1.0,0,1551064278172,15973128,120
2019-02-25 04:01:05.872,1.7,sell,3776.76,BTC-1MAR19-3875-C,66.37,0.0175,1.7,2,1551067265872,15973951,121
2019-02-25 09:19:56.377,0.3,buy,3778.83,BTC-1MAR19-3875-C,66.44,0.017,0.3,2,1551086396377,15981373,122
2019-02-25 09:19:56.377,0.6,buy,3778.83,BTC-1MAR19-3875-C,67.71,0.0175,0.6,0,1551086396377,15981374,123
2019-02-25 09:19:56.377,1.3,buy,3778.83,BTC-1MAR19-3875-C,67.71,0.0175,1.3,1,1551086396377,15981375,124
2019-02-25 09:19:56.468,0.8,sell,3778.83,BTC-1MAR19-3875-C,67.71,0.0175,0.8,1,1551086396468,15981381,125
2019-02-25 09:42:05.029,0.6,buy,3774.73,BTC-1MAR19-3875-C,68.82,0.0175,0.6,1,1551087725029,15981835,126
2019-02-25 11:39:55.848,0.6,sell,3780.34,BTC-1MAR19-3875-C,69.48,0.018,0.6,0,1551094795848,15986009,127
