date_utc,amount,direction,indexPrice,instrument,iv,price,quantity,tickDirection,timeStamp,tradeId,tradeSeq
2019-04-03 02:19:42.562,18.0,buy,4994.64,BTC-12APR19-5125-P,91.12,0.0725,18.0,1,1554257982562,17168604,1
2019-04-03 03:50:14.057,0.5,sell,5063.24,BTC-12APR19-5125-P,80.47,0.0575,0.5,2,1554263414057,17179014,2
2019-04-03 12:38:37.725,0.1,sell,5000.18,BTC-12APR19-5125-P,74.09,0.06,0.1,0,1554295117725,17198685,3
2019-04-03 13:09:22.395,18.0,buy,5013.32,BTC-12APR19-5125-P,85.76,0.0655,18.0,0,1554296962395,17199754,4
2019-04-03 16:11:14.345,0.1,buy,5087.55,BTC-12APR19-5125-P,79.88,0.053,0.1,2,1554307874345,17208684,5
2019-04-03 16:41:08.750,0.1,buy,5115.98,BTC-12APR19-5125-P,85.71,0.0535,0.1,0,1554309668750,17213505,6
2019-04-03 16:42:12.820,0.1,buy,5115.49,BTC-12APR19-5125-P,84.82,0.053,0.1,2,1554309732820,17213554,7
2019-04-03 16:48:15.471,0.2,buy,5140.03,BTC-12APR19-5125-P,82.4,0.049,0.2,2,1554310095471,17214154,8
2019-04-03 17:15:09.407,1.0,sell,5147.09,BTC-12APR19-5125-P,82.0,0.048,1.0,2,1554311709407,17217331,9
2019-04-03 19:35:16.861,5.0,sell,5164.4,BTC-12APR19-5125-P,85.26,0.048,5.0,3,1554320116861,17226418,10
2019-04-03 21:07:26.852,3.0,sell,5293.51,BTC-12APR19-5125-P,89.48,0.039,3.0,2,1554325646852,17239568,11
2019-04-03 21:13:13.256,3.0,sell,5317.19,BTC-12APR19-5125-P,84.85,0.0345,3.0,2,1554325993256,17240180,12
2019-04-03 21:54:32.024,1.0,sell,5266.73,BTC-12APR19-5125-P,85.09,0.0385,1.0,0,1554328472024,17243974,13
2019-04-03 21:55:40.799,1.0,sell,5263.83,BTC-12APR19-5125-P,87.25,0.04,1.0,0,1554328540799,17244065,14
2019-04-04 01:59:17.100,0.2,buy,4970.19,BTC-12APR19-5125-P,83.65,0.068,0.2,0,1554343157100,17284975,15
2019-04-04 01:59:17.227,0.2,sell,4970.19,BTC-12APR19-5125-P,83.65,0.068,0.2,1,1554343157227,17284998,16
2019-04-04 01:59:17.265,0.3,sell,4970.19,BTC-12APR19-5125-P,83.65,0.068,0.3,1,1554343157265,17284999,17
2019-04-04 01:59:17.287,0.2,sell,4970.19,BTC-12APR19-5125-P,83.65,0.068,0.2,1,1554343157287,17285011,18
2019-04-04 01:59:17.300,0.2,sell,4970.19,BTC-12APR19-5125-P,83.65,0.068,0.2,1,1554343157300,17285012,19
2019-04-04 01:59:17.342,0.2,sell,4970.19,BTC-12APR19-5125-P,83.65,0.068,0.2,1,1554343157342,17285017,20
2019-04-04 01:59:17.370,0.3,sell,4970.19,BTC-12APR19-5125-P,83.65,0.068,0.3,1,1554343157370,17285018,21
2019-04-04 01:59:17.395,0.3,sell,4970.19,BTC-12APR19-5125-P,83.65,0.068,0.3,1,1554343157395,17285019,22
2019-04-04 01:59:17.402,0.2,sell,4970.19,BTC-12APR19-5125-P,83.65,0.068,0.2,1,1554343157402,17285020,23
2019-04-04 01:59:17.427,0.2,sell,4970.19,BTC-12APR19-5125-P,83.65,0.068,0.2,1,1554343157427,17285021,24
2019-04-04 01:59:17.436,0.2,sell,4970.19,BTC-12APR19-5125-P,83.65,0.068,0.2,1,1554343157436,17285022,25
2019-04-04 01:59:17.451,0.1,sell,4970.19,BTC-12APR19-5125-P,83.65,0.068,0.1,1,1554343157451,17285023,26
2019-04-04 01:59:17.469,0.2,sell,4970.19,BTC-12APR19-5125-P,83.65,0.068,0.2,1,1554343157469,17285024,27
2019-04-04 01:59:17.477,0.1,sell,4970.19,BTC-12APR19-5125-P,83.65,0.068,0.1,1,1554343157477,17285025,28
2019-04-04 01:59:17.485,0.2,sell,4970.19,BTC-12APR19-5125-P,83.65,0.068,0.2,1,1554343157485,17285026,29
2019-04-04 01:59:17.509,0.2,sell,4970.19,BTC-12APR19-5125-P,83.65,0.068,0.2,1,1554343157509,17285028,30
2019-04-04 01:59:17.532,0.1,sell,4970.19,BTC-12APR19-5125-P,83.65,0.068,0.1,1,1554343157532,17285029,31
2019-04-04 01:59:17.543,0.1,sell,4970.19,BTC-12APR19-5125-P,83.65,0.068,0.1,1,1554343157543,17285031,32
2019-04-04 01:59:17.562,0.1,sell,4970.19,BTC-12APR19-5125-P,83.65,0.068,0.1,1,1554343157562,17285032,33
2019-04-04 01:59:17.570,0.2,sell,4970.19,BTC-12APR19-5125-P,83.65,0.068,0.2,1,1554343157570,17285033,34
2019-04-04 01:59:17.580,0.2,sell,4970.19,BTC-12APR19-5125-P,83.65,0.068,0.2,1,1554343157580,17285034,35
2019-04-04 01:59:17.593,0.1,sell,4970.19,BTC-12APR19-5125-P,83.65,0.068,0.1,1,1554343157593,17285037,36
2019-04-04 01:59:17.608,0.1,sell,4970.19,BTC-12APR19-5125-P,83.65,0.068,0.1,1,1554343157608,17285038,37
2019-04-04 01:59:17.636,0.3,sell,4970.19,BTC-12APR19-5125-P,83.65,0.068,0.3,1,1554343157636,17285039,38
2019-04-04 11:03:07.033,0.5,buy,4932.43,BTC-12APR19-5125-P,90.91,0.076,0.5,0,1554375787033,17302119,39
2019-04-05 04:24:46.138,18.0,buy,4934.98,BTC-12APR19-5125-P,86.83,0.071,18.0,2,1554438286138,17347955,40
2019-04-05 12:59:24.003,4.0,sell,5028.34,BTC-12APR19-5125-P,74.98,0.0515,4.0,2,1554469164003,17363360,41
2019-04-05 17:24:16.817,18.0,sell,5019.23,BTC-12APR19-5125-P,75.82,0.0525,18.0,0,1554485056817,17375037,42
2019-04-06 12:33:52.425,2.0,buy,5014.06,BTC-12APR19-5125-P,73.52,0.0495,2.0,2,1554554032425,17393843,43
2019-04-06 14:24:25.809,5.3,buy,5008.38,BTC-12APR19-5125-P,70.51,0.0485,5.3,2,1554560665809,17395309,44
2019-04-06 14:25:13.499,4.5,buy,5007.96,BTC-12APR19-5125-P,71.43,0.049,4.5,0,1554560713499,17395310,45
2019-04-06 14:27:30.223,4.2,buy,5008.99,BTC-12APR19-5125-P,72.73,0.0495,4.2,0,1554560850223,17395314,46
2019-04-06 14:28:17.900,4.1,buy,5008.9,BTC-12APR19-5125-P,73.73,0.05,4.1,0,1554560897900,17395316,47
2019-04-06 16:04:53.681,0.4,sell,5145.09,BTC-12APR19-5125-P,72.45,0.034,0.4,2,1554566693681,17404337,48
2019-04-06 16:23:17.811,3.4,sell,5144.88,BTC-12APR19-5125-P,71.47,0.0335,3.4,2,1554567797811,17405376,49
2019-04-06 16:27:22.803,2.6,sell,5164.13,BTC-12APR19-5125-P,72.16,0.032,2.6,2,1554568042803,17405812,50
2019-04-06 16:27:30.798,0.1,buy,5160.76,BTC-12APR19-5125-P,77.61,0.035,0.1,0,1554568050798,17405835,51
2019-04-06 19:01:02.241,0.1,buy,5160.89,BTC-12APR19-5125-P,75.3,0.0335,0.1,2,1554577262241,17418668,52
2019-04-06 22:27:13.154,0.1,sell,5044.68,BTC-12APR19-5125-P,72.56,0.044000000000000004,0.1,0,1554589633154,17440154,53
2019-04-07 05:40:22.059,0.1,sell,5138.06,BTC-12APR19-5125-P,72.78,0.033,0.1,2,1554615622059,17456532,54
2019-04-07 05:55:44.897,0.1,buy,5118.9,BTC-12APR19-5125-P,73.03,0.035,0.1,0,1554616544897,17456838,55
2019-04-07 05:55:54.430,4.9,buy,5106.86,BTC-12APR19-5125-P,70.38,0.035,4.9,1,1554616554430,17457084,56
2019-04-07 05:55:54.430,0.2,buy,5106.86,BTC-12APR19-5125-P,70.38,0.035,0.2,1,1554616554430,17457085,57
2019-04-07 09:49:20.785,0.1,sell,5136.78,BTC-12APR19-5125-P,69.44,0.031,0.1,2,1554630560785,17462855,58
2019-04-07 09:49:39.906,1.2,sell,5137.55,BTC-12APR19-5125-P,69.61,0.031,1.2,3,1554630579906,17462862,59
2019-04-07 10:01:10.278,0.1,buy,5127.21,BTC-12APR19-5125-P,70.7,0.0325,0.1,1,1554631270278,17463213,61
2019-04-07 10:01:10.278,1.0,buy,5127.21,BTC-12APR19-5125-P,70.7,0.0325,1.0,0,1554631270278,17463212,60
2019-04-07 11:46:21.243,0.1,buy,5102.93,BTC-12APR19-5125-P,70.14,0.0345,0.1,0,1554637581243,17465797,62
2019-04-07 11:46:21.243,0.1,buy,5102.93,BTC-12APR19-5125-P,70.14,0.0345,0.1,1,1554637581243,17465798,63
2019-04-07 15:00:27.423,0.1,sell,5133.98,BTC-12APR19-5125-P,69.31,0.0305,0.1,2,1554649227423,17468789,64
2019-04-07 15:16:28.602,0.4,buy,5140.87,BTC-12APR19-5125-P,77.53,0.0335,0.4,0,1554650188602,17468975,65
2019-04-07 15:16:28.602,0.1,buy,5140.87,BTC-12APR19-5125-P,77.53,0.0335,0.1,1,1554650188602,17468976,66
2019-04-07 15:38:05.003,0.1,buy,5126.21,BTC-12APR19-5125-P,81.08,0.0365,0.1,0,1554651485003,17469904,67
2019-04-07 21:58:31.769,2.5,sell,5159.57,BTC-12APR19-5125-P,72.58,0.0285,2.5,2,1554674311769,17482536,68
2019-04-07 21:59:12.920,0.4,sell,5159.51,BTC-12APR19-5125-P,72.56,0.0285,0.4,3,1554674352920,17482537,69
2019-04-07 22:00:09.385,3.9,sell,5161.23,BTC-12APR19-5125-P,71.79,0.028,3.9,2,1554674409385,17482552,70
2019-04-07 22:10:12.343,0.7000000000000001,buy,5165.95,BTC-12APR19-5125-P,71.69,0.0275,0.7000000000000001,2,1554675012343,17482876,71
2019-04-07 22:10:12.343,0.1,buy,5165.95,BTC-12APR19-5125-P,71.69,0.0275,0.1,3,1554675012343,17482877,72
2019-04-07 22:51:56.805,0.2,buy,5170.45,BTC-12APR19-5125-P,77.5,0.0295,0.2,0,1554677516805,17488587,73
2019-04-07 22:51:56.914,0.2,buy,5170.45,BTC-12APR19-5125-P,77.5,0.0295,0.2,1,1554677516914,17488598,74
2019-04-07 22:52:22.337,4.5,sell,5152.79,BTC-12APR19-5125-P,73.72,0.0295,4.5,1,1554677542337,17489444,75
2019-04-07 22:53:02.102,2.3000000000000003,sell,5185.12,BTC-12APR19-5125-P,84.05,0.031,2.3000000000000003,0,1554677582102,17490113,76
2019-04-07 22:53:30.807,0.2,buy,5200.06,BTC-12APR19-5125-P,76.59,0.0265,0.2,2,1554677610807,17490257,77
2019-04-07 23:40:29.585,0.4,sell,5186.02,BTC-12APR19-5125-P,74.05,0.0265,0.4,3,1554680429585,17494828,78
2019-04-08 01:33:46.907,1.0,sell,5282.76,BTC-12APR19-5125-P,75.93,0.0195,1.0,2,1554687226907,17503657,79
2019-04-08 10:57:32.060,0.1,buy,5211.77,BTC-12APR19-5125-P,90.11,0.029,0.1,0,1554721052060,17524325,80
