date_utc,amount,direction,indexPrice,instrument,iv,price,quantity,tickDirection,timeStamp,tradeId,tradeSeq
2019-05-03 09:06:52.826,1.5,buy,5668.02,BTC-17MAY19-6750-C,69.64,0.006999999999999999,1.5,1,1556874412826,18638396,1
2019-05-03 15:10:40.340,1.2,buy,5708.3,BTC-17MAY19-6750-C,66.9,0.0065,1.2,2,1556896240340,18688270,2
2019-05-03 22:17:38.160,20.0,sell,5670.7,BTC-17MAY19-6750-C,66.59,0.0055,20.0,2,1556921858160,18711747,3
2019-05-03 22:47:55.333,5.0,sell,5650.2,BTC-17MAY19-6750-C,67.65,0.0055,5.0,3,1556923675333,18715073,4
2019-05-04 21:06:23.871,0.1,buy,5745.18,BTC-17MAY19-6750-C,60.36,0.004,0.1,2,1557003983871,18802286,5
2019-05-04 22:17:56.694,10.0,buy,5817.53,BTC-17MAY19-6750-C,61.73,0.0055,10.0,0,1557008276694,18822056,6
2019-05-04 23:30:44.748,1.2,sell,5778.66,BTC-17MAY19-6750-C,60.68,0.0045,1.2,2,1557012644748,18831896,7
2019-05-05 06:49:17.418,0.1,buy,5731.02,BTC-17MAY19-6750-C,70.13,0.0065,0.1,0,1557038957418,18857051,8
2019-05-05 06:49:48.839,0.1,buy,5731.74,BTC-17MAY19-6750-C,70.1,0.0065,0.1,1,1557038988839,18857063,9
2019-05-05 20:15:42.703,0.1,buy,5720.07,BTC-17MAY19-6750-C,70.89,0.006,0.1,2,1557087342703,18896842,10
2019-05-06 17:22:54.505,0.3,sell,5702.41,BTC-17MAY19-6750-C,69.56,0.0045,0.3,2,1557163374505,18966179,11
2019-05-06 23:03:28.726,10.0,buy,5706.41,BTC-17MAY19-6750-C,73.71,0.0055,10.0,0,1557183808726,18985918,12
2019-05-07 02:35:34.486,1.0,buy,5864.13,BTC-17MAY19-6750-C,65.37,0.0055,1.0,1,1557196534486,19001372,13
2019-05-07 02:56:35.774,1.0,buy,5887.01,BTC-17MAY19-6750-C,65.67,0.006,1.0,0,1557197795774,19007685,14
2019-05-07 02:57:07.958,0.1,buy,5887.99,BTC-17MAY19-6750-C,67.11,0.0065,0.1,0,1557197827958,19008004,15
2019-05-07 03:01:35.235,0.1,buy,5940.09,BTC-17MAY19-6750-C,65.5,0.006999999999999999,0.1,0,1557198095235,19011062,16
2019-05-07 03:13:57.328,0.1,buy,5892.96,BTC-17MAY19-6750-C,71.07,0.008,0.1,0,1557198837328,19017376,18
2019-05-07 03:13:57.328,2.8000000000000003,buy,5892.96,BTC-17MAY19-6750-C,71.07,0.008,2.8000000000000003,1,1557198837328,19017377,19
2019-05-07 03:13:57.328,0.1,buy,5892.96,BTC-17MAY19-6750-C,69.71,0.0075,0.1,0,1557198837328,19017375,17
2019-05-09 01:11:31.210,0.1,buy,6081.5,BTC-17MAY19-6750-C,64.79,0.0075,0.1,2,1557364291210,19207363,20
2019-05-09 01:54:14.688,0.1,buy,6053.09,BTC-17MAY19-6750-C,68.22,0.008,0.1,0,1557366854688,19215022,21
2019-05-09 01:54:14.688,0.1,buy,6053.09,BTC-17MAY19-6750-C,69.6,0.0085,0.1,0,1557366854688,19215023,22
2019-05-09 01:54:14.688,1.7,buy,6053.09,BTC-17MAY19-6750-C,70.94,0.009000000000000001,1.7,1,1557366854688,19215025,24
2019-05-09 01:54:14.688,0.1,buy,6053.09,BTC-17MAY19-6750-C,70.94,0.009000000000000001,0.1,0,1557366854688,19215024,23
2019-05-09 04:55:35.394,0.1,buy,6053.12,BTC-17MAY19-6750-C,68.75,0.008,0.1,2,1557377735394,19220340,25
2019-05-09 04:55:35.394,0.2,buy,6053.12,BTC-17MAY19-6750-C,70.13,0.0085,0.2,0,1557377735394,19220341,26
2019-05-09 08:21:50.627,2.0,buy,6054.2,BTC-17MAY19-6750-C,70.68,0.0085,2.0,1,1557390110627,19227911,27
2019-05-09 16:35:37.037,5.5,buy,6015.49,BTC-17MAY19-6750-C,70.54,0.006999999999999999,5.5,2,1557419737037,19253328,28
2019-05-09 16:55:17.198,2.0,sell,6038.06,BTC-17MAY19-6750-C,69.04,0.006999999999999999,2.0,3,1557420917198,19254665,29
2019-05-09 19:47:36.326,5.8,buy,6062.2,BTC-17MAY19-6750-C,69.41,0.0075,5.8,0,1557431256326,19260417,30
2019-05-09 20:00:42.035,11.7,sell,6059.99,BTC-17MAY19-6750-C,69.61,0.0075,11.7,1,1557432042035,19261080,31
2019-05-10 03:06:13.683,0.1,buy,6253.06,BTC-17MAY19-6750-C,63.36,0.01,0.1,0,1557457573683,19300837,32
2019-05-10 03:09:09.777,1.9,buy,6262.42,BTC-17MAY19-6750-C,65.07,0.011000000000000001,1.9,0,1557457749777,19301511,34
2019-05-10 03:09:09.777,0.1,buy,6262.42,BTC-17MAY19-6750-C,63.86,0.0105,0.1,0,1557457749777,19301510,33
2019-05-10 03:19:24.807,24.0,buy,6301.07,BTC-17MAY19-6750-C,64.32,0.012,24.0,0,1557458364807,19304897,35
2019-05-10 03:50:04.915,1.0,buy,6281.43,BTC-17MAY19-6750-C,66.03,0.012,1.0,1,1557460204915,19310684,36
2019-05-10 04:08:57.930,3.0,sell,6235.61,BTC-17MAY19-6750-C,66.18,0.0105,3.0,2,1557461337930,19313267,37
2019-05-10 04:16:04.162,1.0,sell,6265.76,BTC-17MAY19-6750-C,62.57,0.01,1.0,2,1557461764162,19314382,38
2019-05-10 04:28:40.653,1.0,buy,6239.11,BTC-17MAY19-6750-C,69.61,0.012,1.0,0,1557462520653,19317798,39
2019-05-10 04:29:02.491,1.0,buy,6243.6,BTC-17MAY19-6750-C,69.25,0.012,1.0,1,1557462542491,19317847,40
2019-05-10 04:29:36.699,1.0,buy,6245.76,BTC-17MAY19-6750-C,69.08,0.012,1.0,1,1557462576699,19317960,41
2019-05-10 04:30:39.282,1.0,buy,6250.07,BTC-17MAY19-6750-C,68.73,0.012,1.0,1,1557462639282,19317998,42
2019-05-10 04:30:44.627,1.0,buy,6249.43,BTC-17MAY19-6750-C,68.78,0.012,1.0,1,1557462644627,19317999,43
2019-05-10 04:32:20.298,5.0,buy,6238.58,BTC-17MAY19-6750-C,69.67,0.012,5.0,1,1557462740298,19318131,44
2019-05-10 06:26:13.869,3.0,sell,6271.78,BTC-17MAY19-6750-C,66.15,0.0115,3.0,2,1557469573869,19326612,45
2019-05-10 06:26:18.320,1.0,sell,6271.7,BTC-17MAY19-6750-C,66.15,0.0115,1.0,3,1557469578320,19326615,46
2019-05-10 07:06:15.506,20.0,buy,6310.0,BTC-17MAY19-6750-C,68.86,0.013999999999999999,20.0,1,1557471975506,19329158,49
2019-05-10 07:06:15.506,6.9,buy,6310.0,BTC-17MAY19-6750-C,68.86,0.013999999999999999,6.9,0,1557471975506,19329156,47
2019-05-10 07:06:15.506,4.0,buy,6310.0,BTC-17MAY19-6750-C,68.86,0.013999999999999999,4.0,1,1557471975506,19329157,48
2019-05-10 07:07:14.442,0.1,sell,6302.98,BTC-17MAY19-6750-C,69.46,0.013999999999999999,0.1,1,1557472034442,19329269,50
2019-05-10 08:10:11.865,4.0,sell,6315.25,BTC-17MAY19-6750-C,67.5,0.0135,4.0,2,1557475811865,19337054,51
2019-05-10 08:23:47.938,0.1,buy,6286.71,BTC-17MAY19-6750-C,71.12,0.013999999999999999,0.1,0,1557476627938,19340896,52
2019-05-10 08:24:26.713,0.2,buy,6291.15,BTC-17MAY19-6750-C,70.74,0.013999999999999999,0.2,1,1557476666713,19340930,53
2019-05-10 08:41:07.941,0.1,buy,6284.82,BTC-17MAY19-6750-C,69.04,0.013000000000000001,0.1,2,1557477667941,19342098,54
2019-05-10 09:07:22.809,0.3,buy,6277.47,BTC-17MAY19-6750-C,68.58,0.0125,0.3,2,1557479242809,19344439,55
2019-05-10 09:07:22.809,0.7000000000000001,buy,6277.47,BTC-17MAY19-6750-C,68.58,0.0125,0.7000000000000001,3,1557479242809,19344440,56
2019-05-10 09:21:53.140,0.7000000000000001,sell,6268.75,BTC-17MAY19-6750-C,66.97,0.0115,0.7000000000000001,2,1557480113140,19345428,57
2019-05-10 12:48:35.971,3.0,sell,6289.26,BTC-17MAY19-6750-C,61.01,0.0095,3.0,2,1557492515971,19356622,58
2019-05-10 13:13:45.518,5.0,sell,6272.79,BTC-17MAY19-6750-C,61.13,0.009000000000000001,5.0,2,1557494025518,19357405,59
2019-05-10 13:14:18.452,1.0,sell,6273.28,BTC-17MAY19-6750-C,61.09,0.009000000000000001,1.0,3,1557494058452,19357406,60
2019-05-10 13:18:14.365,5.0,buy,6283.27,BTC-17MAY19-6750-C,61.59,0.0095,5.0,0,1557494294365,19357582,61
2019-05-10 13:19:28.945,0.4,sell,6285.09,BTC-17MAY19-6750-C,60.16,0.009000000000000001,0.4,2,1557494368945,19357613,62
2019-05-10 13:20:19.932,5.0,sell,6286.13,BTC-17MAY19-6750-C,60.08,0.009000000000000001,5.0,3,1557494419932,19357615,63
2019-05-10 13:35:44.575,5.0,sell,6295.61,BTC-17MAY19-6750-C,60.65,0.0095,5.0,0,1557495344575,19358040,64
2019-05-10 15:38:20.449,3.8,buy,6265.18,BTC-17MAY19-6750-C,60.86,0.0085,3.8,2,1557502700449,19365775,65
2019-05-10 15:39:13.890,32.0,buy,6264.49,BTC-17MAY19-6750-C,60.92,0.0085,32.0,3,1557502753890,19365789,66
2019-05-10 16:23:32.991,0.1,buy,6346.76,BTC-17MAY19-6750-C,59.39,0.0105,0.1,0,1557505412991,19372361,67
2019-05-10 16:38:46.474,5.0,buy,6362.99,BTC-17MAY19-6750-C,58.06,0.0105,5.0,1,1557506326474,19373593,68
2019-05-10 16:40:28.166,0.3,buy,6376.06,BTC-17MAY19-6750-C,59.29,0.0115,0.3,0,1557506428166,19374332,69
2019-05-10 16:52:19.112,1.7,buy,6422.67,BTC-17MAY19-6750-C,55.21,0.0115,1.7,1,1557507139112,19377768,70
2019-05-10 17:01:02.994,0.2,sell,6354.84,BTC-17MAY19-6750-C,61.21,0.0115,0.2,1,1557507662994,19381538,71
2019-05-10 17:42:53.410,5.9,buy,6387.92,BTC-17MAY19-6750-C,60.75,0.0125,5.9,0,1557510173410,19386332,72
2019-05-10 17:52:18.331,32.0,buy,6406.36,BTC-17MAY19-6750-C,61.36,0.0135,32.0,0,1557510738331,19386609,73
2019-05-10 17:52:18.331,2.1,buy,6406.36,BTC-17MAY19-6750-C,61.36,0.0135,2.1,1,1557510738331,19386611,75
2019-05-10 17:52:18.331,10.0,buy,6406.36,BTC-17MAY19-6750-C,61.36,0.0135,10.0,1,1557510738331,19386610,74
2019-05-10 18:19:00.444,0.5,sell,6393.63,BTC-17MAY19-6750-C,56.89,0.011000000000000001,0.5,2,1557512340444,19389020,76
2019-05-10 20:26:57.062,4.0,sell,6361.44,BTC-17MAY19-6750-C,57.67,0.01,4.0,2,1557520017062,19396927,77
2019-05-10 21:06:43.787,5.0,buy,6298.16,BTC-17MAY19-6750-C,64.45,0.0105,5.0,0,1557522403787,19407044,78
2019-05-10 21:40:34.817,0.2,buy,6331.62,BTC-17MAY19-6750-C,64.16,0.0115,0.2,0,1557524434817,19410645,79
2019-05-10 21:40:34.817,0.1,buy,6331.62,BTC-17MAY19-6750-C,65.37,0.012,0.1,0,1557524434817,19410646,80
2019-05-10 21:40:34.817,0.7000000000000001,buy,6331.62,BTC-17MAY19-6750-C,65.37,0.012,0.7000000000000001,1,1557524434817,19410647,81
2019-05-10 22:06:19.248,0.3,sell,6330.02,BTC-17MAY19-6750-C,59.41,0.0095,0.3,2,1557525979248,19411454,82
2019-05-10 22:11:40.262,0.1,buy,6331.83,BTC-17MAY19-6750-C,59.27,0.0095,0.1,3,1557526300262,19411527,83
2019-05-10 22:14:48.399,0.6,buy,6337.73,BTC-17MAY19-6750-C,58.78,0.0095,0.6,3,1557526488399,19411632,84
2019-05-11 01:05:19.477,0.2,sell,6383.24,BTC-17MAY19-6750-C,57.87,0.0105,0.2,0,1557536719477,19418817,85
2019-05-11 01:50:32.576,0.1,buy,6434.28,BTC-17MAY19-6750-C,62.57,0.0145,0.1,0,1557539432576,19422504,86
2019-05-11 01:52:14.621,1.0,buy,6442.16,BTC-17MAY19-6750-C,65.1,0.016,1.0,0,1557539534621,19422819,87
2019-05-11 02:18:07.530,5.0,buy,6482.47,BTC-17MAY19-6750-C,66.48,0.0185,5.0,0,1557541087530,19427766,88
2019-05-11 02:33:15.232,1.0,buy,6467.91,BTC-17MAY19-6750-C,66.97,0.018000000000000002,1.0,2,1557541995232,19429516,89
2019-05-11 02:35:50.931,0.1,sell,6449.2,BTC-17MAY19-6750-C,66.73,0.017,0.1,2,1557542150931,19429748,90
2019-05-11 03:17:18.284,3.0,buy,6553.42,BTC-17MAY19-6750-C,62.27,0.02,3.0,0,1557544638284,19436554,91
2019-05-11 03:17:18.284,0.2,buy,6553.42,BTC-17MAY19-6750-C,62.27,0.02,0.2,1,1557544638284,19436555,92
2019-05-11 03:33:21.650,0.2,buy,6544.53,BTC-17MAY19-6750-C,65.33,0.021,0.2,0,1557545601650,19438485,93
2019-05-11 03:44:39.935,0.4,buy,6568.14,BTC-17MAY19-6750-C,65.77,0.0225,0.4,0,1557546279935,19439315,94
2019-05-11 03:44:57.899,0.1,buy,6569.71,BTC-17MAY19-6750-C,66.6,0.023,0.1,0,1557546297899,19439346,95
2019-05-11 04:19:33.069,1.0,sell,6559.75,BTC-17MAY19-6750-C,55.66,0.017,1.0,2,1557548373069,19443432,96
2019-05-11 04:49:40.327,0.4,buy,6753.02,BTC-17MAY19-6750-C,58.58,0.0305,0.4,0,1557550180327,19453499,97
2019-05-11 04:49:41.659,0.4,buy,6753.02,BTC-17MAY19-6750-C,58.58,0.0305,0.4,1,1557550181659,19453580,98
2019-05-11 04:49:51.204,0.4,buy,6769.4,BTC-17MAY19-6750-C,56.26,0.0305,0.4,1,1557550191204,19454145,99
2019-05-11 04:49:51.357,0.3,buy,6769.4,BTC-17MAY19-6750-C,56.26,0.0305,0.3,1,1557550191357,19454154,100
2019-05-11 04:58:31.099,3.0,buy,6723.42,BTC-17MAY19-6750-C,65.56,0.032,3.0,0,1557550711099,19459941,101
2019-05-11 04:59:14.227,3.0,buy,6707.78,BTC-17MAY19-6750-C,66.67,0.0315,3.0,2,1557550754227,19460297,102
2019-05-11 05:04:01.961,0.1,sell,6672.84,BTC-17MAY19-6750-C,54.68,0.023,0.1,2,1557551041961,19463385,103
2019-05-11 05:08:51.836,0.1,buy,6685.1,BTC-17MAY19-6750-C,55.1,0.024,0.1,0,1557551331836,19464146,104
2019-05-11 05:08:52.356,2.9,buy,6685.1,BTC-17MAY19-6750-C,55.1,0.024,2.9,1,1557551332356,19464148,105
2019-05-11 05:14:37.074,0.4,buy,6682.16,BTC-17MAY19-6750-C,62.3,0.0275,0.4,0,1557551677074,19465043,106
2019-05-11 05:14:44.476,0.4,sell,6684.58,BTC-17MAY19-6750-C,61.99,0.0275,0.4,1,1557551684476,19465069,107
2019-05-11 05:14:44.503,0.2,sell,6684.58,BTC-17MAY19-6750-C,61.99,0.0275,0.2,1,1557551684503,19465071,108
2019-05-11 05:18:00.282,0.2,buy,6693.08,BTC-17MAY19-6750-C,65.76,0.03,0.2,0,1557551880282,19465418,109
2019-05-11 05:19:03.971,0.2,sell,6701.86,BTC-17MAY19-6750-C,58.8,0.027000000000000003,0.2,2,1557551943971,19465605,110
2019-05-11 05:39:07.549,9.4,buy,6694.59,BTC-17MAY19-6750-C,56.9,0.0255,9.4,2,1557553147549,19470427,111
2019-05-11 05:39:14.028,0.9,buy,6692.7,BTC-17MAY19-6750-C,57.14,0.0255,0.9,3,1557553154028,19470456,112
2019-05-11 05:40:18.821,0.8,buy,6707.25,BTC-17MAY19-6750-C,55.25,0.0255,0.8,3,1557553218821,19470596,113
2019-05-11 05:40:21.862,13.9,buy,6708.37,BTC-17MAY19-6750-C,55.11,0.0255,13.9,3,1557553221862,19470598,114
2019-05-11 06:08:16.093,0.4,buy,6794.05,BTC-17MAY19-6750-C,55.83,0.032,0.4,0,1557554896093,19478478,115
2019-05-11 06:08:17.433,0.4,buy,6795.0,BTC-17MAY19-6750-C,55.69,0.032,0.4,1,1557554897433,19478513,116
2019-05-11 06:08:19.269,0.4,buy,6797.03,BTC-17MAY19-6750-C,55.38,0.032,0.4,1,1557554899269,19478528,117
2019-05-11 06:08:25.592,5.8,buy,6800.44,BTC-17MAY19-6750-C,54.87,0.032,5.8,1,1557554905592,19478636,118
2019-05-11 06:08:28.378,0.1,buy,6805.42,BTC-17MAY19-6750-C,60.01,0.035,0.1,0,1557554908378,19478729,119
2019-05-11 06:11:40.558,1.0,buy,6837.93,BTC-17MAY19-6750-C,56.96,0.036000000000000004,1.0,0,1557555100558,19483214,120
2019-05-11 06:11:43.275,0.4,buy,6839.8,BTC-17MAY19-6750-C,56.66,0.036000000000000004,0.4,1,1557555103275,19483289,121
2019-05-11 06:11:44.408,0.4,buy,6842.05,BTC-17MAY19-6750-C,56.3,0.036000000000000004,0.4,1,1557555104408,19483302,122
2019-05-11 06:11:45.275,0.4,buy,6844.01,BTC-17MAY19-6750-C,55.98,0.036000000000000004,0.4,1,1557555105275,19483327,123
2019-05-11 06:11:56.305,7.8,buy,6848.53,BTC-17MAY19-6750-C,55.25,0.036000000000000004,7.8,1,1557555116305,19483801,124
2019-05-11 06:17:45.333,0.4,buy,6849.01,BTC-17MAY19-6750-C,59.19,0.038,0.4,0,1557555465333,19489079,125
2019-05-11 06:17:46.953,0.4,sell,6847.61,BTC-17MAY19-6750-C,61.4,0.039,0.4,0,1557555466953,19489088,126
2019-05-11 06:17:47.250,0.2,sell,6847.61,BTC-17MAY19-6750-C,61.4,0.039,0.2,1,1557555467250,19489090,127
2019-05-11 06:32:10.774,0.4,buy,6934.85,BTC-17MAY19-6750-C,62.94,0.047,0.4,0,1557556330774,19500174,128
2019-05-11 06:32:11.498,0.4,buy,6934.85,BTC-17MAY19-6750-C,62.94,0.047,0.4,1,1557556331498,19500209,129
2019-05-11 06:32:11.651,0.4,buy,6934.85,BTC-17MAY19-6750-C,62.94,0.047,0.4,1,1557556331651,19500214,130
2019-05-11 06:32:11.867,0.4,buy,6933.75,BTC-17MAY19-6750-C,63.14,0.047,0.4,1,1557556331867,19500220,131
2019-05-11 06:32:11.960,0.4,buy,6933.75,BTC-17MAY19-6750-C,63.14,0.047,0.4,1,1557556331960,19500222,132
2019-05-11 06:36:56.194,0.1,buy,6865.98,BTC-17MAY19-6750-C,58.48,0.039,0.1,2,1557556616194,19504710,133
2019-05-11 06:37:32.193,4.9,buy,6873.88,BTC-17MAY19-6750-C,57.16,0.039,4.9,3,1557556652193,19504827,134
2019-05-11 07:01:59.677,0.3,buy,6812.76,BTC-17MAY19-6750-C,61.05,0.036000000000000004,0.3,2,1557558119677,19518679,135
2019-05-11 07:04:39.841,0.3,buy,6779.07,BTC-17MAY19-6750-C,62.14,0.034,0.3,2,1557558279841,19520029,136
2019-05-11 07:11:27.070,0.3,sell,6782.97,BTC-17MAY19-6750-C,61.6,0.034,0.3,3,1557558687070,19521300,137
2019-05-11 07:34:37.044,0.1,buy,6842.45,BTC-17MAY19-6750-C,60.5,0.038,0.1,0,1557560077044,19526079,138
2019-05-11 07:42:05.856,0.4,buy,6818.69,BTC-17MAY19-6750-C,72.15,0.042,0.4,0,1557560525856,19527041,139
2019-05-11 07:47:52.006,0.4,buy,6800.26,BTC-17MAY19-6750-C,73.93,0.0415,0.4,2,1557560872006,19527828,140
2019-05-11 07:50:22.753,0.4,buy,6789.56,BTC-17MAY19-6750-C,76.49,0.042,0.4,0,1557561022753,19528425,141
2019-05-11 07:51:49.470,0.4,buy,6781.93,BTC-17MAY19-6750-C,74.66,0.0405,0.4,2,1557561109470,19528922,142
2019-05-11 08:04:01.291,0.4,buy,6808.68,BTC-17MAY19-6750-C,76.7,0.0435,0.4,0,1557561841291,19530292,143
2019-05-11 08:04:13.260,4.6000000000000005,sell,6810.57,BTC-17MAY19-6750-C,76.42,0.0435,4.6000000000000005,1,1557561853260,19530299,144
2019-05-11 08:16:50.885,5.0,buy,6771.15,BTC-17MAY19-6750-C,75.33,0.04,5.0,2,1557562610885,19532033,145
2019-05-11 08:28:37.037,0.4,sell,6766.31,BTC-17MAY19-6750-C,77.05,0.0405,0.4,0,1557563317037,19533685,146
2019-05-11 08:28:52.890,0.4,sell,6766.2,BTC-17MAY19-6750-C,75.11,0.0395,0.4,2,1557563332890,19533698,147
2019-05-11 08:36:33.884,0.2,sell,6724.06,BTC-17MAY19-6750-C,71.2,0.0345,0.2,2,1557563793884,19536376,148
2019-05-11 08:38:27.961,0.4,sell,6735.17,BTC-17MAY19-6750-C,75.56,0.0375,0.4,0,1557563907961,19536735,149
2019-05-11 08:54:19.641,0.4,sell,6713.0,BTC-17MAY19-6750-C,77.67,0.037000000000000005,0.4,2,1557564859641,19538829,150
2019-05-11 08:54:32.631,0.4,sell,6714.47,BTC-17MAY19-6750-C,77.47,0.037000000000000005,0.4,3,1557564872631,19538862,151
2019-05-11 08:54:51.824,0.4,sell,6715.37,BTC-17MAY19-6750-C,76.37,0.0365,0.4,2,1557564891824,19538882,152
2019-05-11 08:57:27.404,0.4,sell,6679.06,BTC-17MAY19-6750-C,75.3,0.0335,0.4,2,1557565047404,19540054,153
2019-05-11 08:57:37.091,0.4,sell,6682.83,BTC-17MAY19-6750-C,73.83,0.033,0.4,2,1557565057091,19540098,154
2019-05-11 08:58:56.527,0.4,sell,6686.12,BTC-17MAY19-6750-C,71.44,0.032,0.4,2,1557565136527,19540432,155
2019-05-11 08:59:14.705,0.1,buy,6679.96,BTC-17MAY19-6750-C,78.14,0.035,0.1,0,1557565154705,19540507,156
2019-05-11 09:00:03.727,2.6,sell,6677.87,BTC-17MAY19-6750-C,69.57,0.0305,2.6,2,1557565203727,19540645,157
2019-05-11 09:05:24.364,0.3,sell,6732.53,BTC-17MAY19-6750-C,78.01,0.0385,0.3,0,1557565524364,19541534,158
2019-05-11 09:36:36.930,15.0,buy,6777.17,BTC-17MAY19-6750-C,85.67,0.0455,15.0,0,1557567396930,19544529,161
2019-05-11 09:36:36.930,0.3,buy,6777.17,BTC-17MAY19-6750-C,82.71,0.044000000000000004,0.3,0,1557567396930,19544528,160
2019-05-11 09:36:36.930,0.4,buy,6777.17,BTC-17MAY19-6750-C,80.74,0.043,0.4,0,1557567396930,19544527,159
2019-05-11 09:36:39.758,0.3,sell,6777.06,BTC-17MAY19-6750-C,85.69,0.0455,0.3,1,1557567399758,19544531,162
2019-05-11 09:59:40.580,0.4,buy,6781.53,BTC-17MAY19-6750-C,86.15,0.046,0.4,0,1557568780580,19546506,163
2019-05-11 10:00:31.078,0.1,buy,6786.03,BTC-17MAY19-6750-C,87.48,0.047,0.1,0,1557568831078,19546558,164
2019-05-11 11:25:22.494,0.8,buy,6805.68,BTC-17MAY19-6750-C,91.03,0.05,0.8,1,1557573922494,19556513,166
2019-05-11 11:25:22.494,0.2,buy,6805.68,BTC-17MAY19-6750-C,91.03,0.05,0.2,0,1557573922494,19556512,165
2019-05-11 11:33:27.197,1.0,buy,6821.36,BTC-17MAY19-6750-C,84.75,0.048,1.0,2,1557574407197,19556875,167
2019-05-11 11:42:08.423,0.4,sell,6807.69,BTC-17MAY19-6750-C,87.83,0.0485,0.4,0,1557574928423,19557598,168
2019-05-11 11:56:19.267,0.4,sell,6791.15,BTC-17MAY19-6750-C,89.34,0.048,0.4,2,1557575779267,19558674,169
2019-05-11 11:56:39.988,0.4,sell,6790.93,BTC-17MAY19-6750-C,89.37,0.048,0.4,3,1557575799988,19558705,170
2019-05-11 12:06:56.748,0.4,sell,6784.73,BTC-17MAY19-6750-C,89.33,0.0475,0.4,2,1557576416748,19559567,171
2019-05-11 12:11:30.240,0.4,sell,6759.7,BTC-17MAY19-6750-C,82.0,0.042,0.4,2,1557576690240,19560914,172
2019-05-11 13:00:20.982,0.1,buy,6786.27,BTC-17MAY19-6750-C,86.39,0.046,0.1,0,1557579620982,19566239,173
2019-05-11 13:53:59.082,3.0,sell,6813.32,BTC-17MAY19-6750-C,82.65,0.046,3.0,1,1557582839082,19569364,174
2019-05-11 14:38:35.415,1.0,sell,6792.51,BTC-17MAY19-6750-C,70.87,0.0385,1.0,2,1557585515415,19573749,175
2019-05-11 14:39:37.993,4.0,sell,6776.12,BTC-17MAY19-6750-C,70.3,0.037000000000000005,4.0,2,1557585577993,19574002,176
2019-05-11 15:53:53.464,0.1,buy,6925.7,BTC-17MAY19-6750-C,73.15,0.05,0.1,0,1557590033464,19586413,177
2019-05-11 16:19:24.309,0.2,sell,7028.03,BTC-17MAY19-6750-C,83.67,0.0635,0.2,0,1557591564309,19599224,178
2019-05-11 16:50:57.694,0.5,buy,6915.53,BTC-17MAY19-6750-C,84.68,0.0545,0.5,2,1557593457694,19609445,179
2019-05-11 16:50:59.627,0.5,sell,6914.58,BTC-17MAY19-6750-C,84.84,0.0545,0.5,3,1557593459627,19609460,180
2019-05-11 16:51:02.420,2.0,sell,6919.12,BTC-17MAY19-6750-C,79.85,0.0525,2.0,2,1557593462420,19609517,181
2019-05-11 17:17:31.341,1.6,sell,6924.16,BTC-17MAY19-6750-C,79.11,0.0525,1.6,3,1557595051341,19614314,182
2019-05-11 18:14:27.616,0.4,buy,7015.05,BTC-17MAY19-6750-C,78.96,0.06,0.4,0,1557598467616,19620584,183
2019-05-11 18:15:25.545,0.6,buy,7015.86,BTC-17MAY19-6750-C,78.81,0.06,0.6,1,1557598525545,19621203,184
2019-05-11 18:39:05.883,0.3,sell,6985.69,BTC-17MAY19-6750-C,78.06,0.057,0.3,2,1557599945883,19626974,185
2019-05-11 18:52:11.516,0.2,sell,6960.33,BTC-17MAY19-6750-C,76.3,0.054000000000000006,0.2,2,1557600731516,19627754,186
2019-05-11 19:12:37.019,0.2,sell,6945.25,BTC-17MAY19-6750-C,79.15,0.054000000000000006,0.2,3,1557601957019,19630005,187
2019-05-11 19:33:45.640,0.4,sell,6910.49,BTC-17MAY19-6750-C,75.78,0.0495,0.4,2,1557603225640,19632661,188
2019-05-11 19:34:14.212,0.4,sell,6916.21,BTC-17MAY19-6750-C,75.84,0.05,0.4,0,1557603254212,19632733,189
2019-05-11 20:03:23.648,0.4,sell,6958.61,BTC-17MAY19-6750-C,75.86,0.0535,0.4,0,1557605003648,19634576,190
2019-05-11 20:13:06.130,0.4,sell,6965.53,BTC-17MAY19-6750-C,81.2,0.0565,0.4,0,1557605586130,19635239,191
2019-05-11 20:13:47.563,0.4,sell,6965.61,BTC-17MAY19-6750-C,81.19,0.0565,0.4,1,1557605627563,19635291,192
2019-05-11 20:14:14.358,0.2,sell,6965.47,BTC-17MAY19-6750-C,81.21,0.0565,0.2,1,1557605654358,19635297,193
2019-05-11 20:14:36.582,1.0,sell,6965.34,BTC-17MAY19-6750-C,80.15,0.055999999999999994,1.0,2,1557605676582,19635301,194
2019-05-11 20:17:00.244,0.4,sell,6961.25,BTC-17MAY19-6750-C,77.63,0.0545,0.4,2,1557605820244,19635549,195
2019-05-11 20:39:26.116,0.1,buy,6967.0,BTC-17MAY19-6750-C,78.86,0.0555,0.1,0,1557607166116,19637259,196
2019-05-11 21:02:16.524,0.1,sell,6959.92,BTC-17MAY19-6750-C,71.49,0.0515,0.1,2,1557608536524,19638403,197
2019-05-11 21:09:10.644,4.0,sell,6953.09,BTC-17MAY19-6750-C,71.72,0.051,4.0,2,1557608950644,19638970,198
2019-05-11 21:56:54.586,0.4,buy,7056.36,BTC-17MAY19-6750-C,83.24,0.065,0.4,0,1557611814586,19645457,199
2019-05-11 22:00:45.891,1.0,buy,7089.21,BTC-17MAY19-6750-C,83.45,0.068,1.0,0,1557612045891,19647325,200
2019-05-11 22:01:02.028,1.0,buy,7100.16,BTC-17MAY19-6750-C,82.29,0.0685,1.0,0,1557612062028,19647599,201
2019-05-11 22:23:41.758,0.1,buy,7217.0,BTC-17MAY19-6750-C,84.19,0.08,0.1,0,1557613421758,19664060,202
2019-05-11 22:41:21.527,1.0,sell,7246.43,BTC-17MAY19-6750-C,90.22,0.085,1.0,0,1557614481527,19681313,203
2019-05-11 22:45:56.344,0.4,buy,7257.2,BTC-17MAY19-6750-C,98.1,0.08900000000000001,0.4,0,1557614756344,19683624,204
2019-05-11 22:53:05.194,0.4,sell,7268.75,BTC-17MAY19-6750-C,96.71,0.0895,0.4,0,1557615185194,19687774,205
2019-05-11 22:53:54.735,4.0,sell,7266.22,BTC-17MAY19-6750-C,94.69,0.0885,4.0,2,1557615234735,19688083,206
2019-05-11 22:53:54.735,0.4,sell,7266.22,BTC-17MAY19-6750-C,93.37,0.08800000000000001,0.4,2,1557615234735,19688084,207
2019-05-11 22:54:06.418,0.4,sell,7272.47,BTC-17MAY19-6750-C,93.16,0.0885,0.4,0,1557615246418,19688207,208
2019-05-11 22:54:06.418,4.0,sell,7272.47,BTC-17MAY19-6750-C,93.16,0.0885,4.0,1,1557615246418,19688208,209
2019-05-11 22:56:08.594,0.4,sell,7280.47,BTC-17MAY19-6750-C,97.85,0.091,0.4,0,1557615368594,19689174,210
2019-05-11 22:56:34.399,0.4,sell,7278.53,BTC-17MAY19-6750-C,95.68,0.09,0.4,2,1557615394399,19689402,211
2019-05-11 22:56:34.399,3.6,sell,7278.53,BTC-17MAY19-6750-C,94.35,0.0895,3.6,2,1557615394399,19689403,212
2019-05-11 22:57:08.220,4.0,buy,7276.01,BTC-17MAY19-6750-C,93.64,0.08900000000000001,4.0,2,1557615428220,19689547,213
2019-05-11 23:07:26.379,0.4,sell,7305.23,BTC-17MAY19-6750-C,114.14,0.0995,0.4,0,1557616046379,19693288,214
2019-05-11 23:07:28.328,0.4,sell,7305.39,BTC-17MAY19-6750-C,114.1,0.0995,0.4,1,1557616048328,19693315,215
2019-05-11 23:07:29.636,0.2,sell,7304.63,BTC-17MAY19-6750-C,114.27,0.0995,0.2,1,1557616049636,19693321,216
2019-05-11 23:10:03.406,0.2,buy,7348.63,BTC-17MAY19-6750-C,105.37,0.1,0.2,0,1557616203406,19694959,217
2019-05-12 00:08:34.795,18.9,buy,7295.41,BTC-17MAY19-6750-C,97.32,0.092,18.9,2,1557619714795,19735086,218
2019-05-12 00:18:32.428,2.5,sell,7280.66,BTC-17MAY19-6750-C,106.15,0.094,2.5,0,1557620312428,19738540,219
2019-05-12 00:18:59.714,0.4,buy,7282.57,BTC-17MAY19-6750-C,112.1,0.0965,0.4,0,1557620339714,19738813,220
2019-05-12 00:24:04.189,0.1,sell,7246.95,BTC-17MAY19-6750-C,98.54,0.08800000000000001,0.1,2,1557620644189,19741317,221
2019-05-12 00:28:16.997,0.4,sell,7221.69,BTC-17MAY19-6750-C,100.53,0.0865,0.4,2,1557620896997,19742970,222
2019-05-12 00:32:43.510,0.4,buy,7058.73,BTC-17MAY19-6750-C,99.77,0.07200000000000001,0.4,2,1557621163510,19747750,223
2019-05-12 00:39:16.171,0.4,sell,6981.95,BTC-17MAY19-6750-C,88.43,0.0605,0.4,2,1557621556171,19756556,224
2019-05-12 01:09:16.603,0.4,buy,7130.97,BTC-17MAY19-6750-C,98.38,0.0775,0.4,0,1557623356603,19769835,225
2019-05-12 02:38:52.203,0.4,sell,7234.24,BTC-17MAY19-6750-C,89.31,0.083,0.4,0,1557628732203,19789184,226
2019-05-12 02:49:09.441,0.4,sell,7237.23,BTC-17MAY19-6750-C,91.3,0.084,0.4,0,1557629349441,19790574,227
2019-05-12 03:03:55.942,2.0,sell,7170.14,BTC-17MAY19-6750-C,105.4,0.0835,2.0,2,1557630235942,19793724,228
2019-05-12 03:04:45.238,1.0,buy,7177.66,BTC-17MAY19-6750-C,105.03,0.084,1.0,0,1557630285238,19793923,229
2019-05-12 03:43:24.392,0.4,buy,7148.45,BTC-17MAY19-6750-C,99.32,0.079,0.4,2,1557632604392,19799868,230
2019-05-12 03:43:30.956,0.1,sell,7146.27,BTC-17MAY19-6750-C,101.0,0.0795,0.1,0,1557632610956,19799874,231
2019-05-12 04:04:20.460,0.4,buy,7178.11,BTC-17MAY19-6750-C,105.35,0.084,0.4,0,1557633860460,19802128,232
2019-05-12 04:05:56.108,0.2,buy,7179.61,BTC-17MAY19-6750-C,105.04,0.084,0.2,1,1557633956108,19802182,233
2019-05-12 04:11:11.082,4.0,sell,7206.05,BTC-17MAY19-6750-C,95.39,0.0825,4.0,2,1557634271082,19802426,234
2019-05-12 04:11:43.820,0.4,sell,7212.5,BTC-17MAY19-6750-C,95.17,0.083,0.4,0,1557634303820,19802522,235
2019-05-12 06:10:52.195,0.1,sell,7329.0,BTC-17MAY19-6750-C,95.09,0.0935,0.1,0,1557641452195,19818659,236
2019-05-12 06:23:20.544,1.0,buy,7360.12,BTC-17MAY19-6750-C,116.59,0.10400000000000001,1.0,0,1557642200544,19820745,237
2019-05-12 06:24:27.274,2.0,buy,7383.9,BTC-17MAY19-6750-C,119.03,0.107,2.0,0,1557642267274,19820954,238
2019-05-12 07:29:27.015,0.4,buy,7524.14,BTC-17MAY19-6750-C,105.04,0.115,0.4,0,1557646167015,19836472,239
2019-05-12 07:29:33.982,0.4,buy,7527.7,BTC-17MAY19-6750-C,103.91,0.115,0.4,1,1557646173982,19836497,240
2019-05-12 07:30:45.979,2.0,sell,7516.01,BTC-17MAY19-6750-C,99.2,0.1125,2.0,2,1557646245979,19836649,241
2019-05-12 07:39:30.529,0.1,buy,7555.56,BTC-17MAY19-6750-C,108.58,0.11900000000000001,0.1,0,1557646770529,19838009,242
2019-05-12 08:08:47.169,0.2,buy,7575.3,BTC-17MAY19-6750-C,105.83,0.12,0.2,0,1557648527169,19844486,243
2019-05-12 09:08:25.423,0.2,sell,7423.55,BTC-17MAY19-6750-C,91.25,0.10099999999999999,0.2,2,1557652105423,19871530,244
2019-05-12 09:29:07.990,0.2,buy,7535.28,BTC-17MAY19-6750-C,114.0,0.1185,0.2,0,1557653347990,19877081,245
2019-05-12 09:29:14.489,0.2,buy,7532.58,BTC-17MAY19-6750-C,114.8,0.1185,0.2,1,1557653354489,19877130,246
2019-05-12 09:49:13.054,0.3,sell,7377.14,BTC-17MAY19-6750-C,83.32,0.094,0.3,2,1557654553054,19887582,247
2019-05-12 11:32:32.233,0.1,sell,7077.13,BTC-17MAY19-6750-C,83.36,0.065,0.1,2,1557660752233,19936613,248
2019-05-12 11:41:08.903,0.4,sell,7041.09,BTC-17MAY19-6750-C,94.87,0.0665,0.4,0,1557661268903,19945401,249
2019-05-12 12:14:06.126,0.4,sell,7110.64,BTC-17MAY19-6750-C,89.88,0.0705,0.4,0,1557663246126,19959252,250
2019-05-12 12:14:16.690,0.4,sell,7105.65,BTC-17MAY19-6750-C,85.92,0.0685,0.4,2,1557663256690,19959323,251
2019-05-12 12:21:21.901,1.0,buy,7049.56,BTC-17MAY19-6750-C,77.36,0.06,1.0,2,1557663681901,19962916,252
2019-05-12 12:26:21.607,0.4,sell,7102.8,BTC-17MAY19-6750-C,87.94,0.069,0.4,0,1557663981607,19964810,253
2019-05-12 12:26:51.734,0.4,buy,7104.15,BTC-17MAY19-6750-C,86.35,0.0685,0.4,2,1557664011734,19964873,254
2019-05-12 12:33:23.153,0.4,sell,7140.07,BTC-17MAY19-6750-C,82.96,0.0705,0.4,0,1557664403153,19965831,255
2019-05-12 12:34:58.743,0.4,sell,7127.36,BTC-17MAY19-6750-C,79.47,0.068,0.4,2,1557664498743,19966138,256
2019-05-12 12:35:13.517,0.4,sell,7124.79,BTC-17MAY19-6750-C,76.08,0.0665,0.4,2,1557664513517,19966151,257
2019-05-12 12:35:13.525,0.2,buy,7124.79,BTC-17MAY19-6750-C,76.08,0.0665,0.2,3,1557664513525,19966152,258
2019-05-12 12:40:01.661,0.4,sell,7089.22,BTC-17MAY19-6750-C,79.66,0.0645,0.4,2,1557664801661,19966886,259
2019-05-12 12:41:51.388,0.4,sell,7088.0,BTC-17MAY19-6750-C,78.67,0.064,0.4,2,1557664911388,19967243,260
2019-05-12 12:41:51.390,4.6000000000000005,buy,7088.0,BTC-17MAY19-6750-C,76.06,0.063,4.6000000000000005,2,1557664911390,19967244,261
2019-05-12 12:42:27.631,3.0,buy,7086.38,BTC-17MAY19-6750-C,81.63,0.065,3.0,0,1557664947631,19967266,262
2019-05-12 12:42:27.794,0.3,buy,7086.38,BTC-17MAY19-6750-C,81.63,0.065,0.3,1,1557664947794,19967270,263
2019-05-12 12:42:28.012,0.1,buy,7087.18,BTC-17MAY19-6750-C,81.44,0.065,0.1,1,1557664948012,19967275,264
2019-05-12 12:42:28.350,0.1,buy,7087.18,BTC-17MAY19-6750-C,81.44,0.065,0.1,1,1557664948350,19967281,265
2019-05-12 12:42:28.534,0.3,buy,7087.18,BTC-17MAY19-6750-C,81.44,0.065,0.3,1,1557664948534,19967282,266
2019-05-12 12:42:28.905,0.1,buy,7087.94,BTC-17MAY19-6750-C,81.26,0.065,0.1,1,1557664948905,19967284,267
2019-05-12 12:42:28.975,0.5,buy,7087.94,BTC-17MAY19-6750-C,81.26,0.065,0.5,1,1557664948975,19967285,268
2019-05-12 12:42:32.078,0.1,buy,7089.23,BTC-17MAY19-6750-C,80.96,0.065,0.1,1,1557664952078,19967293,269
2019-05-12 12:42:34.062,0.1,buy,7089.02,BTC-17MAY19-6750-C,81.01,0.065,0.1,1,1557664954062,19967299,270
2019-05-12 12:42:34.726,0.5,buy,7089.02,BTC-17MAY19-6750-C,81.01,0.065,0.5,1,1557664954726,19967313,271
2019-05-12 12:45:28.325,0.2,sell,7124.78,BTC-17MAY19-6750-C,77.49,0.067,0.2,0,1557665128325,19967726,272
2019-05-12 15:09:34.446,1.0,buy,7001.86,BTC-17MAY19-6750-C,76.58,0.055,1.0,2,1557673774446,20003551,273
2019-05-12 15:10:24.155,0.5,buy,7014.54,BTC-17MAY19-6750-C,73.75,0.055,0.5,3,1557673824155,20003707,274
2019-05-12 15:51:01.046,0.5,sell,6804.2,BTC-17MAY19-6750-C,75.35,0.038,0.5,2,1557676261046,20016815,275
2019-05-12 17:17:58.793,0.4,buy,6874.1,BTC-17MAY19-6750-C,78.17,0.0445,0.4,0,1557681478793,20038214,276
2019-05-12 17:17:59.829,0.4,buy,6874.47,BTC-17MAY19-6750-C,78.1,0.0445,0.4,1,1557681479829,20038218,277
2019-05-12 17:18:58.768,0.2,buy,6879.23,BTC-17MAY19-6750-C,77.22,0.0445,0.2,1,1557681538768,20038780,278
2019-05-12 18:31:16.297,0.4,buy,7009.42,BTC-17MAY19-6750-C,89.71,0.0605,0.4,0,1557685876297,20051462,279
2019-05-12 18:33:16.072,0.1,buy,6998.73,BTC-17MAY19-6750-C,95.61,0.062,0.1,0,1557685996072,20051883,280
2019-05-13 01:26:14.310,4.6000000000000005,buy,7048.76,BTC-17MAY19-6750-C,76.97,0.057999999999999996,4.6000000000000005,2,1557710774310,20119459,281
2019-05-13 02:33:20.476,1.0,sell,7004.86,BTC-17MAY19-6750-C,73.5,0.0525,1.0,2,1557714800476,20123341,282
2019-05-13 02:33:34.244,1.0,buy,7008.17,BTC-17MAY19-6750-C,74.02,0.053,1.0,0,1557714814244,20123357,283
2019-05-13 02:33:47.096,0.1,buy,7006.37,BTC-17MAY19-6750-C,77.1,0.054000000000000006,0.1,0,1557714827096,20123364,284
2019-05-13 02:35:09.356,0.1,buy,7000.29,BTC-17MAY19-6750-C,78.54,0.054000000000000006,0.1,1,1557714909356,20123405,285
2019-05-13 02:35:52.047,0.3,buy,7003.64,BTC-17MAY19-6750-C,79.06,0.0545,0.3,0,1557714952047,20123433,286
2019-05-13 02:45:33.674,0.5,buy,7025.74,BTC-17MAY19-6750-C,80.46,0.057,0.5,0,1557715533674,20124607,287
2019-05-13 02:45:53.018,0.5,buy,7024.92,BTC-17MAY19-6750-C,80.66,0.057,0.5,1,1557715553018,20124611,288
2019-05-13 02:46:01.011,0.5,buy,7026.05,BTC-17MAY19-6750-C,80.39,0.057,0.5,1,1557715561011,20124614,289
2019-05-13 02:49:30.149,1.0,buy,7043.43,BTC-17MAY19-6750-C,78.83,0.057999999999999996,1.0,0,1557715770149,20124758,290
2019-05-13 15:08:37.046,4.0,buy,7636.04,BTC-17MAY19-6750-C,112.49,0.1235,4.0,0,1557760117046,20208174,291
2019-05-13 15:13:28.445,1.0,sell,7825.62,BTC-17MAY19-6750-C,142.96,0.14800000000000002,1.0,0,1557760408445,20217687,292
2019-05-13 15:15:53.188,1.0,sell,7834.25,BTC-17MAY19-6750-C,0.0,0.1275,1.0,2,1557760553188,20223020,293
2019-05-13 15:15:53.188,0.5,sell,7834.25,BTC-17MAY19-6750-C,0.0,0.03,0.5,2,1557760553188,20223021,294
2019-05-13 15:25:43.274,4.0,sell,7797.77,BTC-17MAY19-6750-C,109.98,0.139,4.0,0,1557761143274,20232956,295
2019-05-13 15:28:41.563,4.0,sell,7832.55,BTC-17MAY19-6750-C,106.94,0.142,4.0,0,1557761321563,20234597,296
2019-05-13 16:06:30.880,1.0,sell,7942.42,BTC-17MAY19-6750-C,157.37,0.1615,1.0,0,1557763590880,20251310,297
2019-05-13 16:07:37.921,8.0,sell,7923.25,BTC-17MAY19-6750-C,141.48,0.1565,8.0,2,1557763657921,20252253,298
2019-05-13 16:07:52.636,5.0,sell,7900.98,BTC-17MAY19-6750-C,131.18,0.1525,5.0,2,1557763672636,20252433,299
2019-05-13 16:36:10.969,0.4,sell,7881.11,BTC-17MAY19-6750-C,153.1,0.155,0.4,0,1557765370969,20262942,300
2019-05-13 16:41:01.124,0.2,buy,7897.64,BTC-17MAY19-6750-C,124.74,0.151,0.2,2,1557765661124,20263863,301
2019-05-13 16:41:02.823,0.2,buy,7898.23,BTC-17MAY19-6750-C,124.4,0.151,0.2,3,1557765662823,20263876,302
2019-05-13 16:41:02.837,0.2,buy,7898.23,BTC-17MAY19-6750-C,124.4,0.151,0.2,3,1557765662837,20263878,303
2019-05-13 16:41:02.892,0.2,buy,7898.23,BTC-17MAY19-6750-C,124.4,0.151,0.2,3,1557765662892,20263882,304
2019-05-13 16:41:03.064,0.2,buy,7898.23,BTC-17MAY19-6750-C,124.4,0.151,0.2,3,1557765663064,20263885,305
2019-05-13 16:41:38.933,0.2,buy,7919.84,BTC-17MAY19-6750-C,130.01,0.154,0.2,0,1557765698933,20264178,306
2019-05-13 16:42:54.543,0.2,buy,7937.94,BTC-17MAY19-6750-C,119.09,0.154,0.2,1,1557765774543,20264571,307
2019-05-13 16:42:54.545,0.6,buy,7937.94,BTC-17MAY19-6750-C,119.09,0.154,0.6,1,1557765774545,20264572,308
2019-05-13 19:15:08.732,0.5,buy,7827.13,BTC-17MAY19-6750-C,97.74,0.14,0.5,2,1557774908732,20295877,309
2019-05-13 19:34:11.004,0.3,sell,7874.88,BTC-17MAY19-6750-C,127.91,0.149,0.3,0,1557776051004,20297755,310
2019-05-13 20:04:12.224,4.0,buy,7825.63,BTC-17MAY19-6750-C,117.76,0.1425,4.0,2,1557777852224,20303423,311
2019-05-13 21:15:57.584,1.0,buy,7992.51,BTC-17MAY19-6750-C,159.97,0.1655,1.0,0,1557782157584,20312682,312
2019-05-13 21:19:27.095,0.3,sell,7871.92,BTC-17MAY19-6750-C,124.91,0.14800000000000002,0.3,2,1557782367095,20315149,313
2019-05-13 21:19:44.314,0.3,sell,7885.86,BTC-17MAY19-6750-C,131.94,0.1505,0.3,0,1557782384314,20315401,314
2019-05-13 21:29:56.820,0.3,buy,8053.85,BTC-17MAY19-6750-C,157.67,0.1705,0.3,0,1557782996820,20319674,315
2019-05-13 21:31:34.372,0.3,buy,8062.19,BTC-17MAY19-6750-C,159.1,0.1715,0.3,0,1557783094372,20320200,316
2019-05-13 21:32:06.702,0.3,sell,8074.72,BTC-17MAY19-6750-C,152.72,0.1715,0.3,1,1557783126702,20320535,317
2019-05-13 21:32:44.102,1.0,buy,8105.95,BTC-17MAY19-6750-C,156.81,0.175,1.0,0,1557783164102,20321236,318
2019-05-13 21:33:07.045,0.9,buy,8125.52,BTC-17MAY19-6750-C,145.76,0.175,0.9,1,1557783187045,20321797,319
2019-05-13 21:33:09.072,0.1,sell,8127.36,BTC-17MAY19-6750-C,181.6,0.1815,0.1,0,1557783189072,20321852,320
2019-05-13 21:34:08.036,0.3,sell,8156.68,BTC-17MAY19-6750-C,122.41,0.175,0.3,2,1557783248036,20322836,321
2019-05-13 23:15:38.729,0.3,buy,7737.67,BTC-17MAY19-6750-C,136.32,0.13699999999999998,0.3,2,1557789338729,20359203,322
2019-05-13 23:15:38.789,0.3,buy,7737.67,BTC-17MAY19-6750-C,136.32,0.13699999999999998,0.3,3,1557789338789,20359207,323
2019-05-13 23:32:27.914,2.0,buy,7820.47,BTC-17MAY19-6750-C,168.05,0.1515,2.0,0,1557790347914,20365152,324
2019-05-13 23:32:27.916,2.0,sell,7820.47,BTC-17MAY19-6750-C,168.05,0.1515,2.0,1,1557790347916,20365153,325
2019-05-14 01:59:26.544,0.1,buy,7994.87,BTC-17MAY19-6750-C,176.28,0.168,0.1,0,1557799166544,20395659,326
2019-05-14 02:00:50.568,0.4,sell,7975.26,BTC-17MAY19-6750-C,154.26,0.162,0.4,2,1557799250568,20395810,327
2019-05-14 07:36:42.007,0.3,sell,8211.03,BTC-17MAY19-6750-C,193.2,0.1885,0.3,0,1557819402007,20450171,328
2019-05-14 07:36:42.029,0.7000000000000001,sell,8211.03,BTC-17MAY19-6750-C,193.2,0.1885,0.7000000000000001,1,1557819402029,20450172,329
2019-05-14 07:57:56.476,0.2,sell,8296.84,BTC-17MAY19-6750-C,151.05,0.19,0.2,0,1557820676476,20458967,330
2019-05-14 07:58:25.979,0.3,buy,8312.15,BTC-17MAY19-6750-C,208.11,0.1995,0.3,0,1557820705979,20459246,331
2019-05-14 15:58:27.094,0.4,buy,7966.31,BTC-17MAY19-6750-C,159.5,0.1595,0.4,2,1557849507094,20544608,332
2019-05-14 18:41:54.251,1.0,buy,7884.57,BTC-17MAY19-6750-C,116.27,0.146,1.0,2,1557859314251,20585300,333
2019-05-14 21:01:49.320,1.0,buy,7687.95,BTC-17MAY19-6750-C,119.92,0.126,1.0,2,1557867709320,20615751,334
2019-05-14 23:46:27.546,0.1,buy,8012.93,BTC-17MAY19-6750-C,135.06,0.16,0.1,0,1557877587546,20638469,335
2019-05-15 08:11:47.535,0.1,buy,7912.38,BTC-17MAY19-6750-C,145.94,0.15,0.1,2,1557907907535,20681995,336
2019-05-16 00:52:55.429,1.0,sell,8357.9,BTC-17MAY19-6750-C,274.78,0.19899999999999998,1.0,0,1557967975429,20817251,337
2019-05-16 05:00:31.077,0.4,buy,7967.48,BTC-17MAY19-6750-C,176.8,0.1545,0.4,2,1557982831077,20864097,338
2019-05-16 05:04:47.316,0.2,sell,7968.87,BTC-17MAY19-6750-C,0.0,0.1525,0.2,2,1557983087316,20865051,339
2019-05-16 16:39:15.689,0.1,sell,7928.67,BTC-17MAY19-6750-C,264.86,0.152,0.1,2,1558024755689,20952670,340
2019-05-16 16:39:25.509,0.1,sell,7917.4,BTC-17MAY19-6750-C,266.89,0.151,0.1,2,1558024765509,20952794,341
2019-05-16 16:39:26.803,0.3,sell,7916.93,BTC-17MAY19-6750-C,248.41,0.15,0.3,2,1558024766803,20952813,342
2019-05-16 16:40:20.785,0.1,sell,7920.48,BTC-17MAY19-6750-C,261.42,0.151,0.1,0,1558024820785,20953097,343
2019-05-16 16:40:35.424,0.2,buy,7916.75,BTC-17MAY19-6750-C,268.33,0.151,0.2,1,1558024835424,20953125,344
2019-05-16 16:56:01.588,0.2,buy,7934.16,BTC-17MAY19-6750-C,284.41,0.1535,0.2,0,1558025761588,20954675,345
2019-05-16 16:58:47.096,0.2,buy,7928.38,BTC-17MAY19-6750-C,293.97,0.1535,0.2,1,1558025927096,20954969,346
2019-05-16 21:53:06.638,0.1,buy,7942.79,BTC-17MAY19-6750-C,0.0,0.15,0.1,2,1558043586638,20989999,347
