date_utc,amount,direction,indexPrice,instrument,iv,price,quantity,tickDirection,timeStamp,tradeId,tradeSeq
2019-02-15 15:10:45.910,1.0,buy,3561.42,BTC-28JUN19-6000-P,44.59,0.7065,1.0,0,1550243445910,15397888,104
2019-02-16 22:15:15.363,0.3,buy,3594.43,BTC-28JUN19-6000-P,66.54,0.7055,0.3,2,1550355315363,15423163,105
2019-02-16 22:32:06.032,0.4,sell,3593.47,BTC-28JUN19-6000-P,44.86,0.687,0.4,2,1550356326032,15423316,106
2019-02-16 22:32:13.298,0.4,buy,3593.47,BTC-28JUN19-6000-P,44.87,0.687,0.4,3,1550356333298,15423317,107
2019-02-16 22:36:33.565,0.4,sell,3592.9,BTC-28JUN19-6000-P,44.72,0.6875,0.4,0,1550356593565,15423388,108
2019-02-16 22:36:34.797,0.4,buy,3592.77,BTC-28JUN19-6000-P,44.68,0.6875,0.4,1,1550356594797,15423390,109
2019-02-16 22:38:51.081,0.4,sell,3591.61,BTC-28JUN19-6000-P,44.46,0.6865,0.4,2,1550356731081,15423427,110
2019-02-16 22:39:04.615,0.4,buy,3591.57,BTC-28JUN19-6000-P,44.57,0.6865,0.4,3,1550356744615,15423432,111
2019-02-16 22:39:34.262,0.4,buy,3591.58,BTC-28JUN19-6000-P,44.83,0.6865,0.4,3,1550356774262,15423436,112
2019-02-16 22:40:01.827,0.4,buy,3591.56,BTC-28JUN19-6000-P,44.6,0.6865,0.4,3,1550356801827,15423442,113
2019-02-16 22:40:37.263,0.1,buy,3591.28,BTC-28JUN19-6000-P,44.95,0.6865,0.1,3,1550356837263,15423461,114
2019-02-18 18:36:24.424,0.3,buy,3889.59,BTC-28JUN19-6000-P,64.29,0.5760000000000001,0.3,2,1550514984424,15573591,115
2019-02-18 18:39:33.332,1.0,sell,3886.14,BTC-28JUN19-6000-P,62.0,0.575,1.0,2,1550515173332,15573671,116
2019-02-19 13:43:21.174,1.0,sell,3928.44,BTC-28JUN19-6000-P,65.62,0.56,1.0,2,1550583801174,15631036,117
2019-02-21 08:14:42.204,1.0,sell,3923.32,BTC-28JUN19-6000-P,61.92,0.555,1.0,2,1550736882204,15731665,118
2019-02-24 14:15:15.120,1.0,buy,3818.63,BTC-28JUN19-6000-P,57.05,0.598,1.0,0,1551017715120,15898579,119
2019-03-10 10:40:16.870,0.1,sell,3887.01,BTC-28JUN19-6000-P,48.7,0.56,0.1,2,1552214416870,16459822,120
2019-03-17 03:51:13.825,0.5,buy,3955.88,BTC-28JUN19-6000-P,67.0,0.5475,0.5,2,1552794673825,16655978,121
2019-03-19 06:49:17.594,0.5,sell,3961.71,BTC-28JUN19-6000-P,41.5,0.522,0.5,2,1552978157594,16700033,122
2019-03-21 01:53:37.704,0.5,buy,4024.5,BTC-28JUN19-6000-P,50.26,0.5095,0.5,2,1553133217704,16747635,123
2019-03-29 14:09:42.610,0.2,sell,4075.92,BTC-28JUN19-6000-P,45.9,0.4835,0.2,2,1553868582610,16958650,124
2019-04-02 04:32:34.008,1.0,sell,4215.86,BTC-28JUN19-6000-P,59.1,0.451,1.0,2,1554179554008,17019787,125
2019-04-08 06:06:17.248,2.3000000000000003,buy,5285.08,BTC-28JUN19-6000-P,65.61,0.204,2.3000000000000003,2,1554703577248,17514790,126
2019-04-24 07:48:37.633,0.1,buy,5459.5,BTC-28JUN19-6000-P,57.32,0.161,0.1,2,1556092117633,18152883,127
2019-04-24 15:26:27.657,0.1,buy,5471.57,BTC-28JUN19-6000-P,61.3,0.1665,0.1,0,1556119587657,18180341,128
2019-04-25 21:47:58.497,0.1,buy,5413.1,BTC-28JUN19-6000-P,56.53,0.1675,0.1,0,1556228878497,18234576,129
2019-04-26 08:34:10.626,3.0,buy,5181.07,BTC-28JUN19-6000-P,52.8,0.198,3.0,0,1556267650626,18320125,130
2019-04-26 08:34:22.975,3.0,buy,5181.46,BTC-28JUN19-6000-P,54.28,0.2,3.0,0,1556267662975,18320147,131
2019-05-03 07:43:49.256,0.1,buy,5577.73,BTC-28JUN19-6000-P,58.26,0.1435,0.1,2,1556869429256,18613754,132
2019-05-03 07:43:50.532,0.1,buy,5578.36,BTC-28JUN19-6000-P,58.01,0.14300000000000002,0.1,2,1556869430532,18613755,133
2019-05-03 08:19:35.301,0.5,buy,5574.39,BTC-28JUN19-6000-P,61.42,0.1475,0.5,0,1556871575301,18618930,134
2019-05-03 10:52:29.127,1.0,buy,5703.24,BTC-28JUN19-6000-P,60.64,0.1285,1.0,2,1556880749127,18664067,135
2019-05-03 10:57:05.082,0.2,buy,5675.78,BTC-28JUN19-6000-P,61.31,0.1325,0.2,0,1556881025082,18665893,136
2019-05-03 15:04:46.480,0.2,buy,5702.69,BTC-28JUN19-6000-P,60.85,0.1285,0.2,2,1556895886480,18687638,137
2019-05-04 00:30:26.585,1.1,sell,5733.11,BTC-28JUN19-6000-P,60.65,0.12300000000000001,1.1,2,1556929826585,18725893,138
2019-05-04 00:31:36.933,0.5,sell,5748.05,BTC-28JUN19-6000-P,60.81,0.122,0.5,2,1556929896933,18726492,139
2019-05-04 02:04:37.130,0.1,buy,5748.04,BTC-28JUN19-6000-P,58.51,0.11800000000000001,0.1,2,1556935477130,18737055,140
2019-05-07 10:07:42.499,0.5,buy,5915.89,BTC-28JUN19-6000-P,62.98,0.10400000000000001,0.5,2,1557223662499,19037113,141
2019-05-07 13:50:02.318,0.1,buy,5919.45,BTC-28JUN19-6000-P,64.14,0.105,0.1,0,1557237002318,19044803,142
2019-05-07 14:00:28.511,0.2,buy,5950.85,BTC-28JUN19-6000-P,64.29,0.102,0.2,2,1557237628511,19045573,143
2019-05-07 22:20:05.111,0.5,buy,5864.3,BTC-28JUN19-6000-P,63.09,0.109,0.5,0,1557267605111,19083148,144
2019-05-07 22:20:06.298,0.5,buy,5864.39,BTC-28JUN19-6000-P,63.1,0.109,0.5,1,1557267606298,19083150,145
2019-05-07 23:36:07.474,0.5,buy,5898.05,BTC-28JUN19-6000-P,63.04,0.1055,0.5,2,1557272167474,19085126,146
2019-05-08 05:20:10.324,0.5,buy,5794.09,BTC-28JUN19-6000-P,65.12,0.122,0.5,0,1557292810324,19131039,147
2019-05-08 14:48:41.135,0.8,sell,5858.05,BTC-28JUN19-6000-P,61.5,0.1105,0.8,2,1557326921135,19150813,148
2019-05-08 15:22:36.246,1.0,sell,5868.43,BTC-28JUN19-6000-P,62.29,0.1105,1.0,3,1557328956246,19152160,149
2019-05-08 16:26:47.541,0.5,sell,5878.47,BTC-28JUN19-6000-P,61.16,0.1075,0.5,2,1557332807541,19158691,150
2019-05-08 18:56:40.082,5.0,sell,5883.73,BTC-28JUN19-6000-P,61.35,0.10800000000000001,5.0,0,1557341800082,19164893,151
2019-05-08 20:00:01.643,0.5,sell,5902.15,BTC-28JUN19-6000-P,61.91,0.107,0.5,2,1557345601643,19167685,152
2019-05-08 20:00:01.643,0.5,sell,5902.15,BTC-28JUN19-6000-P,61.57,0.1065,0.5,2,1557345601643,19167686,153
2019-05-08 22:32:28.602,0.4,sell,5918.87,BTC-28JUN19-6000-P,61.81,0.1045,0.4,2,1557354748602,19173706,154
2019-05-08 23:53:11.758,8.0,buy,5943.41,BTC-28JUN19-6000-P,62.03,0.1025,8.0,2,1557359591758,19191249,155
2019-05-09 03:20:34.515,0.2,buy,6039.07,BTC-28JUN19-6000-P,65.44,0.0975,0.2,2,1557372034515,19218238,156
2019-05-09 03:20:45.624,0.2,buy,6040.38,BTC-28JUN19-6000-P,65.53,0.0975,0.2,3,1557372045624,19218239,157
2019-05-09 03:21:08.005,0.2,sell,6040.27,BTC-28JUN19-6000-P,61.09,0.091,0.2,2,1557372068005,19218252,158
2019-05-09 05:15:30.241,0.2,buy,6070.52,BTC-28JUN19-6000-P,64.29,0.09300000000000001,0.2,0,1557378930241,19222051,159
2019-05-09 06:24:36.756,1.0,sell,6056.45,BTC-28JUN19-6000-P,60.63,0.0895,1.0,2,1557383076756,19225106,160
2019-05-09 09:02:13.425,2.0,buy,6044.17,BTC-28JUN19-6000-P,65.14,0.098,2.0,0,1557392533425,19229413,161
2019-05-09 09:36:21.037,1.0,sell,6037.7,BTC-28JUN19-6000-P,61.04,0.092,1.0,2,1557394581037,19232820,162
2019-05-09 20:03:07.820,1.0,sell,6051.0,BTC-28JUN19-6000-P,64.17,0.0955,1.0,0,1557432187820,19261201,163
2019-05-10 01:47:36.238,0.1,sell,6137.25,BTC-28JUN19-6000-P,62.49,0.0875,0.1,2,1557452856238,19286270,164
2019-05-10 03:25:57.494,1.0,sell,6295.97,BTC-28JUN19-6000-P,60.72,0.071,1.0,2,1557458757494,19306716,165
2019-05-10 05:34:31.541,2.4,buy,6273.36,BTC-28JUN19-6000-P,63.36,0.0775,2.4,0,1557466471541,19324757,166
2019-05-10 10:52:31.874,0.1,buy,6285.83,BTC-28JUN19-6000-P,65.0,0.0795,0.1,0,1557485551874,19349691,167
2019-05-10 16:56:47.150,1.0,sell,6380.42,BTC-28JUN19-6000-P,61.18,0.0655,1.0,2,1557507407150,19380695,168
2019-05-11 04:02:41.821,0.2,sell,6572.45,BTC-28JUN19-6000-P,62.81,0.055,0.2,2,1557547361821,19441906,169
2019-05-11 05:38:54.347,0.5,buy,6692.39,BTC-28JUN19-6000-P,66.03,0.0515,0.5,2,1557553134347,19470376,170
2019-05-11 05:39:50.345,0.5,buy,6699.17,BTC-28JUN19-6000-P,66.44,0.0515,0.5,3,1557553190345,19470565,171
2019-05-11 05:50:06.146,0.5,buy,6735.68,BTC-28JUN19-6000-P,67.26,0.051,0.5,2,1557553806146,19473815,172
2019-05-11 06:02:30.400,0.5,buy,6731.81,BTC-28JUN19-6000-P,66.81,0.051,0.5,3,1557554550400,19476330,173
2019-05-11 06:15:00.145,1.0,sell,6845.89,BTC-28JUN19-6000-P,66.51,0.0455,1.0,2,1557555300145,19487244,174
2019-05-11 07:31:33.517,1.0,buy,6853.29,BTC-28JUN19-6000-P,67.47,0.046,1.0,0,1557559893517,19525498,175
2019-05-11 08:32:24.642,1.0,buy,6726.67,BTC-28JUN19-6000-P,67.56,0.051,1.0,0,1557563544642,19534606,176
2019-05-11 08:56:51.726,1.0,buy,6669.63,BTC-28JUN19-6000-P,67.06,0.0535,1.0,0,1557565011726,19539707,177
2019-05-11 09:27:12.672,1.1,buy,6742.2,BTC-28JUN19-6000-P,64.36,0.0465,1.1,2,1557566832672,19543802,178
2019-05-11 09:27:14.698,1.1,buy,6742.3,BTC-28JUN19-6000-P,64.37,0.0465,1.1,3,1557566834698,19543807,179
2019-05-11 09:27:16.727,1.1,buy,6742.51,BTC-28JUN19-6000-P,64.38,0.0465,1.1,3,1557566836727,19543823,180
2019-05-11 09:27:18.746,1.1,buy,6742.54,BTC-28JUN19-6000-P,64.39,0.0465,1.1,3,1557566838746,19543828,181
2019-05-11 09:27:20.764,0.6,buy,6742.73,BTC-28JUN19-6000-P,64.43,0.0465,0.6,3,1557566840764,19543836,182
2019-05-11 09:28:54.595,3.0,sell,6740.4,BTC-28JUN19-6000-P,64.35,0.0465,3.0,3,1557566934595,19543930,183
2019-05-11 09:30:37.593,4.0,sell,6750.15,BTC-28JUN19-6000-P,63.98,0.0455,4.0,2,1557567037593,19544073,184
2019-05-11 09:44:51.126,1.0,sell,6794.21,BTC-28JUN19-6000-P,63.69,0.0435,1.0,2,1557567891126,19545365,185
2019-05-11 09:45:57.641,5.0,sell,6803.41,BTC-28JUN19-6000-P,63.67,0.043,5.0,2,1557567957641,19545399,186
2019-05-11 09:46:07.819,1.0,sell,6803.81,BTC-28JUN19-6000-P,63.29,0.0425,1.0,2,1557567967819,19545457,187
2019-05-11 10:24:58.785,1.5,buy,6819.89,BTC-28JUN19-6000-P,68.39,0.0475,1.5,0,1557570298785,19550244,188
2019-05-11 10:42:03.872,0.1,buy,6809.84,BTC-28JUN19-6000-P,70.96,0.0515,0.1,0,1557571323872,19552106,189
2019-05-11 10:58:19.045,4.9,buy,6840.98,BTC-28JUN19-6000-P,72.36,0.0515,4.9,1,1557572299045,19554018,190
2019-05-11 10:58:49.605,5.0,buy,6841.25,BTC-28JUN19-6000-P,73.24,0.0525,5.0,0,1557572329605,19554043,191
2019-05-11 11:59:07.572,0.2,buy,6784.69,BTC-28JUN19-6000-P,83.32,0.0675,0.2,0,1557575947572,19558943,192
2019-05-11 13:19:22.958,1.7,sell,6798.72,BTC-28JUN19-6000-P,76.67,0.0575,1.7,2,1557580762958,19567366,193
2019-05-11 13:37:37.870,1.0,sell,6802.7,BTC-28JUN19-6000-P,74.6,0.055,1.0,2,1557581857870,19568439,194
2019-05-11 14:36:13.281,2.0,sell,6785.12,BTC-28JUN19-6000-P,73.23,0.054000000000000006,2.0,2,1557585373281,19573564,195
2019-05-11 14:37:18.277,2.0,sell,6788.78,BTC-28JUN19-6000-P,73.05,0.0535,2.0,2,1557585438277,19573580,196
2019-05-11 14:38:45.426,0.1,buy,6793.83,BTC-28JUN19-6000-P,73.78,0.054000000000000006,0.1,0,1557585525426,19573752,197
2019-05-11 14:39:37.543,1.9,buy,6778.84,BTC-28JUN19-6000-P,73.13,0.054000000000000006,1.9,1,1557585577543,19574000,198
2019-05-11 15:47:28.197,1.0,buy,6879.27,BTC-28JUN19-6000-P,74.34,0.0505,1.0,2,1557589648197,19584162,199
2019-05-11 16:09:33.691,1.0,sell,6937.61,BTC-28JUN19-6000-P,73.44,0.0465,1.0,2,1557590973691,19593373,200
2019-05-11 16:10:54.670,0.2,buy,6955.96,BTC-28JUN19-6000-P,74.62,0.047,0.2,0,1557591054670,19593874,201
2019-05-11 17:22:32.675,5.0,sell,6955.34,BTC-28JUN19-6000-P,75.24,0.0475,5.0,0,1557595352675,19615049,202
2019-05-11 17:30:35.725,1.0,sell,6959.16,BTC-28JUN19-6000-P,73.67,0.0455,1.0,2,1557595835725,19615751,203
2019-05-11 17:47:28.203,0.1,sell,6972.74,BTC-28JUN19-6000-P,76.85,0.0485,0.1,0,1557596848203,19616946,204
2019-05-11 17:58:06.421,1.0,sell,6967.69,BTC-28JUN19-6000-P,75.22,0.0465,1.0,2,1557597486421,19618063,205
2019-05-11 21:02:59.982,1.0,buy,6963.43,BTC-28JUN19-6000-P,73.87,0.0455,1.0,2,1557608579982,19638497,206
2019-05-11 21:07:23.433,1.0,sell,6955.89,BTC-28JUN19-6000-P,73.1,0.045,1.0,2,1557608843433,19638907,207
2019-05-11 21:26:25.306,1.0,sell,6941.19,BTC-28JUN19-6000-P,72.23,0.0445,1.0,2,1557609985306,19639530,208
2019-05-11 21:46:45.891,1.0,sell,7003.56,BTC-28JUN19-6000-P,74.22,0.044000000000000004,1.0,2,1557611205891,19641695,209
2019-05-11 21:47:56.825,1.0,sell,7025.0,BTC-28JUN19-6000-P,74.22,0.043,1.0,2,1557611276825,19642251,210
2019-05-11 21:58:59.873,1.0,sell,7076.91,BTC-28JUN19-6000-P,74.22,0.040999999999999995,1.0,2,1557611939873,19646407,211
2019-05-12 00:48:00.903,0.1,sell,7091.7,BTC-28JUN19-6000-P,85.09,0.0525,0.1,0,1557622080903,19762564,212
2019-05-12 02:12:19.676,0.1,sell,7234.61,BTC-28JUN19-6000-P,88.82,0.0515,0.1,2,1557627139676,19785539,213
2019-05-12 02:12:24.413,0.1,sell,7234.89,BTC-28JUN19-6000-P,87.91,0.0505,0.1,2,1557627144413,19785544,214
2019-05-12 02:14:58.432,0.1,sell,7229.98,BTC-28JUN19-6000-P,87.14,0.0495,0.1,2,1557627298432,19786031,215
2019-05-12 02:21:58.108,0.1,sell,7230.79,BTC-28JUN19-6000-P,86.13,0.0485,0.1,2,1557627718108,19786955,216
2019-05-12 02:24:53.487,0.1,sell,7253.57,BTC-28JUN19-6000-P,85.69,0.0475,0.1,2,1557627893487,19787309,217
2019-05-12 02:25:11.379,0.1,sell,7259.31,BTC-28JUN19-6000-P,85.08,0.0465,0.1,2,1557627911379,19787397,218
2019-05-12 02:26:36.502,0.1,sell,7252.99,BTC-28JUN19-6000-P,84.01,0.0455,0.1,2,1557627996502,19787586,219
2019-05-12 03:33:41.101,0.1,buy,7196.83,BTC-28JUN19-6000-P,86.73,0.0505,0.1,0,1557632021101,19798129,220
2019-05-12 07:23:08.792,0.1,sell,7543.08,BTC-28JUN19-6000-P,90.03,0.042,0.1,2,1557645788792,19834876,221
2019-05-12 07:59:49.554,0.1,sell,7527.52,BTC-28JUN19-6000-P,88.47,0.040999999999999995,0.1,2,1557647989554,19842013,222
2019-05-12 07:59:49.554,0.1,sell,7527.52,BTC-28JUN19-6000-P,87.97,0.0405,0.1,2,1557647989554,19842014,223
2019-05-12 08:06:50.905,1.0,sell,7573.94,BTC-28JUN19-6000-P,88.65,0.04,1.0,2,1557648410905,19844183,224
2019-05-12 08:14:01.587,0.9,buy,7337.72,BTC-28JUN19-6000-P,90.15,0.0495,0.9,0,1557648841587,19851661,225
2019-05-12 08:14:01.587,0.1,buy,7337.72,BTC-28JUN19-6000-P,92.01,0.0515,0.1,0,1557648841587,19851662,226
2019-05-12 08:15:51.882,1.0,buy,7386.91,BTC-28JUN19-6000-P,91.09,0.0485,1.0,2,1557648951882,19853072,227
2019-05-12 17:00:20.021,1.0,buy,6835.98,BTC-28JUN19-6000-P,78.18,0.0545,1.0,1,1557680420021,20033989,230
2019-05-12 17:00:20.021,3.0,buy,6835.98,BTC-28JUN19-6000-P,77.33,0.0535,3.0,0,1557680420021,20033987,228
2019-05-12 17:00:20.021,0.1,buy,6835.98,BTC-28JUN19-6000-P,78.18,0.0545,0.1,0,1557680420021,20033988,229
2019-05-12 17:32:59.731,0.2,sell,6921.8,BTC-28JUN19-6000-P,72.92,0.045,0.2,2,1557682379731,20041448,231
2019-05-12 20:33:15.132,0.1,sell,7114.32,BTC-28JUN19-6000-P,73.31,0.038,0.1,2,1557693195132,20073288,232
2019-05-12 22:35:24.093,4.0,buy,6942.07,BTC-28JUN19-6000-P,80.42,0.053,4.0,0,1557700524093,20097080,233
2019-05-13 09:10:57.712,1.0,sell,7084.65,BTC-28JUN19-6000-P,79.96,0.046,1.0,2,1557738657712,20147324,234
2019-05-13 09:36:30.558,1.0,sell,7109.07,BTC-28JUN19-6000-P,80.19,0.045,1.0,2,1557740190558,20149392,235
2019-05-13 11:21:18.826,0.2,sell,7129.47,BTC-28JUN19-6000-P,80.38,0.0445,0.2,2,1557746478826,20155383,236
2019-05-13 11:25:09.893,1.0,sell,7141.85,BTC-28JUN19-6000-P,80.18,0.044,1.0,2,1557746709893,20156008,237
2019-05-13 11:28:54.605,1.0,sell,7176.37,BTC-28JUN19-6000-P,80.44,0.043,1.0,2,1557746934605,20157176,238
2019-05-13 11:30:31.265,1.0,sell,7212.81,BTC-28JUN19-6000-P,80.68,0.042,1.0,2,1557747031265,20158426,239
2019-05-13 12:07:59.834,1.0,buy,7290.86,BTC-28JUN19-6000-P,81.83,0.04,1.0,2,1557749279834,20168651,240
2019-05-13 12:10:29.284,1.5,sell,7297.97,BTC-28JUN19-6000-P,80.1,0.038,1.5,2,1557749429284,20168966,241
2019-05-13 12:20:55.605,3.6,sell,7298.91,BTC-28JUN19-6000-P,80.12,0.038,3.6,3,1557750055605,20170690,242
2019-05-13 12:21:39.014,1.0,sell,7334.32,BTC-28JUN19-6000-P,76.79,0.0335,1.0,2,1557750099014,20171314,243
2019-05-13 13:33:12.143,0.1,buy,7361.0,BTC-28JUN19-6000-P,83.09,0.039,0.1,0,1557754392143,20184710,244
2019-05-13 13:48:12.185,5.0,sell,7429.69,BTC-28JUN19-6000-P,79.34,0.033,5.0,2,1557755292185,20186739,245
2019-05-13 15:04:19.342,1.0,sell,7496.1,BTC-28JUN19-6000-P,78.91,0.0305,1.0,2,1557759859342,20204925,246
2019-05-13 15:08:46.386,1.0,sell,7668.99,BTC-28JUN19-6000-P,84.22,0.03,1.0,2,1557760126386,20208781,247
2019-05-13 15:11:40.734,0.1,sell,7737.78,BTC-28JUN19-6000-P,84.44,0.0285,0.1,2,1557760300734,20213482,248
2019-05-13 15:23:32.769,2.0,sell,7795.11,BTC-28JUN19-6000-P,80.09,0.0235,2.0,2,1557761012769,20231514,249
2019-05-13 15:27:23.427,1.0,sell,7840.12,BTC-28JUN19-6000-P,83.06,0.025,1.0,0,1557761243427,20233801,250
2019-05-13 15:38:27.145,0.3,buy,7800.35,BTC-28JUN19-6000-P,89.0,0.031,0.3,0,1557761907145,20238270,251
2019-05-13 15:41:17.415,0.3,buy,7723.07,BTC-28JUN19-6000-P,86.63,0.031,0.3,1,1557762077415,20239446,252
2019-05-13 16:09:49.108,0.4,buy,7882.91,BTC-28JUN19-6000-P,82.3,0.0235,0.4,2,1557763789108,20253701,253
2019-05-13 16:20:42.192,5.0,sell,7847.59,BTC-28JUN19-6000-P,90.04,0.0305,5.0,0,1557764442192,20258386,254
2019-05-13 16:22:16.218,5.0,buy,7860.13,BTC-28JUN19-6000-P,94.35,0.034,5.0,0,1557764536218,20258955,255
2019-05-13 16:59:24.484,1.0,buy,7904.93,BTC-28JUN19-6000-P,93.11,0.032,1.0,2,1557766764484,20270947,256
2019-05-13 17:00:43.274,0.1,buy,7909.83,BTC-28JUN19-6000-P,93.85,0.0325,0.1,0,1557766843274,20271242,257
2019-05-13 17:10:38.607,0.1,buy,7907.21,BTC-28JUN19-6000-P,93.93,0.0325,0.1,1,1557767438607,20273893,258
2019-05-13 17:34:46.465,0.1,buy,7838.38,BTC-28JUN19-6000-P,90.27,0.031,0.1,2,1557768886465,20282854,259
2019-05-13 17:50:09.494,1.0,buy,7833.53,BTC-28JUN19-6000-P,92.53,0.033,1.0,0,1557769809494,20286849,260
2019-05-13 17:50:12.719,1.0,buy,7830.54,BTC-28JUN19-6000-P,92.53,0.033,1.0,1,1557769812719,20286873,261
2019-05-13 17:50:13.977,1.0,buy,7829.98,BTC-28JUN19-6000-P,93.58,0.034,1.0,0,1557769813977,20286889,262
2019-05-13 17:50:14.520,1.0,buy,7829.8,BTC-28JUN19-6000-P,93.57,0.034,1.0,1,1557769814520,20286898,263
2019-05-13 17:50:18.756,10.0,buy,7828.09,BTC-28JUN19-6000-P,92.95,0.0335,10.0,2,1557769818756,20286909,264
2019-05-13 17:50:19.245,1.0,buy,7828.06,BTC-28JUN19-6000-P,93.52,0.034,1.0,0,1557769819245,20286911,265
2019-05-13 17:51:48.630,1.0,buy,7828.94,BTC-28JUN19-6000-P,94.67,0.035,1.0,0,1557769908630,20287142,266
2019-05-13 19:59:42.393,12.8,buy,7902.38,BTC-28JUN19-6000-P,93.45,0.032,12.8,2,1557777582393,20301657,267
2019-05-13 19:59:59.357,12.8,buy,7903.63,BTC-28JUN19-6000-P,95.23,0.0335,12.8,0,1557777599357,20301668,268
2019-05-13 21:49:20.139,1.0,sell,8100.84,BTC-28JUN19-6000-P,92.97,0.027000000000000003,1.0,2,1557784160139,20328668,269
2019-05-13 21:52:16.599,1.5,sell,8054.61,BTC-28JUN19-6000-P,92.97,0.027999999999999997,1.5,0,1557784336599,20329743,270
2019-05-13 22:00:28.600,4.1,sell,8104.87,BTC-28JUN19-6000-P,93.17,0.027000000000000003,4.1,2,1557784828600,20331174,271
2019-05-13 22:57:20.680,2.0,buy,7900.15,BTC-28JUN19-6000-P,99.32,0.0375,2.0,0,1557788240680,20343044,272
2019-05-13 22:57:30.009,5.0,sell,7891.25,BTC-28JUN19-6000-P,99.37,0.0375,5.0,1,1557788250009,20343270,273
2019-05-13 22:58:39.539,1.0,sell,7945.81,BTC-28JUN19-6000-P,99.9,0.036000000000000004,1.0,2,1557788319539,20344327,274
2019-05-13 23:13:51.787,5.0,buy,7730.7,BTC-28JUN19-6000-P,100.35,0.042,5.0,0,1557789231787,20358126,275
2019-05-13 23:14:20.827,10.0,sell,7716.28,BTC-28JUN19-6000-P,102.31,0.0445,10.0,0,1557789260827,20358370,276
2019-05-13 23:15:17.491,2.0,buy,7730.8,BTC-28JUN19-6000-P,103.19,0.045,2.0,0,1557789317491,20359098,277
2019-05-13 23:58:15.145,10.0,buy,7842.54,BTC-28JUN19-6000-P,97.79,0.037000000000000005,10.0,2,1557791895145,20370670,278
2019-05-14 00:00:07.191,10.0,buy,7822.56,BTC-28JUN19-6000-P,97.78,0.0375,10.0,0,1557792007191,20370937,279
2019-05-14 00:03:18.034,3.6,sell,7805.51,BTC-28JUN19-6000-P,97.79,0.038,3.6,1,1557792198034,20371253,281
2019-05-14 00:03:18.034,6.4,sell,7805.51,BTC-28JUN19-6000-P,97.79,0.038,6.4,0,1557792198034,20371252,280
2019-05-14 02:00:15.602,0.1,buy,7986.35,BTC-28JUN19-6000-P,103.89,0.0385,0.1,0,1557799215602,20395728,282
2019-05-14 02:24:31.355,10.0,buy,7963.56,BTC-28JUN19-6000-P,103.79,0.039,10.0,0,1557800671355,20398840,283
2019-05-14 03:31:42.196,3.0,sell,7945.06,BTC-28JUN19-6000-P,99.46,0.035,3.0,2,1557804702196,20408804,284
2019-05-14 03:31:59.950,0.4,sell,7959.71,BTC-28JUN19-6000-P,99.8,0.035,0.4,3,1557804719950,20408872,285
2019-05-14 04:23:26.923,6.6000000000000005,sell,7982.75,BTC-28JUN19-6000-P,100.47,0.035,6.6000000000000005,3,1557807806923,20414939,286
2019-05-14 04:56:52.128,10.0,buy,8008.12,BTC-28JUN19-6000-P,100.44,0.034,10.0,2,1557809812128,20418707,287
2019-05-14 05:14:38.002,10.0,sell,8075.58,BTC-28JUN19-6000-P,101.26,0.033,10.0,2,1557810878002,20421860,288
2019-05-14 05:23:37.143,0.2,sell,8015.16,BTC-28JUN19-6000-P,101.68,0.035,0.2,0,1557811417143,20424276,289
2019-05-14 06:58:31.223,7.5,sell,8057.36,BTC-28JUN19-6000-P,100.24,0.0325,7.5,2,1557817111223,20438284,290
2019-05-14 06:59:51.532,2.5,sell,8058.86,BTC-28JUN19-6000-P,100.21,0.0325,2.5,3,1557817191532,20438367,291
2019-05-14 07:05:40.978,0.2,sell,8130.71,BTC-28JUN19-6000-P,99.34,0.03,0.2,2,1557817540978,20440180,292
2019-05-14 07:20:47.572,0.8,buy,8125.13,BTC-28JUN19-6000-P,99.08,0.03,0.8,3,1557818447572,20445593,293
2019-05-14 10:31:31.970,1.0,buy,7960.63,BTC-28JUN19-6000-P,99.12,0.034,1.0,0,1557829891970,20500913,294
2019-05-14 10:32:12.140,0.5,buy,7928.96,BTC-28JUN19-6000-P,98.22,0.034,0.5,1,1557829932140,20501158,295
2019-05-14 10:32:39.043,0.1,buy,7939.86,BTC-28JUN19-6000-P,98.46,0.034,0.1,1,1557829959043,20501466,296
2019-05-14 11:37:32.914,2.0,sell,8039.62,BTC-28JUN19-6000-P,93.74,0.027999999999999997,2.0,2,1557833852914,20507400,297
2019-05-14 12:42:02.756,0.5,sell,8169.94,BTC-28JUN19-6000-P,100.23,0.03,0.5,0,1557837722756,20516365,298
2019-05-14 13:14:39.640,0.4,sell,8150.83,BTC-28JUN19-6000-P,100.03,0.0305,0.4,0,1557839679640,20521092,299
2019-05-14 14:36:25.880,1.0,buy,8081.5,BTC-28JUN19-6000-P,97.9,0.0305,1.0,1,1557844585880,20530500,300
2019-05-14 14:39:52.658,10.0,buy,8053.85,BTC-28JUN19-6000-P,95.86,0.0295,10.0,2,1557844792658,20530950,301
2019-05-14 14:40:23.157,1.0,buy,8044.7,BTC-28JUN19-6000-P,96.95,0.0305,1.0,0,1557844823157,20531114,302
2019-05-14 14:42:27.969,1.0,sell,8033.59,BTC-28JUN19-6000-P,94.17,0.0285,1.0,2,1557844947969,20532399,303
2019-05-14 14:48:41.254,10.0,buy,8009.99,BTC-28JUN19-6000-P,94.24,0.028999999999999998,10.0,0,1557845321254,20534724,304
2019-05-14 14:48:42.364,10.0,sell,8009.84,BTC-28JUN19-6000-P,93.55,0.0285,10.0,2,1557845322364,20534727,305
2019-05-14 14:50:45.112,1.0,buy,8038.76,BTC-28JUN19-6000-P,95.51,0.0295,1.0,0,1557845445112,20535043,306
2019-05-14 14:51:33.620,1.0,buy,8035.86,BTC-28JUN19-6000-P,95.44,0.0295,1.0,1,1557845493620,20535167,307
2019-05-14 15:59:57.649,10.0,buy,7944.02,BTC-28JUN19-6000-P,93.14,0.03,10.0,0,1557849597649,20545093,308
2019-05-14 16:09:06.788,1.0,buy,7818.88,BTC-28JUN19-6000-P,99.35,0.038,1.0,0,1557850146788,20552846,309
2019-05-14 19:17:10.853,1.0,sell,7720.29,BTC-28JUN19-6000-P,95.07,0.0365,1.0,2,1557861430853,20594983,310
2019-05-14 21:47:06.137,1.0,sell,7816.52,BTC-28JUN19-6000-P,89.13,0.028999999999999998,1.0,2,1557870426137,20623259,311
2019-05-15 00:14:41.939,0.1,sell,8131.99,BTC-28JUN19-6000-P,97.92,0.028999999999999998,0.1,3,1557879281939,20644960,312
2019-05-15 03:14:31.888,0.1,sell,8099.31,BTC-28JUN19-6000-P,94.86,0.027000000000000003,0.1,2,1557890071888,20664548,313
2019-05-15 07:05:30.976,2.0,buy,8015.63,BTC-28JUN19-6000-P,96.8,0.03,2.0,0,1557903930976,20672570,314
2019-05-15 09:20:03.463,2.0,sell,7931.77,BTC-28JUN19-6000-P,97.98,0.033,2.0,0,1557912003463,20685927,315
2019-05-15 17:01:28.764,0.1,buy,8010.96,BTC-28JUN19-6000-P,94.78,0.0285,0.1,2,1557939688764,20742517,316
2019-05-15 18:55:49.221,1.0,sell,8228.55,BTC-28JUN19-6000-P,93.28,0.023,1.0,2,1557946549221,20755753,317
2019-05-15 19:12:39.096,1.0,buy,8098.07,BTC-28JUN19-6000-P,89.86,0.023,1.0,3,1557947559096,20762541,318
2019-05-16 00:13:58.852,20.0,sell,8213.94,BTC-28JUN19-6000-P,92.2,0.022000000000000002,20.0,2,1557965638852,20808045,319
2019-05-16 00:22:52.932,0.1,sell,8257.26,BTC-28JUN19-6000-P,88.22,0.0185,0.1,2,1557966172932,20809196,320
2019-05-16 04:11:20.252,1.0,buy,8140.62,BTC-28JUN19-6000-P,96.43,0.026,1.0,0,1557979880252,20841904,321
2019-05-16 04:30:30.914,19.0,buy,8071.8,BTC-28JUN19-6000-P,95.19,0.026,19.0,1,1557981030914,20849232,322
2019-05-16 04:36:32.716,0.2,buy,7981.76,BTC-28JUN19-6000-P,99.12,0.0305,0.2,0,1557981392716,20851592,323
2019-05-16 04:36:32.716,29.8,buy,7981.76,BTC-28JUN19-6000-P,99.12,0.0305,29.8,1,1557981392716,20851593,324
2019-05-16 04:36:42.402,20.0,buy,7980.5,BTC-28JUN19-6000-P,99.77,0.031,20.0,0,1557981402402,20851727,325
2019-05-16 09:42:53.061,0.4,buy,8040.5,BTC-28JUN19-6000-P,100.57,0.031,0.4,1,1557999773061,20893858,326
2019-05-16 11:00:28.725,0.1,buy,7842.49,BTC-28JUN19-6000-P,100.56,0.0355,0.1,0,1558004428725,20914989,327
2019-05-16 11:43:25.793,16.0,sell,7868.83,BTC-28JUN19-6000-P,93.31,0.028999999999999998,16.0,2,1558007005793,20919771,328
2019-05-16 11:43:25.793,4.0,sell,7868.83,BTC-28JUN19-6000-P,93.31,0.028999999999999998,4.0,3,1558007005793,20919772,329
2019-05-16 13:25:43.610,4.0,buy,7836.89,BTC-28JUN19-6000-P,99.82,0.035,4.0,0,1558013143610,20930736,330
2019-05-16 16:23:00.840,5.0,buy,7989.83,BTC-28JUN19-6000-P,100.8,0.032,5.0,2,1558023780840,20950231,331
2019-05-16 21:27:37.199,20.0,sell,7901.13,BTC-28JUN19-6000-P,96.19,0.03,20.0,2,1558042057199,20986604,332
2019-05-16 23:21:40.875,28.0,buy,7855.9,BTC-28JUN19-6000-P,99.21,0.0335,28.0,0,1558048900875,21000369,333
2019-05-17 02:16:03.225,2.0,buy,7788.85,BTC-28JUN19-6000-P,99.96,0.036000000000000004,2.0,0,1558059363225,21014063,334
2019-05-17 02:16:22.832,0.5,buy,7781.34,BTC-28JUN19-6000-P,99.78,0.036000000000000004,0.5,1,1558059382832,21014099,335
2019-05-17 03:00:43.006,1.0,buy,7300.99,BTC-28JUN19-6000-P,91.81,0.04,1.0,0,1558062043006,21027278,336
2019-05-17 03:10:13.028,0.5,buy,6666.16,BTC-28JUN19-6000-P,96.2,0.0635,0.5,0,1558062613028,21050135,337
2019-05-17 03:14:28.995,0.5,sell,7114.75,BTC-28JUN19-6000-P,106.87,0.0635,0.5,1,1558062868995,21058918,338
2019-05-17 03:49:22.919,4.0,sell,7328.38,BTC-28JUN19-6000-P,94.44,0.0445,4.0,2,1558064962919,21084627,339
2019-05-17 03:59:05.681,10.0,sell,7296.44,BTC-28JUN19-6000-P,96.25,0.047,10.0,0,1558065545681,21088684,340
2019-05-17 03:59:14.516,10.0,buy,7291.9,BTC-28JUN19-6000-P,95.94,0.047,10.0,1,1558065554516,21088735,341
2019-05-17 04:01:09.436,5.0,buy,7321.06,BTC-28JUN19-6000-P,95.95,0.046,5.0,3,1558065669436,21089330,343
2019-05-17 04:01:09.436,5.0,buy,7321.06,BTC-28JUN19-6000-P,95.95,0.046,5.0,2,1558065669436,21089329,342
2019-05-17 04:01:22.938,4.0,buy,7312.02,BTC-28JUN19-6000-P,95.65,0.046,4.0,3,1558065682938,21089430,344
2019-05-17 04:03:05.022,10.0,buy,7335.31,BTC-28JUN19-6000-P,97.36,0.047,10.0,0,1558065785022,21090308,345
2019-05-17 04:03:05.022,6.0,buy,7335.31,BTC-28JUN19-6000-P,97.36,0.047,6.0,1,1558065785022,21090309,346
2019-05-17 04:23:56.114,10.0,buy,7310.96,BTC-28JUN19-6000-P,97.05,0.048,10.0,0,1558067036114,21096935,347
2019-05-17 04:39:29.770,10.0,buy,7307.05,BTC-28JUN19-6000-P,97.87,0.049,10.0,0,1558067969770,21101401,348
2019-05-17 04:40:23.843,10.0,buy,7300.25,BTC-28JUN19-6000-P,98.67,0.05,10.0,0,1558068023843,21101574,349
2019-05-17 05:19:27.480,5.0,sell,7305.09,BTC-28JUN19-6000-P,96.26,0.0465,5.0,2,1558070367480,21111146,350
2019-05-17 05:59:35.989,1.0,buy,7126.62,BTC-28JUN19-6000-P,96.62,0.053,1.0,0,1558072775989,21117137,351
2019-05-17 07:15:48.298,1.0,buy,7317.94,BTC-28JUN19-6000-P,100.06,0.05,1.0,2,1558077348298,21126377,352
2019-05-17 07:47:45.338,2.0,buy,7337.62,BTC-28JUN19-6000-P,96.62,0.046,2.0,2,1558079265338,21128634,353
2019-05-17 08:41:10.655,12.8,sell,7285.17,BTC-28JUN19-6000-P,97.29,0.0485,12.8,0,1558082470655,21134608,354
2019-05-17 10:03:55.784,2.5,buy,7253.64,BTC-28JUN19-6000-P,98.57,0.051,2.5,0,1558087435784,21140105,355
2019-05-17 10:27:08.021,0.2,buy,7233.83,BTC-28JUN19-6000-P,97.54,0.051,0.2,1,1558088828021,21141208,356
2019-05-17 11:48:29.588,0.2,buy,7096.53,BTC-28JUN19-6000-P,97.25,0.055,0.2,0,1558093709588,21153970,357
2019-05-17 12:19:13.989,16.1,buy,7027.95,BTC-28JUN19-6000-P,103.09,0.0635,16.1,0,1558095553989,21162495,358
2019-05-17 12:19:13.991,13.9,sell,7027.95,BTC-28JUN19-6000-P,103.09,0.0635,13.9,1,1558095553991,21162496,359
2019-05-17 15:21:08.563,0.1,sell,7168.5,BTC-28JUN19-6000-P,95.05,0.05,0.1,2,1558106468563,21186426,360
2019-05-17 15:36:00.219,1.0,buy,7121.07,BTC-28JUN19-6000-P,95.61,0.0525,1.0,0,1558107360219,21187863,361
2019-05-17 17:29:05.956,1.0,buy,7064.79,BTC-28JUN19-6000-P,100.01,0.0595,1.0,0,1558114145956,21206081,362
2019-05-17 18:05:14.261,0.2,buy,7005.4,BTC-28JUN19-6000-P,95.64,0.0575,0.2,2,1558116314261,21213829,363
2019-05-17 20:33:25.519,2.0,buy,7072.22,BTC-28JUN19-6000-P,95.15,0.0545,2.0,2,1558125205519,21229623,364
2019-05-17 20:34:19.035,0.2,buy,7075.9,BTC-28JUN19-6000-P,96.85,0.055999999999999994,0.2,0,1558125259035,21229683,365
2019-05-17 20:34:19.035,9.8,buy,7075.9,BTC-28JUN19-6000-P,96.85,0.055999999999999994,9.8,1,1558125259035,21229684,366
2019-05-17 21:17:12.953,1.0,buy,7242.81,BTC-28JUN19-6000-P,97.74,0.05,1.0,2,1558127832953,21234309,367
2019-05-18 05:29:24.831,1.0,buy,7464.25,BTC-28JUN19-6000-P,104.18,0.05,1.0,3,1558157364831,21272632,368
2019-05-18 05:36:24.557,2.0,sell,7449.7,BTC-28JUN19-6000-P,102.14,0.0485,2.0,2,1558157784557,21273394,369
2019-05-18 07:10:53.907,12.8,buy,7340.98,BTC-28JUN19-6000-P,103.51,0.0535,12.8,0,1558163453907,21279028,370
2019-05-18 07:11:07.191,12.8,buy,7339.9,BTC-28JUN19-6000-P,104.98,0.055,12.8,0,1558163467191,21279033,371
2019-05-18 09:47:10.309,0.4,sell,7262.99,BTC-28JUN19-6000-P,98.47,0.052000000000000005,0.4,2,1558172830309,21291364,372
2019-05-18 21:53:28.092,2.0,sell,7337.94,BTC-28JUN19-6000-P,100.37,0.05,2.0,2,1558216408092,21319467,373
2019-05-19 01:18:30.381,1.0,sell,7486.19,BTC-28JUN19-6000-P,102.8,0.047,1.0,2,1558228710381,21329905,374
2019-05-19 02:06:40.341,1.0,sell,7747.38,BTC-28JUN19-6000-P,103.88,0.0405,1.0,2,1558231600341,21344085,375
2019-05-19 03:25:14.149,1.0,sell,7882.88,BTC-28JUN19-6000-P,102.23,0.035,1.0,2,1558236314149,21358966,376
2019-05-19 04:10:54.497,0.1,buy,7919.87,BTC-28JUN19-6000-P,106.94,0.038,0.1,0,1558239054497,21367009,377
2019-05-19 06:24:23.160,1.9,buy,7946.4,BTC-28JUN19-6000-P,108.47,0.038,1.9,1,1558247063160,21378998,378
2019-05-19 09:48:07.292,0.5,sell,7993.82,BTC-28JUN19-6000-P,106.25,0.035,0.5,2,1558259287292,21388875,379
2019-05-19 10:36:52.338,0.1,sell,8120.31,BTC-28JUN19-6000-P,104.37,0.0305,0.1,3,1558262212338,21397118,381
2019-05-19 10:36:52.338,0.5,sell,8120.31,BTC-28JUN19-6000-P,104.37,0.0305,0.5,2,1558262212338,21397117,380
2019-05-19 10:53:15.577,1.0,sell,8120.08,BTC-28JUN19-6000-P,103.46,0.03,1.0,2,1558263195577,21398697,382
2019-05-19 11:40:10.796,0.1,sell,8070.62,BTC-28JUN19-6000-P,103.45,0.031,0.1,0,1558266010796,21401717,383
2019-05-19 12:48:28.933,2.0,buy,7936.32,BTC-28JUN19-6000-P,108.57,0.038,2.0,0,1558270108933,21412554,384
2019-05-19 12:48:59.171,1.0,buy,7940.99,BTC-28JUN19-6000-P,108.81,0.038,1.0,1,1558270139171,21412579,385
2019-05-19 15:46:28.221,0.9,sell,7936.79,BTC-28JUN19-6000-P,103.5,0.0325,0.9,2,1558280788221,21432381,386
2019-05-19 19:28:44.886,0.1,sell,8028.06,BTC-28JUN19-6000-P,102.6,0.0295,0.1,2,1558294124886,21444796,387
2019-05-19 19:59:13.761,1.9,buy,7956.51,BTC-28JUN19-6000-P,99.83,0.028999999999999998,1.9,2,1558295953761,21451038,388
2019-05-19 21:18:37.754,0.5,sell,8075.41,BTC-28JUN19-6000-P,100.59,0.027000000000000003,0.5,2,1558300717754,21457072,389
2019-05-19 22:51:11.909,16.0,sell,8189.91,BTC-28JUN19-6000-P,99.06,0.0235,16.0,2,1558306271909,21469855,390
2019-05-19 22:51:16.840,25.0,buy,8189.99,BTC-28JUN19-6000-P,99.02,0.0235,25.0,3,1558306276840,21469874,391
2019-05-19 22:51:16.866,9.0,buy,8189.99,BTC-28JUN19-6000-P,99.02,0.0235,9.0,3,1558306276866,21469875,392
2019-05-20 00:05:41.479,16.0,buy,8081.28,BTC-28JUN19-6000-P,97.19,0.0235,16.0,3,1558310741479,21488533,393
2019-05-20 00:06:00.099,5.0,buy,8032.57,BTC-28JUN19-6000-P,95.88,0.0235,5.0,3,1558310760099,21488967,394
2019-05-20 00:06:04.023,25.0,buy,8011.31,BTC-28JUN19-6000-P,95.34,0.0235,25.0,3,1558310764023,21488994,395
2019-05-20 00:06:11.976,2.0,buy,7999.5,BTC-28JUN19-6000-P,95.07,0.0235,2.0,3,1558310771976,21489198,396
2019-05-20 00:06:19.647,2.0,buy,7979.71,BTC-28JUN19-6000-P,94.6,0.0235,2.0,3,1558310779647,21489449,397
2019-05-20 09:23:06.863,7.0,buy,7853.69,BTC-28JUN19-6000-P,102.29,0.032,7.0,0,1558344186863,21557131,398
2019-05-20 09:24:42.399,0.3,buy,7860.14,BTC-28JUN19-6000-P,102.51,0.032,0.3,1,1558344282399,21557204,399
2019-05-20 09:43:49.459,5.0,buy,7908.74,BTC-28JUN19-6000-P,102.5,0.031,5.0,2,1558345429459,21558363,400
2019-05-20 13:06:37.337,10.0,buy,7661.21,BTC-28JUN19-6000-P,97.04,0.0325,10.0,0,1558357597337,21579221,401
2019-05-21 07:45:46.411,10.0,buy,7941.56,BTC-28JUN19-6000-P,96.03,0.025,10.0,2,1558424746411,21675909,402
2019-05-21 12:37:47.266,10.0,buy,7878.14,BTC-28JUN19-6000-P,92.46,0.0235,10.0,2,1558442267266,21691338,403
2019-05-21 12:54:41.146,25.0,buy,7899.1,BTC-28JUN19-6000-P,93.73,0.024,25.0,0,1558443281146,21692611,404
2019-05-21 15:34:10.926,0.2,buy,7945.33,BTC-28JUN19-6000-P,93.64,0.023,0.2,2,1558452850926,21704106,405
2019-05-21 15:35:59.179,0.1,buy,7943.09,BTC-28JUN19-6000-P,93.63,0.023,0.1,3,1558452959179,21704183,406
2019-05-21 15:38:07.324,49.7,buy,7944.36,BTC-28JUN19-6000-P,93.7,0.023,49.7,3,1558453087324,21704257,407
2019-05-21 18:32:54.381,1.0,sell,8007.89,BTC-28JUN19-6000-P,93.92,0.022,1.0,2,1558463574381,21715951,408
2019-05-21 20:38:56.272,0.5,sell,8093.07,BTC-28JUN19-6000-P,93.37,0.02,0.5,2,1558471136272,21723762,409
2019-05-21 20:39:17.878,0.5,buy,8090.62,BTC-28JUN19-6000-P,93.27,0.02,0.5,3,1558471157878,21723807,410
2019-05-22 00:14:52.078,20.0,sell,7965.75,BTC-28JUN19-6000-P,93.57,0.0225,20.0,0,1558484092078,21737427,411
2019-05-22 04:06:29.276,3.0,buy,7891.67,BTC-28JUN19-6000-P,91.58,0.0225,3.0,1,1558497989276,21744793,412
2019-05-22 04:24:53.045,7.0,buy,7928.55,BTC-28JUN19-6000-P,92.9,0.0225,7.0,1,1558499093045,21746659,413
2019-05-22 04:50:57.989,10.0,sell,7939.31,BTC-28JUN19-6000-P,93.33,0.0225,10.0,1,1558500657989,21747371,414
2019-05-22 05:21:51.601,10.0,buy,7931.93,BTC-28JUN19-6000-P,95.98,0.0245,10.0,0,1558502511601,21748267,415
2019-05-22 05:22:49.481,1.0,sell,7931.12,BTC-28JUN19-6000-P,96.02,0.0245,1.0,1,1558502569481,21748311,416
2019-05-22 05:41:06.387,10.0,sell,7958.34,BTC-28JUN19-6000-P,93.91,0.0225,10.0,2,1558503666387,21748691,417
2019-05-22 11:33:15.721,25.0,buy,7762.82,BTC-28JUN19-6000-P,92.24,0.025,25.0,0,1558524795721,21765932,418
2019-05-22 11:57:51.005,0.1,buy,7811.89,BTC-28JUN19-6000-P,94.49,0.0255,0.1,0,1558526271005,21768384,419
2019-05-22 12:58:16.510,2.0,sell,7800.04,BTC-28JUN19-6000-P,89.5,0.022,2.0,2,1558529896510,21771844,420
2019-05-22 14:29:13.237,20.0,sell,7891.09,BTC-28JUN19-6000-P,92.7,0.0225,20.0,0,1558535353237,21776610,421
2019-05-22 17:15:02.197,6.0,buy,7933.39,BTC-28JUN19-6000-P,90.57,0.02,6.0,2,1558545302197,21789777,422
2019-05-22 20:37:08.428,25.0,buy,7808.92,BTC-28JUN19-6000-P,90.6,0.0225,25.0,0,1558557428428,21815059,423
2019-05-22 22:05:29.023,0.5,buy,7568.25,BTC-28JUN19-6000-P,92.44,0.0295,0.5,0,1558562729023,21831378,424
2019-05-23 04:59:18.273,20.0,sell,7664.96,BTC-28JUN19-6000-P,92.69,0.027000000000000003,20.0,2,1558587558273,21867305,425
2019-05-23 05:00:36.174,5.0,sell,7664.86,BTC-28JUN19-6000-P,92.69,0.027000000000000003,5.0,3,1558587636174,21867346,426
2019-05-23 05:09:56.965,5.0,buy,7654.53,BTC-28JUN19-6000-P,94.3,0.0285,5.0,0,1558588196965,21867477,427
2019-05-23 05:14:22.787,10.0,buy,7645.37,BTC-28JUN19-6000-P,94.0,0.0285,10.0,1,1558588462787,21867718,428
2019-05-23 05:14:22.885,10.0,sell,7645.37,BTC-28JUN19-6000-P,94.0,0.0285,10.0,1,1558588462885,21867719,429
2019-05-23 05:17:01.485,6.0,buy,7640.08,BTC-28JUN19-6000-P,93.85,0.0285,6.0,1,1558588621485,21867810,430
2019-05-23 11:08:25.195,0.5,sell,7622.39,BTC-28JUN19-6000-P,90.05,0.0255,0.5,2,1558609705195,21893160,431
2019-05-23 13:20:14.981,16.0,buy,7663.66,BTC-28JUN19-6000-P,92.9,0.0265,16.0,1,1558617614981,21900493,433
2019-05-23 13:20:14.981,18.7,buy,7663.66,BTC-28JUN19-6000-P,92.9,0.0265,18.7,0,1558617614981,21900492,432
2019-05-23 13:21:35.850,7.0,buy,7671.2,BTC-28JUN19-6000-P,93.74,0.027000000000000003,7.0,0,1558617695850,21900659,434
2019-05-23 13:21:56.453,15.0,buy,7672.56,BTC-28JUN19-6000-P,93.78,0.027000000000000003,15.0,1,1558617716453,21900668,435
2019-05-23 13:22:01.808,3.7,buy,7672.73,BTC-28JUN19-6000-P,93.79,0.027000000000000003,3.7,1,1558617721808,21900669,436
2019-05-23 13:22:21.277,18.7,buy,7669.5,BTC-28JUN19-6000-P,93.65,0.027000000000000003,18.7,1,1558617741277,21900689,437
2019-05-23 13:22:49.976,10.6,sell,7670.9,BTC-28JUN19-6000-P,93.05,0.0265,10.6,2,1558617769976,21900711,438
2019-05-23 13:22:54.283,10.0,buy,7670.83,BTC-28JUN19-6000-P,94.38,0.0275,10.0,0,1558617774283,21900727,439
2019-05-23 13:23:13.200,10.0,buy,7668.66,BTC-28JUN19-6000-P,95.55,0.0285,10.0,0,1558617793200,21900732,440
2019-05-23 13:23:43.772,4.0,buy,7668.91,BTC-28JUN19-6000-P,96.19,0.029,4.0,0,1558617823772,21900734,441
2019-05-23 13:32:19.251,10.6,buy,7651.03,BTC-28JUN19-6000-P,94.32,0.028,10.6,2,1558618339251,21901046,442
2019-05-23 13:32:19.251,3.4,buy,7651.03,BTC-28JUN19-6000-P,94.32,0.028,3.4,3,1558618339251,21901047,443
2019-05-23 13:51:21.833,1.0,buy,7674.59,BTC-28JUN19-6000-P,95.7,0.0285,1.0,0,1558619481833,21901891,444
2019-05-23 13:51:21.833,16.5,buy,7674.59,BTC-28JUN19-6000-P,95.7,0.0285,16.5,1,1558619481833,21901892,445
2019-05-23 14:04:40.655,10.0,sell,7710.8,BTC-28JUN19-6000-P,93.39,0.026,10.0,2,1558620280655,21902631,446
2019-05-23 14:04:40.655,4.0,sell,7710.8,BTC-28JUN19-6000-P,93.39,0.026,4.0,3,1558620280655,21902632,447
2019-05-23 14:04:48.407,10.0,sell,7707.13,BTC-28JUN19-6000-P,92.69,0.0255,10.0,2,1558620288407,21902667,448
2019-05-23 14:06:07.801,16.0,buy,7709.27,BTC-28JUN19-6000-P,95.97,0.028,16.0,0,1558620367801,21902827,449
2019-05-23 14:09:02.384,12.0,sell,7730.07,BTC-28JUN19-6000-P,93.3,0.0255,12.0,2,1558620542384,21903227,450
2019-05-23 14:09:02.384,10.0,sell,7730.07,BTC-28JUN19-6000-P,93.3,0.0255,10.0,3,1558620542384,21903228,451
2019-05-23 14:15:32.272,10.0,sell,7742.65,BTC-28JUN19-6000-P,92.31,0.0245,10.0,2,1558620932272,21905612,452
2019-05-23 14:59:41.119,5.0,sell,7730.74,BTC-28JUN19-6000-P,94.38,0.0265,5.0,0,1558623581119,21907792,453
2019-05-23 17:43:18.546,0.5,buy,7779.91,BTC-28JUN19-6000-P,96.42,0.027000000000000003,0.5,0,1558633398546,21924028,454
2019-05-24 01:15:27.043,0.1,sell,7924.07,BTC-28JUN19-6000-P,95.5,0.0225,0.1,2,1558660527043,21955772,455
2019-05-24 02:59:05.994,1.0,buy,7858.39,BTC-28JUN19-6000-P,94.46,0.023,1.0,0,1558666745994,21960345,456
2019-05-24 03:10:50.895,3.0,sell,7833.3,BTC-28JUN19-6000-P,95.24,0.024,3.0,0,1558667450895,21960582,457
2019-05-24 04:00:01.005,0.5,sell,7878.31,BTC-28JUN19-6000-P,93.59,0.022,0.5,2,1558670401005,21961518,458
2019-05-24 07:19:16.697,0.2,sell,7884.98,BTC-28JUN19-6000-P,93.47,0.0215,0.2,2,1558682356697,21967497,459
2019-05-24 07:39:18.046,2.0,sell,7868.54,BTC-28JUN19-6000-P,93.72,0.022,2.0,0,1558683558046,21968274,460
2019-05-24 07:57:33.238,20.0,sell,7871.87,BTC-28JUN19-6000-P,93.02,0.0215,20.0,2,1558684653238,21968846,461
2019-05-24 07:57:38.817,20.0,sell,7871.72,BTC-28JUN19-6000-P,93.02,0.0215,20.0,3,1558684658817,21968847,462
2019-05-24 08:02:42.767,99.8,sell,7891.96,BTC-28JUN19-6000-P,93.55,0.0215,99.8,3,1558684962767,21969110,463
2019-05-24 08:05:35.293,0.1,buy,7896.63,BTC-28JUN19-6000-P,93.74,0.0215,0.1,3,1558685135293,21969409,464
2019-05-24 08:19:46.051,10.0,sell,7956.52,BTC-28JUN19-6000-P,93.08,0.02,10.0,2,1558685986051,21970772,465
2019-05-24 08:19:52.264,4.0,sell,7956.95,BTC-28JUN19-6000-P,93.1,0.02,4.0,3,1558685992264,21970788,466
2019-05-24 08:19:52.264,0.1,sell,7956.95,BTC-28JUN19-6000-P,93.1,0.02,0.1,3,1558685992264,21970789,467
2019-05-24 08:22:35.391,0.1,sell,7973.57,BTC-28JUN19-6000-P,91.16,0.0185,0.1,2,1558686155391,21972190,468
2019-05-24 08:32:02.724,20.0,sell,7979.88,BTC-28JUN19-6000-P,91.39,0.0185,20.0,3,1558686722724,21973139,469
2019-05-24 09:29:43.677,1.0,sell,7969.19,BTC-28JUN19-6000-P,90.17,0.018000000000000002,1.0,2,1558690183677,21977060,470
2019-05-24 12:36:59.755,0.5,sell,8031.56,BTC-28JUN19-6000-P,92.26,0.018000000000000002,0.5,3,1558701419755,21987232,471
2019-05-24 13:33:16.077,1.3,sell,7997.46,BTC-28JUN19-6000-P,88.84,0.0165,1.3,2,1558704796077,21989370,472
2019-05-24 14:23:43.425,0.1,buy,8025.74,BTC-28JUN19-6000-P,93.83,0.019,0.1,0,1558707823425,21991305,473
2019-05-24 15:13:45.259,0.2,buy,8108.15,BTC-28JUN19-6000-P,92.28,0.0165,0.2,2,1558710825259,21995512,474
2019-05-24 15:22:37.169,0.1,buy,8138.49,BTC-28JUN19-6000-P,91.25,0.0155,0.1,2,1558711357169,21997856,475
2019-05-24 15:39:32.323,0.4,buy,8093.23,BTC-28JUN19-6000-P,89.98,0.0155,0.4,3,1558712372323,21999249,476
2019-05-24 16:10:41.471,1.0,buy,8173.17,BTC-28JUN19-6000-P,88.71,0.0135,1.0,2,1558714241471,22001827,477
2019-05-24 16:14:11.189,0.5,buy,8164.25,BTC-28JUN19-6000-P,90.36,0.0145,0.5,0,1558714451189,22002333,478
2019-05-24 20:15:02.109,0.1,sell,8084.71,BTC-28JUN19-6000-P,90.16,0.0155,0.1,0,1558728902109,22016576,479
2019-05-25 11:19:37.883,2.0,sell,8148.27,BTC-28JUN19-6000-P,91.16,0.0145,2.0,2,1558783177883,22051414,480
2019-05-25 11:26:55.882,1.0,sell,8130.21,BTC-28JUN19-6000-P,92.33,0.0155,1.0,0,1558783615882,22051767,481
2019-05-25 12:37:38.838,1.0,buy,8080.96,BTC-28JUN19-6000-P,93.72,0.017,1.0,0,1558787858838,22054761,482
2019-05-25 12:40:03.091,9.0,buy,8085.62,BTC-28JUN19-6000-P,94.68,0.0175,9.0,0,1558788003091,22054798,483
2019-05-25 13:36:18.189,0.3,sell,8069.6,BTC-28JUN19-6000-P,89.79,0.015,0.3,2,1558791378189,22056741,484
2019-05-25 17:57:26.485,20.0,sell,8067.77,BTC-28JUN19-6000-P,89.97,0.015,20.0,3,1558807046485,22065520,485
2019-05-25 18:47:04.665,20.0,buy,8072.21,BTC-28JUN19-6000-P,96.29,0.0185,20.0,0,1558810024665,22067658,486
2019-05-26 19:28:48.851,0.1,sell,8211.83,BTC-28JUN19-6000-P,93.38,0.0135,0.1,2,1558898928851,22120202,487
2019-05-26 19:28:48.992,2.0,sell,8211.83,BTC-28JUN19-6000-P,92.36,0.013,2.0,2,1558898928992,22120210,488
2019-05-26 19:49:55.282,2.0,sell,8462.55,BTC-28JUN19-6000-P,93.51,0.01,2.0,2,1558900195282,22154040,489
2019-05-26 19:49:55.282,2.0,sell,8462.55,BTC-28JUN19-6000-P,93.51,0.01,2.0,3,1558900195282,22154041,490
2019-05-26 20:01:44.578,2.0,sell,8642.64,BTC-28JUN19-6000-P,95.81,0.009000000000000001,2.0,2,1558900904578,22165213,491
2019-05-27 00:08:33.616,2.0,sell,8813.36,BTC-28JUN19-6000-P,96.45,0.008,2.0,2,1558915713616,22236319,492
2019-05-27 00:20:02.842,2.0,sell,8867.92,BTC-28JUN19-6000-P,97.41,0.008,2.0,3,1558916402842,22241069,493
2019-05-27 00:20:31.660,2.0,sell,8882.93,BTC-28JUN19-6000-P,94.71,0.006999999999999999,2.0,2,1558916431660,22241414,494
2019-05-27 00:20:34.322,1.0,sell,8887.59,BTC-28JUN19-6000-P,93.15,0.0065,1.0,3,1558916434322,22241507,496
2019-05-27 00:20:34.322,1.0,sell,8887.59,BTC-28JUN19-6000-P,93.15,0.0065,1.0,2,1558916434322,22241506,495
2019-05-27 00:20:35.883,1.0,sell,8887.56,BTC-28JUN19-6000-P,93.25,0.0065,1.0,3,1558916435883,22241542,497
2019-05-27 00:20:38.923,2.0,sell,8885.31,BTC-28JUN19-6000-P,93.22,0.0065,2.0,3,1558916438923,22241572,498
2019-05-27 00:20:45.124,2.0,sell,8895.61,BTC-28JUN19-6000-P,91.83,0.006,2.0,2,1558916445124,22241694,499
2019-05-27 00:20:46.297,2.0,sell,8895.67,BTC-28JUN19-6000-P,91.84,0.006,2.0,3,1558916446297,22241729,500
2019-05-27 05:41:28.858,20.0,sell,8745.4,BTC-28JUN19-6000-P,98.25,0.009000000000000001,20.0,0,1558935688858,22276651,501
2019-05-27 06:59:12.255,0.5,sell,8757.19,BTC-28JUN19-6000-P,100.07,0.0095,0.5,0,1558940352255,22278465,502
2019-05-27 07:20:54.591,5.0,sell,8804.59,BTC-28JUN19-6000-P,99.72,0.009000000000000001,5.0,2,1558941654591,22279219,503
2019-05-27 12:49:50.244,2.0,sell,8792.99,BTC-28JUN19-6000-P,101.2,0.0095,2.0,0,1558961390244,22298620,504
2019-05-27 15:43:55.554,2.0,sell,8910.48,BTC-28JUN19-6000-P,100.24,0.008,2.0,2,1558971835554,22315447,505
2019-05-27 15:43:57.509,2.0,sell,8908.63,BTC-28JUN19-6000-P,100.26,0.008,2.0,3,1558971837509,22315468,506
2019-05-27 15:43:58.766,0.1,sell,8909.6,BTC-28JUN19-6000-P,100.28,0.008,0.1,3,1558971838766,22315476,507
2019-05-27 16:26:03.138,0.2,buy,8882.87,BTC-28JUN19-6000-P,102.06,0.009000000000000001,0.2,0,1558974363138,22320744,508
2019-05-27 16:26:10.666,0.5,buy,8882.45,BTC-28JUN19-6000-P,102.05,0.009000000000000001,0.5,1,1558974370666,22320749,509
2019-05-27 16:34:17.518,0.5,sell,8911.13,BTC-28JUN19-6000-P,103.01,0.009000000000000001,0.5,1,1558974857518,22321494,510
2019-05-27 17:29:23.909,5.0,sell,8752.75,BTC-28JUN19-6000-P,99.13,0.009000000000000001,5.0,1,1558978163909,22342217,511
2019-05-27 18:55:44.519,4.2,sell,8823.16,BTC-28JUN19-6000-P,100.81,0.009000000000000001,4.2,1,1558983344519,22348604,512
2019-05-27 19:01:48.787,10.0,sell,8817.25,BTC-28JUN19-6000-P,100.69,0.009000000000000001,10.0,1,1558983708787,22349405,513
2019-05-27 19:24:18.428,20.0,sell,8789.73,BTC-28JUN19-6000-P,98.66,0.0085,20.0,2,1558985058428,22351867,514
2019-05-27 19:58:54.590,10.0,sell,8815.78,BTC-28JUN19-6000-P,99.36,0.0085,10.0,3,1558987134590,22352852,515
2019-05-27 22:17:38.678,2.0,sell,8791.67,BTC-28JUN19-6000-P,97.18,0.008,2.0,2,1558995458678,22360091,516
2019-05-28 00:07:46.398,3.7,sell,8807.83,BTC-28JUN19-6000-P,98.23,0.008,3.7,3,1559002066398,22367641,517
2019-05-28 00:10:15.711,3.9,sell,8805.95,BTC-28JUN19-6000-P,98.1,0.008,3.9,3,1559002215711,22367723,518
2019-05-28 00:10:15.842,2.0,sell,8805.95,BTC-28JUN19-6000-P,98.1,0.008,2.0,3,1559002215842,22367729,519
2019-05-28 00:10:17.391,2.0,sell,8806.21,BTC-28JUN19-6000-P,98.12,0.008,2.0,3,1559002217391,22367736,520
2019-05-28 00:10:18.329,4.0,sell,8806.21,BTC-28JUN19-6000-P,98.12,0.008,4.0,3,1559002218329,22367738,521
2019-05-28 00:10:18.461,0.9,sell,8806.21,BTC-28JUN19-6000-P,98.12,0.008,0.9,3,1559002218461,22367741,522
2019-05-28 00:10:22.950,2.0,sell,8806.27,BTC-28JUN19-6000-P,96.63,0.0075,2.0,2,1559002222950,22367749,523
2019-05-28 00:10:24.000,1.2,sell,8806.27,BTC-28JUN19-6000-P,95.08,0.006999999999999999,1.2,2,1559002224000,22367758,524
2019-05-28 00:10:25.075,2.0,sell,8806.25,BTC-28JUN19-6000-P,93.48,0.0065,2.0,2,1559002225075,22367768,525
2019-05-28 00:10:26.571,2.0,sell,8806.25,BTC-28JUN19-6000-P,96.61,0.0075,2.0,0,1559002226571,22367781,526
2019-05-28 00:10:28.256,2.0,sell,8805.37,BTC-28JUN19-6000-P,95.03,0.006999999999999999,2.0,2,1559002228256,22367787,527
2019-05-28 00:10:30.264,0.7000000000000001,sell,8805.37,BTC-28JUN19-6000-P,95.03,0.006999999999999999,0.7000000000000001,3,1559002230264,22367796,528
2019-05-28 00:12:20.683,2.0,sell,8808.86,BTC-28JUN19-6000-P,95.14,0.006999999999999999,2.0,3,1559002340683,22367901,529
2019-05-28 00:12:21.772,2.0,sell,8808.83,BTC-28JUN19-6000-P,93.53,0.0065,2.0,2,1559002341772,22367906,530
2019-05-28 00:12:22.800,2.0,sell,8808.8,BTC-28JUN19-6000-P,93.53,0.0065,2.0,3,1559002342800,22367914,531
2019-05-28 00:12:24.966,2.0,sell,8807.61,BTC-28JUN19-6000-P,95.1,0.006999999999999999,2.0,0,1559002344966,22367919,532
2019-05-28 00:12:26.103,2.0,sell,8807.6,BTC-28JUN19-6000-P,93.5,0.0065,2.0,2,1559002346103,22367928,533
2019-05-28 00:12:28.226,2.0,sell,8808.3,BTC-28JUN19-6000-P,95.09,0.006999999999999999,2.0,0,1559002348226,22367938,534
2019-05-28 00:12:29.720,2.0,sell,8808.5,BTC-28JUN19-6000-P,95.11,0.006999999999999999,2.0,1,1559002349720,22367947,535
2019-05-28 00:12:30.783,2.0,sell,8809.06,BTC-28JUN19-6000-P,93.5,0.0065,2.0,2,1559002350783,22367953,536
2019-05-28 00:12:31.880,0.3,sell,8809.08,BTC-28JUN19-6000-P,95.11,0.006999999999999999,0.3,0,1559002351880,22367960,537
2019-05-28 00:16:51.652,3.7,sell,8806.23,BTC-28JUN19-6000-P,95.01,0.006999999999999999,3.7,1,1559002611652,22368159,538
2019-05-28 13:07:48.129,3.8,buy,8738.46,BTC-28JUN19-6000-P,101.03,0.0095,3.8,0,1559048868129,22403970,539
2019-05-28 13:07:48.139,6.2,sell,8738.43,BTC-28JUN19-6000-P,101.03,0.0095,6.2,1,1559048868139,22403971,540
2019-05-28 18:21:24.877,10.0,sell,8760.09,BTC-28JUN19-6000-P,97.42,0.008,10.0,2,1559067684877,22436468,541
2019-05-29 03:12:34.980,1.0,sell,8650.68,BTC-28JUN19-6000-P,94.69,0.008,1.0,3,1559099554980,22461601,542
2019-05-29 05:49:38.058,0.1,buy,8477.97,BTC-28JUN19-6000-P,96.38,0.0105,0.1,0,1559108978058,22478021,543
2019-05-29 05:52:12.292,1.1,buy,8430.58,BTC-28JUN19-6000-P,95.05,0.0105,1.1,1,1559109132292,22478748,544
2019-05-29 07:53:50.045,2.9,sell,8550.17,BTC-28JUN19-6000-P,94.18,0.009000000000000001,2.9,2,1559116430045,22488294,545
2019-05-29 13:43:06.275,1.0,buy,8717.98,BTC-28JUN19-6000-P,98.5,0.009000000000000001,1.0,3,1559137386275,22513688,546
2019-05-29 13:43:23.063,3.6,buy,8719.53,BTC-28JUN19-6000-P,99.9,0.0095,3.6,0,1559137403063,22513726,547
2019-05-29 13:43:49.653,5.0,buy,8715.69,BTC-28JUN19-6000-P,99.8,0.0095,5.0,1,1559137429653,22513796,548
2019-05-29 13:46:09.695,1.0,buy,8716.79,BTC-28JUN19-6000-P,98.57,0.009000000000000001,1.0,2,1559137569695,22514277,549
2019-05-29 13:46:28.860,5.0,buy,8713.37,BTC-28JUN19-6000-P,98.51,0.009000000000000001,5.0,3,1559137588860,22514308,550
2019-05-29 14:02:28.958,1.0,buy,8745.71,BTC-28JUN19-6000-P,99.38,0.009000000000000001,1.0,3,1559138548958,22516714,551
2019-05-29 14:02:28.960,4.0,sell,8745.71,BTC-28JUN19-6000-P,99.38,0.009000000000000001,4.0,3,1559138548960,22516715,552
2019-05-29 14:18:56.911,1.0,buy,8714.81,BTC-28JUN19-6000-P,97.6,0.0085,1.0,2,1559139536911,22518385,553
2019-05-29 14:20:20.014,10.0,sell,8715.31,BTC-28JUN19-6000-P,94.69,0.0075,10.0,3,1559139620014,22518422,555
2019-05-29 14:20:20.014,2.0,sell,8715.31,BTC-28JUN19-6000-P,94.69,0.0075,2.0,2,1559139620014,22518421,554
2019-05-29 17:51:33.764,1.7,sell,8705.15,BTC-28JUN19-6000-P,92.74,0.006999999999999999,1.7,2,1559152293764,22531001,556
2019-05-30 00:42:09.756,25.6,sell,8672.76,BTC-28JUN19-6000-P,92.51,0.006999999999999999,25.6,3,1559176929756,22550692,557
2019-05-30 05:37:18.862,8.0,sell,8738.68,BTC-28JUN19-6000-P,95.25,0.006999999999999999,8.0,3,1559194638862,22583421,558
2019-05-30 05:53:17.904,7.0,sell,8722.76,BTC-28JUN19-6000-P,94.9,0.006999999999999999,7.0,3,1559195597904,22584059,559
2019-05-30 20:30:01.247,0.3,buy,8496.73,BTC-28JUN19-6000-P,96.47,0.0095,0.3,0,1559248201247,22691311,560
2019-05-30 20:30:55.205,0.1,buy,8500.3,BTC-28JUN19-6000-P,100.23,0.011,0.1,0,1559248255205,22691908,562
2019-05-30 20:30:55.205,0.1,buy,8500.3,BTC-28JUN19-6000-P,97.72,0.01,0.1,0,1559248255205,22691907,561
2019-05-30 21:09:29.425,3.0,buy,8466.74,BTC-28JUN19-6000-P,96.87,0.01,3.0,2,1559250569425,22697330,563
2019-05-30 21:11:37.187,8.0,buy,8452.19,BTC-28JUN19-6000-P,96.35,0.01,8.0,3,1559250697187,22697833,564
2019-05-30 21:11:37.209,4.7,buy,8452.19,BTC-28JUN19-6000-P,96.35,0.01,4.7,3,1559250697209,22697834,565
2019-05-30 21:11:37.210,0.7000000000000001,buy,8452.19,BTC-28JUN19-6000-P,96.35,0.01,0.7000000000000001,3,1559250697210,22697835,566
2019-05-30 21:11:37.213,2.8000000000000003,buy,8452.19,BTC-28JUN19-6000-P,96.35,0.01,2.8000000000000003,3,1559250697213,22697836,567
2019-05-30 21:11:37.217,3.6,buy,8452.19,BTC-28JUN19-6000-P,96.35,0.01,3.6,3,1559250697217,22697837,568
2019-05-30 21:11:37.220,2.0,buy,8452.19,BTC-28JUN19-6000-P,96.35,0.01,2.0,3,1559250697220,22697838,569
2019-05-30 21:11:37.231,0.4,buy,8452.19,BTC-28JUN19-6000-P,96.35,0.01,0.4,3,1559250697231,22697839,570
2019-05-30 21:11:37.232,1.6,buy,8452.19,BTC-28JUN19-6000-P,96.35,0.01,1.6,3,1559250697232,22697840,571
2019-05-30 21:12:59.908,0.1,buy,8412.74,BTC-28JUN19-6000-P,96.58,0.0105,0.1,0,1559250779908,22698922,572
2019-05-30 21:12:59.953,0.1,buy,8412.74,BTC-28JUN19-6000-P,96.58,0.0105,0.1,1,1559250779953,22698923,573
2019-05-30 21:13:00.403,7.7,buy,8412.74,BTC-28JUN19-6000-P,96.58,0.0105,7.7,1,1559250780403,22698945,574
2019-05-30 21:13:00.411,3.1,buy,8412.74,BTC-28JUN19-6000-P,96.58,0.0105,3.1,1,1559250780411,22698946,575
2019-05-30 21:13:00.412,2.1,buy,8412.74,BTC-28JUN19-6000-P,96.58,0.0105,2.1,1,1559250780412,22698947,576
2019-05-30 21:13:00.413,2.9,buy,8412.74,BTC-28JUN19-6000-P,96.58,0.0105,2.9,1,1559250780413,22698948,577
2019-05-30 21:13:00.413,5.4,buy,8412.74,BTC-28JUN19-6000-P,96.58,0.0105,5.4,1,1559250780413,22698949,578
2019-05-30 21:13:00.414,2.8000000000000003,buy,8412.74,BTC-28JUN19-6000-P,96.58,0.0105,2.8000000000000003,1,1559250780414,22698950,579
2019-05-30 21:13:00.414,0.4,buy,8412.74,BTC-28JUN19-6000-P,97.8,0.011,0.4,0,1559250780414,22698951,580
2019-05-30 21:13:00.416,3.0,buy,8412.74,BTC-28JUN19-6000-P,97.8,0.011,3.0,1,1559250780416,22698952,581
2019-05-30 21:13:00.423,6.9,sell,8412.74,BTC-28JUN19-6000-P,97.8,0.011,6.9,1,1559250780423,22698953,582
2019-05-30 21:13:00.423,7.2,sell,8412.74,BTC-28JUN19-6000-P,97.8,0.011,7.2,1,1559250780423,22698954,583
2019-05-30 21:13:00.467,3.6,sell,8412.74,BTC-28JUN19-6000-P,97.8,0.011,3.6,1,1559250780467,22698964,585
2019-05-30 21:13:00.467,2.6,sell,8412.74,BTC-28JUN19-6000-P,97.8,0.011,2.6,1,1559250780467,22698965,586
2019-05-30 21:13:00.467,4.1,sell,8412.74,BTC-28JUN19-6000-P,97.8,0.011,4.1,1,1559250780467,22698963,584
2019-05-30 22:05:42.199,1.8,sell,8215.98,BTC-28JUN19-6000-P,89.64,0.01,1.8,3,1559253942199,22740305,588
2019-05-30 22:05:42.199,3.2,sell,8215.98,BTC-28JUN19-6000-P,89.64,0.01,3.2,2,1559253942199,22740304,587
2019-05-31 06:05:44.260,1.0,sell,8252.34,BTC-28JUN19-6000-P,96.97,0.0125,1.0,0,1559282744260,22775852,589
2019-05-31 07:02:13.425,3.0,sell,8289.42,BTC-28JUN19-6000-P,98.92,0.013,3.0,0,1559286133425,22777946,590
2019-05-31 08:07:34.117,1.0,sell,8274.0,BTC-28JUN19-6000-P,96.58,0.012,1.0,2,1559290054117,22782758,591
2019-05-31 08:09:25.338,5.0,sell,8281.21,BTC-28JUN19-6000-P,95.5,0.0115,5.0,2,1559290165338,22782869,592
2019-05-31 09:09:35.677,20.0,sell,8283.32,BTC-28JUN19-6000-P,95.46,0.0115,20.0,3,1559293775677,22786368,593
2019-05-31 09:18:40.775,0.1,sell,8299.98,BTC-28JUN19-6000-P,93.49,0.0105,0.1,2,1559294320775,22786838,594
2019-05-31 09:49:22.228,0.9,buy,8312.25,BTC-28JUN19-6000-P,93.92,0.0105,0.9,3,1559296162228,22787775,595
2019-05-31 11:57:51.445,0.9,buy,8246.57,BTC-28JUN19-6000-P,96.54,0.012,0.9,0,1559303871445,22795534,596
2019-05-31 11:57:51.477,5.0,sell,8246.57,BTC-28JUN19-6000-P,96.54,0.012,5.0,1,1559303871477,22795535,597
2019-05-31 11:57:51.546,5.0,sell,8246.57,BTC-28JUN19-6000-P,96.54,0.012,5.0,1,1559303871546,22795536,598
2019-05-31 11:57:57.578,5.0,sell,8246.53,BTC-28JUN19-6000-P,96.54,0.012,5.0,1,1559303877578,22795537,599
2019-05-31 11:59:42.265,3.6,sell,8246.52,BTC-28JUN19-6000-P,96.54,0.012,3.6,1,1559303982265,22795563,600
2019-05-31 12:10:28.439,5.0,sell,8254.53,BTC-28JUN19-6000-P,94.31,0.011,5.0,2,1559304628439,22795866,601
2019-05-31 12:12:06.516,5.0,sell,8260.47,BTC-28JUN19-6000-P,93.22,0.0105,5.0,2,1559304726516,22795971,602
2019-05-31 12:41:33.181,5.0,sell,8283.06,BTC-28JUN19-6000-P,90.05,0.009000000000000001,5.0,2,1559306493181,22797242,603
2019-05-31 16:58:34.954,50.0,buy,8416.96,BTC-28JUN19-6000-P,95.14,0.0095,50.0,0,1559321914954,22822203,604
2019-05-31 17:16:44.793,25.0,sell,8422.48,BTC-28JUN19-6000-P,94.24,0.009000000000000001,25.0,2,1559323004793,22824948,605
2019-05-31 19:10:23.675,24.0,sell,8415.97,BTC-28JUN19-6000-P,95.78,0.0095,24.0,0,1559329823675,22833203,606
2019-05-31 19:15:41.069,5.0,sell,8413.41,BTC-28JUN19-6000-P,94.36,0.009000000000000001,5.0,2,1559330141069,22833271,607
2019-05-31 19:16:03.593,5.0,sell,8412.49,BTC-28JUN19-6000-P,94.35,0.009000000000000001,5.0,3,1559330163593,22833274,608
2019-05-31 20:08:32.729,5.0,buy,8448.89,BTC-28JUN19-6000-P,99.38,0.0105,5.0,0,1559333312729,22837096,609
2019-05-31 20:51:09.452,2.0,sell,8499.05,BTC-28JUN19-6000-P,95.93,0.0085,2.0,2,1559335869452,22840594,610
2019-05-31 21:35:13.393,0.1,buy,8505.48,BTC-28JUN19-6000-P,100.13,0.01,0.1,0,1559338513393,22845346,611
2019-05-31 23:16:20.717,0.1,buy,8534.19,BTC-28JUN19-6000-P,100.93,0.01,0.1,1,1559344580717,22850211,612
2019-05-31 23:16:40.224,0.1,buy,8537.84,BTC-28JUN19-6000-P,101.06,0.01,0.1,1,1559344600224,22850233,613
2019-05-31 23:27:15.921,0.1,buy,8549.4,BTC-28JUN19-6000-P,98.58,0.009000000000000001,0.1,2,1559345235921,22850758,614
2019-05-31 23:35:00.072,5.0,sell,8571.21,BTC-28JUN19-6000-P,97.79,0.0085,5.0,2,1559345700072,22851300,615
2019-06-01 04:21:02.868,10.0,sell,8522.84,BTC-28JUN19-6000-P,97.53,0.0085,10.0,3,1559362862868,22863183,616
2019-06-01 05:44:42.224,8.0,sell,8521.46,BTC-28JUN19-6000-P,97.53,0.0085,8.0,3,1559367882224,22865886,617
2019-06-01 05:44:42.224,0.2,sell,8521.46,BTC-28JUN19-6000-P,97.53,0.0085,0.2,3,1559367882224,22865887,618
2019-06-01 09:06:07.196,0.5,sell,8571.22,BTC-28JUN19-6000-P,97.42,0.008,0.5,3,1559379967196,22873700,620
2019-06-01 09:06:07.196,0.5,sell,8571.22,BTC-28JUN19-6000-P,97.42,0.008,0.5,2,1559379967196,22873699,619
2019-06-01 09:31:59.783,24.0,sell,8580.03,BTC-28JUN19-6000-P,97.46,0.008,24.0,3,1559381519783,22876226,621
2019-06-01 09:58:55.119,0.5,sell,8573.72,BTC-28JUN19-6000-P,97.36,0.008,0.5,3,1559383135119,22877099,622
2019-06-01 10:03:05.083,24.0,sell,8581.43,BTC-28JUN19-6000-P,95.88,0.0075,24.0,2,1559383385083,22877221,623
2019-06-01 10:03:05.243,1.0,sell,8581.43,BTC-28JUN19-6000-P,95.88,0.0075,1.0,3,1559383385243,22877222,624
2019-06-01 14:51:02.731,3.6,buy,8479.87,BTC-28JUN19-6000-P,93.48,0.0075,3.6,3,1559400662731,22886628,625
2019-06-01 14:51:02.739,4.8,buy,8479.87,BTC-28JUN19-6000-P,93.48,0.0075,4.8,3,1559400662739,22886629,626
2019-06-01 14:51:02.739,8.1,buy,8479.87,BTC-28JUN19-6000-P,93.48,0.0075,8.1,3,1559400662739,22886630,627
2019-06-01 14:51:02.741,2.0,buy,8479.87,BTC-28JUN19-6000-P,93.48,0.0075,2.0,3,1559400662741,22886631,628
2019-06-01 14:51:02.746,2.9,buy,8479.87,BTC-28JUN19-6000-P,93.48,0.0075,2.9,3,1559400662746,22886632,629
2019-06-01 14:51:02.747,2.1,buy,8479.87,BTC-28JUN19-6000-P,93.48,0.0075,2.1,3,1559400662747,22886633,630
2019-06-01 14:51:02.752,0.5,buy,8479.87,BTC-28JUN19-6000-P,93.48,0.0075,0.5,3,1559400662752,22886634,631
2019-06-01 14:51:04.548,3.3000000000000003,sell,8479.59,BTC-28JUN19-6000-P,93.45,0.0075,3.3000000000000003,3,1559400664548,22886654,635
2019-06-01 14:51:04.548,10.0,sell,8479.59,BTC-28JUN19-6000-P,93.45,0.0075,10.0,3,1559400664548,22886652,633
2019-06-01 14:51:04.548,0.8,sell,8479.59,BTC-28JUN19-6000-P,93.45,0.0075,0.8,3,1559400664548,22886655,636
2019-06-01 14:51:04.548,2.6,sell,8479.59,BTC-28JUN19-6000-P,93.45,0.0075,2.6,3,1559400664548,22886653,634
2019-06-01 14:51:04.548,7.3,sell,8479.59,BTC-28JUN19-6000-P,93.45,0.0075,7.3,3,1559400664548,22886651,632
2019-06-01 14:51:04.796,3.0,sell,8479.59,BTC-28JUN19-6000-P,93.45,0.0075,3.0,3,1559400664796,22886662,642
2019-06-01 14:51:04.796,11.4,sell,8479.59,BTC-28JUN19-6000-P,93.45,0.0075,11.4,3,1559400664796,22886661,641
2019-06-01 14:51:04.796,2.9,sell,8479.59,BTC-28JUN19-6000-P,93.45,0.0075,2.9,3,1559400664796,22886660,640
2019-06-01 14:51:04.796,3.7,sell,8479.59,BTC-28JUN19-6000-P,93.45,0.0075,3.7,3,1559400664796,22886659,639
2019-06-01 14:51:04.796,2.3000000000000003,sell,8479.59,BTC-28JUN19-6000-P,93.45,0.0075,2.3000000000000003,3,1559400664796,22886657,637
2019-06-01 14:51:04.796,0.7000000000000001,sell,8479.59,BTC-28JUN19-6000-P,93.45,0.0075,0.7000000000000001,3,1559400664796,22886658,638
2019-06-01 16:20:00.525,6.5,sell,8571.01,BTC-28JUN19-6000-P,95.89,0.0075,6.5,3,1559406000525,22890155,643
2019-06-01 16:20:00.525,3.5,sell,8571.01,BTC-28JUN19-6000-P,95.89,0.0075,3.5,3,1559406000525,22890156,644
2019-06-01 21:34:37.807,2.5,sell,8590.54,BTC-28JUN19-6000-P,96.76,0.0075,2.5,3,1559424877807,22900177,646
2019-06-01 21:34:37.807,1.9,sell,8590.54,BTC-28JUN19-6000-P,96.76,0.0075,1.9,3,1559424877807,22900176,645
2019-06-02 01:21:11.153,0.1,sell,8589.6,BTC-28JUN19-6000-P,93.58,0.0065,0.1,2,1559438471153,22908396,647
2019-06-02 03:07:26.533,0.1,buy,8560.81,BTC-28JUN19-6000-P,97.34,0.008,0.1,0,1559444846533,22911891,648
2019-06-02 08:25:44.533,1.9,sell,8704.23,BTC-28JUN19-6000-P,97.02,0.0065,1.9,2,1559463944533,22924045,649
2019-06-02 08:25:53.293,0.5,sell,8705.45,BTC-28JUN19-6000-P,91.56,0.005,0.5,3,1559463953293,22924050,651
2019-06-02 08:25:53.293,2.0,sell,8705.45,BTC-28JUN19-6000-P,91.56,0.005,2.0,2,1559463953293,22924049,650
2019-06-02 13:37:20.735,5.0,sell,8711.17,BTC-28JUN19-6000-P,89.66,0.0045,5.0,2,1559482640735,22945572,652
2019-06-02 15:11:04.766,1.9,sell,8733.81,BTC-28JUN19-6000-P,90.36,0.0045,1.9,3,1559488264766,22950340,653
2019-06-02 16:25:47.263,0.1,sell,8717.49,BTC-28JUN19-6000-P,90.05,0.0045,0.1,3,1559492747263,22952415,654
2019-06-02 16:26:33.275,2.0,sell,8719.99,BTC-28JUN19-6000-P,87.9,0.004,2.0,2,1559492793275,22952442,655
2019-06-02 22:42:42.955,4.0,sell,8744.13,BTC-28JUN19-6000-P,95.43,0.0055,4.0,0,1559515362955,22963502,656
2019-06-03 05:55:04.127,2.0,buy,8569.63,BTC-28JUN19-6000-P,93.52,0.006,2.0,0,1559541304127,22985727,657
2019-06-03 06:03:28.646,2.0,sell,8599.66,BTC-28JUN19-6000-P,92.37,0.0055,2.0,2,1559541808646,22986459,658
2019-06-03 06:28:42.459,5.0,sell,8592.43,BTC-28JUN19-6000-P,92.2,0.0055,5.0,3,1559543322459,22987700,659
2019-06-03 09:22:06.326,0.1,sell,8456.24,BTC-28JUN19-6000-P,89.09,0.0055,0.1,3,1559553726326,23014841,660
2019-06-03 09:22:06.326,0.7000000000000001,sell,8456.24,BTC-28JUN19-6000-P,89.09,0.0055,0.7000000000000001,3,1559553726326,23014842,661
2019-06-03 09:22:06.326,0.2,sell,8456.24,BTC-28JUN19-6000-P,89.09,0.0055,0.2,3,1559553726326,23014843,662
2019-06-03 09:24:55.570,0.8,sell,8466.16,BTC-28JUN19-6000-P,89.36,0.0055,0.8,3,1559553895570,23015114,663
2019-06-03 16:34:02.290,20.0,buy,8496.79,BTC-28JUN19-6000-P,98.64,0.008,20.0,0,1559579642290,23053782,664
2019-06-03 16:34:08.962,3.0,buy,8497.74,BTC-28JUN19-6000-P,98.65,0.008,3.0,1,1559579648962,23053794,665
2019-06-03 16:50:24.199,0.2,sell,8545.17,BTC-28JUN19-6000-P,95.16,0.0065,0.2,2,1559580624199,23055773,666
2019-06-03 20:01:14.878,1.0,sell,8572.44,BTC-28JUN19-6000-P,96.63,0.0065,1.0,3,1559592074878,23067490,667
2019-06-03 22:01:26.753,0.2,buy,8478.0,BTC-28JUN19-6000-P,99.27,0.008,0.2,0,1559599286753,23074001,668
2019-06-03 22:30:52.419,9.6,buy,8445.09,BTC-28JUN19-6000-P,100.0,0.0085,9.6,0,1559601052419,23078370,669
2019-06-03 22:30:52.419,0.4,buy,8445.09,BTC-28JUN19-6000-P,100.0,0.0085,0.4,1,1559601052419,23078371,670
2019-06-04 00:05:54.004,0.1,buy,7856.13,BTC-28JUN19-6000-P,92.55,0.0125,0.1,0,1559606754004,23121672,671
2019-06-04 01:31:13.868,0.1,buy,7999.58,BTC-28JUN19-6000-P,100.01,0.014,0.1,0,1559611873868,23149723,672
2019-06-04 01:45:19.404,10.0,buy,7952.63,BTC-28JUN19-6000-P,89.25,0.01,10.0,2,1559612719404,23151291,673
2019-06-04 01:47:05.132,10.0,sell,7972.63,BTC-28JUN19-6000-P,87.29,0.009000000000000001,10.0,2,1559612825132,23151484,674
2019-06-04 01:47:16.276,10.0,buy,7966.54,BTC-28JUN19-6000-P,88.42,0.0095,10.0,0,1559612836276,23151503,675
2019-06-04 01:47:24.025,10.0,buy,7966.47,BTC-28JUN19-6000-P,88.43,0.0095,10.0,1,1559612844025,23151506,676
2019-06-04 01:47:35.378,10.0,buy,7964.55,BTC-28JUN19-6000-P,88.37,0.0095,10.0,1,1559612855378,23151513,677
2019-06-04 04:07:39.208,2.8000000000000003,buy,7893.15,BTC-28JUN19-6000-P,96.26,0.014,2.8000000000000003,1,1559621259208,23160507,679
2019-06-04 04:07:39.208,0.2,buy,7893.15,BTC-28JUN19-6000-P,96.26,0.014,0.2,0,1559621259208,23160506,678
2019-06-04 04:07:44.282,0.2,buy,7888.5,BTC-28JUN19-6000-P,96.17,0.013999999999999999,0.2,1,1559621264282,23160524,680
2019-06-04 05:48:50.546,0.1,sell,7944.27,BTC-28JUN19-6000-P,89.97,0.0105,0.1,2,1559627330546,23169802,681
2019-06-04 06:23:50.810,0.1,buy,7911.95,BTC-28JUN19-6000-P,96.05,0.0135,0.1,0,1559629430810,23172461,682
2019-06-04 07:12:17.324,10.0,buy,7838.41,BTC-28JUN19-6000-P,96.92,0.015,10.0,1,1559632337324,23179657,684
2019-06-04 07:12:17.324,24.0,buy,7838.41,BTC-28JUN19-6000-P,96.92,0.015,24.0,1,1559632337324,23179658,685
2019-06-04 07:12:17.324,0.1,buy,7838.41,BTC-28JUN19-6000-P,96.92,0.015,0.1,0,1559632337324,23179656,683
2019-06-04 07:12:20.503,10.0,sell,7838.26,BTC-28JUN19-6000-P,96.92,0.015,10.0,1,1559632340503,23179659,686
2019-06-04 10:00:02.078,1.0,buy,7935.21,BTC-28JUN19-6000-P,93.75,0.012,1.0,2,1559642402078,23196832,687
2019-06-04 15:12:43.897,10.1,sell,7950.01,BTC-28JUN19-6000-P,97.43,0.0135,10.1,0,1559661163897,23217269,688
2019-06-04 15:12:55.954,6.0,buy,7950.08,BTC-28JUN19-6000-P,98.53,0.013999999999999999,6.0,1,1559661175954,23217273,691
2019-06-04 15:12:55.954,24.0,buy,7950.08,BTC-28JUN19-6000-P,98.53,0.013999999999999999,24.0,0,1559661175954,23217271,689
2019-06-04 15:12:55.954,10.0,buy,7950.08,BTC-28JUN19-6000-P,98.53,0.013999999999999999,10.0,1,1559661175954,23217272,690
2019-06-04 17:16:03.050,10.0,buy,7767.46,BTC-28JUN19-6000-P,97.44,0.0165,10.0,0,1559668563050,23231387,692
2019-06-04 17:16:03.050,20.0,buy,7767.46,BTC-28JUN19-6000-P,97.44,0.0165,20.0,1,1559668563050,23231388,693
2019-06-04 18:36:05.955,7.8,buy,7690.52,BTC-28JUN19-6000-P,99.96,0.019,7.8,0,1559673365955,23268020,694
2019-06-04 18:36:05.964,7.0,buy,7690.52,BTC-28JUN19-6000-P,99.96,0.019,7.0,1,1559673365964,23268021,695
2019-06-04 18:36:05.976,6.0,buy,7690.52,BTC-28JUN19-6000-P,99.96,0.019,6.0,1,1559673365976,23268023,697
2019-06-04 18:36:05.976,5.2,buy,7690.52,BTC-28JUN19-6000-P,99.96,0.019,5.2,1,1559673365976,23268022,696
2019-06-04 18:36:05.976,9.6,buy,7690.52,BTC-28JUN19-6000-P,100.87,0.0195,9.6,0,1559673365976,23268024,698
2019-06-04 18:36:05.977,6.2,buy,7690.52,BTC-28JUN19-6000-P,100.87,0.0195,6.2,1,1559673365977,23268025,699
2019-06-04 18:36:05.978,5.5,buy,7690.52,BTC-28JUN19-6000-P,100.87,0.0195,5.5,1,1559673365978,23268027,701
2019-06-04 18:36:05.978,8.2,buy,7690.52,BTC-28JUN19-6000-P,100.87,0.0195,8.2,1,1559673365978,23268026,700
2019-06-04 18:36:05.981,2.7,sell,7690.52,BTC-28JUN19-6000-P,101.78,0.02,2.7,1,1559673365981,23268029,703
2019-06-04 18:36:05.981,3.2,sell,7690.52,BTC-28JUN19-6000-P,101.78,0.02,3.2,0,1559673365981,23268028,702
2019-06-04 18:36:06.138,10.0,sell,7690.52,BTC-28JUN19-6000-P,101.78,0.02,10.0,1,1559673366138,23268030,704
2019-06-04 18:36:06.320,4.3,sell,7690.52,BTC-28JUN19-6000-P,101.78,0.02,4.3,1,1559673366320,23268031,705
2019-06-04 18:36:06.365,4.3,sell,7690.52,BTC-28JUN19-6000-P,101.78,0.02,4.3,1,1559673366365,23268032,706
2019-06-04 18:36:06.508,1.7,sell,7691.06,BTC-28JUN19-6000-P,101.81,0.02,1.7,1,1559673366508,23268034,708
2019-06-04 18:36:06.508,3.3000000000000003,sell,7691.06,BTC-28JUN19-6000-P,101.81,0.02,3.3000000000000003,1,1559673366508,23268033,707
2019-06-04 18:36:07.389,14.3,sell,7691.34,BTC-28JUN19-6000-P,101.82,0.02,14.3,1,1559673367389,23268037,711
2019-06-04 18:36:07.389,6.7,sell,7691.34,BTC-28JUN19-6000-P,101.82,0.02,6.7,1,1559673367389,23268036,710
2019-06-04 18:36:07.389,3.0,sell,7691.34,BTC-28JUN19-6000-P,101.82,0.02,3.0,1,1559673367389,23268035,709
2019-06-04 18:36:08.810,7.3,sell,7691.48,BTC-28JUN19-6000-P,101.83,0.02,7.3,1,1559673368810,23268038,712
2019-06-04 18:36:08.810,16.7,sell,7691.48,BTC-28JUN19-6000-P,101.83,0.02,16.7,1,1559673368810,23268039,713
2019-06-04 18:36:11.215,0.9,sell,7691.51,BTC-28JUN19-6000-P,101.83,0.02,0.9,1,1559673371215,23268045,714
2019-06-04 18:36:11.215,4.1,sell,7691.51,BTC-28JUN19-6000-P,101.83,0.02,4.1,1,1559673371215,23268046,715
2019-06-04 18:36:41.948,1.5,sell,7690.59,BTC-28JUN19-6000-P,101.69,0.02,1.5,1,1559673401948,23268149,720
2019-06-04 18:36:41.948,5.4,sell,7690.59,BTC-28JUN19-6000-P,101.69,0.02,5.4,1,1559673401948,23268147,718
2019-06-04 18:36:41.948,4.4,sell,7690.59,BTC-28JUN19-6000-P,101.69,0.02,4.4,1,1559673401948,23268150,721
2019-06-04 18:36:41.948,2.2,sell,7690.59,BTC-28JUN19-6000-P,101.69,0.02,2.2,1,1559673401948,23268145,716
2019-06-04 18:36:41.948,3.6,sell,7690.59,BTC-28JUN19-6000-P,101.69,0.02,3.6,1,1559673401948,23268152,723
2019-06-04 18:36:41.948,5.6000000000000005,sell,7690.59,BTC-28JUN19-6000-P,101.69,0.02,5.6000000000000005,1,1559673401948,23268148,719
2019-06-04 18:36:41.948,11.8,sell,7690.59,BTC-28JUN19-6000-P,101.69,0.02,11.8,1,1559673401948,23268151,722
2019-06-04 18:36:41.948,8.5,sell,7690.59,BTC-28JUN19-6000-P,101.69,0.02,8.5,1,1559673401948,23268146,717
2019-06-04 18:36:43.963,6.7,sell,7690.67,BTC-28JUN19-6000-P,101.68,0.02,6.7,1,1559673403963,23268161,724
2019-06-04 20:04:34.436,10.0,buy,7586.95,BTC-28JUN19-6000-P,95.49,0.0185,10.0,2,1559678674436,23290127,725
2019-06-04 20:04:34.436,6.0,buy,7586.95,BTC-28JUN19-6000-P,95.49,0.0185,6.0,3,1559678674436,23290128,726
2019-06-04 20:12:10.464,0.2,sell,7636.88,BTC-28JUN19-6000-P,92.64,0.016,0.2,2,1559679130464,23291122,727
2019-06-04 20:36:52.636,6.0,buy,7628.84,BTC-28JUN19-6000-P,97.16,0.0185,6.0,1,1559680612636,23293457,729
2019-06-04 20:36:52.636,10.0,buy,7628.84,BTC-28JUN19-6000-P,97.16,0.0185,10.0,0,1559680612636,23293456,728
2019-06-04 21:33:41.022,1.0,sell,7595.14,BTC-28JUN19-6000-P,95.91,0.0185,1.0,1,1559684021022,23298095,730
2019-06-04 21:35:36.235,1.0,sell,7587.75,BTC-28JUN19-6000-P,94.87,0.018000000000000002,1.0,2,1559684136235,23298153,731
2019-06-04 21:43:17.684,5.0,sell,7583.48,BTC-28JUN19-6000-P,97.43,0.0195,5.0,0,1559684597684,23299465,732
2019-06-04 21:43:17.777,5.0,sell,7583.48,BTC-28JUN19-6000-P,96.53,0.019,5.0,2,1559684597777,23299466,733
2019-06-04 21:43:26.496,5.0,sell,7583.51,BTC-28JUN19-6000-P,96.57,0.019,5.0,3,1559684606496,23299467,734
2019-06-04 21:59:54.953,1.0,buy,7463.4,BTC-28JUN19-6000-P,95.03,0.021,1.0,0,1559685594953,23304476,735
2019-06-04 22:55:31.221,5.0,sell,7648.6,BTC-28JUN19-6000-P,97.08,0.018000000000000002,5.0,2,1559688931221,23317678,736
2019-06-05 05:27:55.492,0.1,sell,7809.58,BTC-28JUN19-6000-P,94.24,0.0135,0.1,2,1559712475492,23335713,737
2019-06-05 07:48:40.626,4.2,buy,7825.61,BTC-28JUN19-6000-P,95.04,0.0135,4.2,3,1559720920626,23341294,738
2019-06-05 08:01:29.814,1.0,sell,7837.67,BTC-28JUN19-6000-P,97.54,0.0145,1.0,0,1559721689814,23341757,739
2019-06-05 09:13:31.918,1.5,buy,7810.25,BTC-28JUN19-6000-P,98.73,0.0155,1.5,0,1559726011918,23344080,740
2019-06-05 14:54:06.346,0.2,buy,7648.7,BTC-28JUN19-6000-P,94.65,0.016,0.2,0,1559746446346,23369530,741
2019-06-05 14:58:56.507,10.0,buy,7679.33,BTC-28JUN19-6000-P,97.73,0.017,10.0,0,1559746736507,23370281,742
2019-06-05 14:58:56.507,19.9,buy,7679.33,BTC-28JUN19-6000-P,97.73,0.017,19.9,1,1559746736507,23370284,745
2019-06-05 14:58:56.507,24.0,buy,7679.33,BTC-28JUN19-6000-P,97.73,0.017,24.0,1,1559746736507,23370282,743
2019-06-05 14:58:56.507,6.0,buy,7679.33,BTC-28JUN19-6000-P,97.73,0.017,6.0,1,1559746736507,23370283,744
2019-06-05 16:05:25.970,10.0,sell,7665.82,BTC-28JUN19-6000-P,95.22,0.016,10.0,2,1559750725970,23378509,746
2019-06-05 16:54:43.288,0.2,sell,7755.35,BTC-28JUN19-6000-P,94.49,0.013999999999999999,0.2,2,1559753683288,23382748,747
2019-06-05 17:34:17.085,20.0,sell,7815.54,BTC-28JUN19-6000-P,94.42,0.013000000000000001,20.0,2,1559756057085,23385848,748
2019-06-05 20:54:30.992,10.0,sell,7708.11,BTC-28JUN19-6000-P,91.06,0.013000000000000001,10.0,3,1559768070992,23410661,749
2019-06-05 20:54:30.992,6.0,sell,7708.11,BTC-28JUN19-6000-P,91.06,0.013000000000000001,6.0,3,1559768070992,23410662,750
2019-06-05 21:04:18.839,10.1,buy,7722.28,BTC-28JUN19-6000-P,91.41,0.013000000000000001,10.1,3,1559768658839,23412709,751
2019-06-05 21:06:05.360,5.9,buy,7720.15,BTC-28JUN19-6000-P,91.47,0.013000000000000001,5.9,3,1559768765360,23412911,752
2019-06-05 21:32:11.981,2.0,buy,7659.2,BTC-28JUN19-6000-P,90.36,0.0135,2.0,0,1559770331981,23416103,753
2019-06-06 02:08:00.779,0.2,sell,7833.45,BTC-28JUN19-6000-P,91.06,0.011000000000000001,0.2,2,1559786880779,23436365,754
2019-06-06 03:24:52.424,9.9,sell,7848.42,BTC-28JUN19-6000-P,90.33,0.0105,9.9,2,1559791492424,23438806,755
2019-06-06 03:50:13.433,10.0,sell,7865.58,BTC-28JUN19-6000-P,84.36,0.008,10.0,2,1559793013433,23439490,756
2019-06-06 05:35:11.465,10.0,sell,7802.0,BTC-28JUN19-6000-P,82.58,0.008,10.0,3,1559799311465,23442116,757
2019-06-06 05:35:11.465,24.0,sell,7802.0,BTC-28JUN19-6000-P,82.58,0.008,24.0,3,1559799311465,23442117,758
2019-06-06 06:41:11.470,24.0,buy,7816.34,BTC-28JUN19-6000-P,87.09,0.0095,24.0,0,1559803271470,23443253,759
2019-06-06 08:06:16.874,20.0,sell,7772.17,BTC-28JUN19-6000-P,82.99,0.0085,20.0,3,1559808376874,23446182,761
2019-06-06 08:06:16.874,5.0,sell,7772.17,BTC-28JUN19-6000-P,82.99,0.0085,5.0,2,1559808376874,23446181,760
2019-06-06 10:08:11.955,0.1,sell,7792.31,BTC-28JUN19-6000-P,83.81,0.0085,0.1,3,1559815691955,23449530,762
2019-06-06 11:32:31.426,3.4,buy,7824.13,BTC-28JUN19-6000-P,86.12,0.009000000000000001,3.4,0,1559820751426,23451968,763
2019-06-06 12:07:06.709,10.0,buy,7743.09,BTC-28JUN19-6000-P,84.76,0.0095,10.0,0,1559822826709,23456470,764
2019-06-06 13:20:30.727,0.1,buy,7664.33,BTC-28JUN19-6000-P,83.24,0.01,0.1,0,1559827230727,23467969,765
2019-06-06 16:25:32.203,3.9,sell,7728.12,BTC-28JUN19-6000-P,81.52,0.0085,3.9,2,1559838332203,23489794,766
2019-06-06 16:35:43.161,10.0,sell,7724.12,BTC-28JUN19-6000-P,80.06,0.008,10.0,2,1559838943161,23490162,767
2019-06-06 16:35:43.161,5.0,sell,7724.12,BTC-28JUN19-6000-P,80.06,0.008,5.0,3,1559838943161,23490163,768
2019-06-06 16:49:09.512,1.0,sell,7700.94,BTC-28JUN19-6000-P,79.39,0.008,1.0,3,1559839749512,23491046,769
2019-06-06 18:16:29.355,0.1,buy,7588.83,BTC-28JUN19-6000-P,79.8,0.0095,0.1,0,1559844989355,23503574,770
2019-06-06 18:28:28.792,0.1,buy,7481.55,BTC-28JUN19-6000-P,78.68,0.0105,0.1,0,1559845708792,23509031,771
2019-06-06 20:19:12.215,2.0,sell,7657.81,BTC-28JUN19-6000-P,83.66,0.01,2.0,2,1559852352215,23526020,772
2019-06-06 22:34:43.101,24.0,sell,7733.34,BTC-28JUN19-6000-P,79.61,0.0075,24.0,2,1559860483101,23535174,773
2019-06-07 04:04:46.418,2.0,sell,7817.82,BTC-28JUN19-6000-P,82.94,0.0075,2.0,3,1559880286418,23554391,774
2019-06-07 04:17:26.900,24.0,buy,7803.19,BTC-28JUN19-6000-P,83.8,0.008,24.0,1,1559881046900,23554951,776
2019-06-07 04:17:26.900,0.2,buy,7803.19,BTC-28JUN19-6000-P,83.8,0.008,0.2,0,1559881046900,23554950,775
2019-06-07 04:17:26.900,7.5,buy,7803.19,BTC-28JUN19-6000-P,83.8,0.008,7.5,1,1559881046900,23554952,777
2019-06-07 04:17:26.900,10.0,buy,7803.19,BTC-28JUN19-6000-P,83.8,0.008,10.0,1,1559881046900,23554953,778
2019-06-07 06:04:40.986,0.9,sell,7905.38,BTC-28JUN19-6000-P,84.43,0.006999999999999999,0.9,2,1559887480986,23559544,779
2019-06-07 06:28:02.988,0.4,sell,7922.37,BTC-28JUN19-6000-P,83.35,0.0065,0.4,2,1559888882988,23564604,780
2019-06-07 07:13:22.197,10.0,sell,7984.39,BTC-28JUN19-6000-P,82.04,0.0055,10.0,2,1559891602197,23569000,781
2019-06-07 07:43:41.070,2.9,sell,7955.86,BTC-28JUN19-6000-P,81.65,0.0055,2.9,3,1559893421070,23573415,782
2019-06-07 07:51:50.694,10.0,sell,7943.9,BTC-28JUN19-6000-P,77.59,0.0045,10.0,3,1559893910694,23573754,784
2019-06-07 07:51:50.694,10.0,sell,7943.9,BTC-28JUN19-6000-P,77.59,0.0045,10.0,2,1559893910694,23573753,783
2019-06-07 08:07:01.328,4.0,buy,7980.46,BTC-28JUN19-6000-P,85.82,0.0065,4.0,0,1559894821328,23575205,785
2019-06-07 11:39:02.384,0.4,buy,7939.45,BTC-28JUN19-6000-P,82.81,0.006,0.4,2,1559907542384,23585151,786
2019-06-07 11:39:07.615,0.4,buy,7939.38,BTC-28JUN19-6000-P,82.81,0.006,0.4,3,1559907547615,23585156,787
2019-06-07 11:39:07.736,0.2,buy,7939.38,BTC-28JUN19-6000-P,82.81,0.006,0.2,3,1559907547736,23585158,788
2019-06-07 12:15:28.526,0.1,sell,7926.79,BTC-28JUN19-6000-P,73.17,0.0035,0.1,2,1559909728526,23586418,789
2019-06-07 13:41:38.008,30.0,sell,7973.17,BTC-28JUN19-6000-P,80.48,0.005,30.0,0,1559914898008,23588870,790
2019-06-07 13:54:00.700,0.2,sell,7983.88,BTC-28JUN19-6000-P,84.35,0.006,0.2,0,1559915640700,23589475,791
2019-06-07 16:50:58.099,1.5,buy,8091.64,BTC-28JUN19-6000-P,80.07,0.004,1.5,2,1559926258099,23601391,792
2019-06-08 04:59:04.511,0.5,sell,7990.31,BTC-28JUN19-6000-P,77.64,0.004,0.5,3,1559969944511,23639252,793
2019-06-08 17:30:07.511,1.0,sell,7815.61,BTC-28JUN19-6000-P,77.31,0.005,1.0,0,1560015007511,23672573,794
2019-06-09 08:54:37.664,2.0,sell,7926.09,BTC-28JUN19-6000-P,82.19,0.005,2.0,1,1560070477664,23696781,795
2019-06-09 12:33:19.079,0.5,buy,7735.21,BTC-28JUN19-6000-P,79.43,0.006,0.5,0,1560083599079,23707757,796
2019-06-09 16:42:00.285,1.5,buy,7640.49,BTC-28JUN19-6000-P,76.57,0.006,1.5,1,1560098520285,23729824,797
2019-06-09 16:42:00.285,10.0,buy,7640.49,BTC-28JUN19-6000-P,76.57,0.006,10.0,1,1560098520285,23729825,798
2019-06-09 17:05:44.403,0.3,buy,7650.93,BTC-28JUN19-6000-P,81.36,0.0075,0.3,0,1560099944403,23732910,799
2019-06-10 01:31:32.731,10.0,buy,7631.46,BTC-28JUN19-6000-P,81.99,0.0075,10.0,1,1560130292731,23791043,800
2019-06-10 05:29:53.706,25.0,sell,7627.22,BTC-28JUN19-6000-P,80.72,0.006999999999999999,25.0,2,1560144593706,23800866,801
2019-06-10 05:49:03.183,75.0,sell,7628.52,BTC-28JUN19-6000-P,80.88,0.006999999999999999,75.0,3,1560145743183,23801297,802
2019-06-10 06:42:43.218,30.0,sell,7720.09,BTC-28JUN19-6000-P,79.2,0.0055,30.0,2,1560148963218,23804901,803
2019-06-10 06:44:23.356,10.0,sell,7720.13,BTC-28JUN19-6000-P,77.56,0.005,10.0,2,1560149063356,23804963,804
2019-06-10 06:44:23.356,30.0,sell,7720.13,BTC-28JUN19-6000-P,77.56,0.005,30.0,3,1560149063356,23804964,805
2019-06-10 11:42:06.855,0.1,sell,7975.43,BTC-28JUN19-6000-P,77.23,0.003,0.1,2,1560166926855,23832299,806
2019-06-10 12:34:05.431,1.0,buy,8000.25,BTC-28JUN19-6000-P,81.93,0.004,1.0,0,1560170045431,23847536,807
2019-06-10 12:34:05.431,2.0,buy,8000.25,BTC-28JUN19-6000-P,81.93,0.004,2.0,1,1560170045431,23847537,808
2019-06-10 12:52:55.995,0.4,buy,7966.46,BTC-28JUN19-6000-P,82.97,0.0045,0.4,0,1560171175995,23849730,809
2019-06-10 12:52:56.417,0.4,buy,7966.46,BTC-28JUN19-6000-P,82.97,0.0045,0.4,1,1560171176417,23849732,810
2019-06-10 12:53:12.873,0.4,buy,7966.43,BTC-28JUN19-6000-P,82.97,0.0045,0.4,1,1560171192873,23849743,811
2019-06-10 12:53:19.379,0.4,buy,7966.29,BTC-28JUN19-6000-P,82.97,0.0045,0.4,1,1560171199379,23849746,812
2019-06-10 12:53:19.515,0.4,buy,7966.29,BTC-28JUN19-6000-P,82.97,0.0045,0.4,1,1560171199515,23849748,813
2019-06-10 12:53:52.524,0.4,buy,7967.6,BTC-28JUN19-6000-P,83.02,0.0045,0.4,1,1560171232524,23849774,814
2019-06-10 13:02:39.719,0.4,buy,7986.25,BTC-28JUN19-6000-P,83.4,0.0045,0.4,1,1560171759719,23850656,815
2019-06-10 15:35:40.813,0.1,buy,7917.83,BTC-28JUN19-6000-P,84.71,0.005,0.1,0,1560180940813,23862604,816
2019-06-10 18:29:11.640,10.0,sell,7947.63,BTC-28JUN19-6000-P,79.83,0.0035,10.0,2,1560191351640,23871299,817
2019-06-10 18:29:11.640,6.0,sell,7947.63,BTC-28JUN19-6000-P,79.83,0.0035,6.0,3,1560191351640,23871300,818
2019-06-11 07:25:43.701,0.1,sell,7933.33,BTC-28JUN19-6000-P,80.67,0.0035,0.1,3,1560237943701,23897064,819
2019-06-11 09:15:24.275,1.9,sell,7948.93,BTC-28JUN19-6000-P,78.89,0.003,1.9,2,1560244524275,23899069,820
2019-06-11 09:15:24.275,2.0,sell,7948.93,BTC-28JUN19-6000-P,78.89,0.003,2.0,3,1560244524275,23899070,821
2019-06-11 14:15:39.017,0.5,buy,7776.19,BTC-28JUN19-6000-P,81.81,0.005,0.5,0,1560262539017,23931864,822
2019-06-11 14:17:18.701,6.0,sell,7779.48,BTC-28JUN19-6000-P,83.78,0.0055,6.0,0,1560262638701,23931995,823
2019-06-11 14:17:22.537,4.0,sell,7779.24,BTC-28JUN19-6000-P,83.77,0.0055,4.0,1,1560262642537,23932002,824
2019-06-11 15:31:32.691,3.0,sell,7779.96,BTC-28JUN19-6000-P,75.65,0.0035,3.0,2,1560267092691,23935018,825
2019-06-11 17:22:34.858,1.0,buy,7882.04,BTC-28JUN19-6000-P,81.77,0.004,1.0,0,1560273754858,23947686,826
2019-06-11 19:22:48.251,1.0,buy,7886.17,BTC-28JUN19-6000-P,82.06,0.004,1.0,1,1560280968251,23953439,827
2019-06-12 02:48:27.435,4.0,sell,8021.35,BTC-28JUN19-6000-P,82.1,0.003,4.0,2,1560307707435,23973362,828
2019-06-12 03:19:01.457,0.1,buy,8018.48,BTC-28JUN19-6000-P,84.44,0.0035,0.1,0,1560309541457,23979308,829
2019-06-12 08:41:06.842,5.0,buy,7970.03,BTC-28JUN19-6000-P,83.91,0.0035,5.0,1,1560328866842,23989098,830
2019-06-12 08:45:25.107,3.5,buy,7977.58,BTC-28JUN19-6000-P,84.25,0.0035,3.5,1,1560329125107,23989187,831
2019-06-12 19:44:47.235,2.1,buy,8169.16,BTC-28JUN19-6000-P,82.08,0.002,2.1,2,1560368687235,24038219,832
2019-06-12 20:03:48.468,100.0,sell,8173.96,BTC-28JUN19-6000-P,78.29,0.0015,100.0,2,1560369828468,24038603,833
2019-06-12 20:03:48.468,30.0,sell,8173.96,BTC-28JUN19-6000-P,78.29,0.0015,30.0,3,1560369828468,24038604,834
2019-06-12 20:03:53.557,3.0,sell,8172.94,BTC-28JUN19-6000-P,78.28,0.0015,3.0,3,1560369833557,24038606,835
2019-06-13 03:57:48.873,25.0,sell,8121.64,BTC-28JUN19-6000-P,77.89,0.0015,25.0,3,1560398268873,24052776,836
2019-06-13 04:52:25.923,25.0,sell,8149.74,BTC-28JUN19-6000-P,78.84,0.0015,25.0,3,1560401545923,24053824,837
2019-06-13 09:44:41.808,0.1,buy,8099.4,BTC-28JUN19-6000-P,81.97,0.002,0.1,0,1560419081808,24059426,838
2019-06-14 00:26:54.612,8.0,sell,8222.9,BTC-28JUN19-6000-P,77.94,0.001,8.0,2,1560472014612,24106940,839
2019-06-14 00:26:54.612,4.0,sell,8222.9,BTC-28JUN19-6000-P,77.94,0.001,4.0,3,1560472014612,24106941,840
2019-06-14 00:26:54.612,20.0,sell,8222.9,BTC-28JUN19-6000-P,77.94,0.001,20.0,3,1560472014612,24106942,841
2019-06-14 12:37:34.601,2.0,sell,8359.8,BTC-28JUN19-6000-P,75.22,0.0005,2.0,2,1560515854601,24133007,842
2019-06-14 12:37:34.601,4.0,sell,8359.8,BTC-28JUN19-6000-P,75.22,0.0005,4.0,3,1560515854601,24133008,843
2019-06-14 12:37:34.601,5.0,sell,8359.8,BTC-28JUN19-6000-P,75.22,0.0005,5.0,3,1560515854601,24133009,844
2019-06-14 12:38:27.794,5.0,sell,8361.26,BTC-28JUN19-6000-P,75.28,0.0005,5.0,3,1560515907794,24133166,845
2019-06-14 13:07:12.550,5.0,sell,8352.97,BTC-28JUN19-6000-P,75.09,0.0005,5.0,3,1560517632550,24135792,846
2019-06-14 13:07:16.749,5.0,sell,8352.93,BTC-28JUN19-6000-P,75.09,0.0005,5.0,3,1560517636749,24135799,847
2019-06-14 13:07:24.677,5.0,sell,8353.02,BTC-28JUN19-6000-P,75.09,0.0005,5.0,3,1560517644677,24135804,848
2019-06-14 13:07:32.310,5.0,sell,8352.89,BTC-28JUN19-6000-P,75.09,0.0005,5.0,3,1560517652310,24135806,849
2019-06-14 13:07:40.053,5.0,sell,8353.31,BTC-28JUN19-6000-P,75.1,0.0005,5.0,3,1560517660053,24135808,850
2019-06-14 13:07:47.798,5.0,sell,8353.2,BTC-28JUN19-6000-P,75.1,0.0005,5.0,3,1560517667798,24135810,851
2019-06-14 13:07:51.407,5.0,sell,8353.68,BTC-28JUN19-6000-P,75.11,0.0005,5.0,3,1560517671407,24135812,852
2019-06-15 14:45:44.991,1.6,sell,8687.78,BTC-28JUN19-6000-P,86.91,0.0005,1.6,3,1560609944991,24214826,853
2019-06-16 01:59:12.631,0.1,sell,8966.71,BTC-28JUN19-6000-P,95.87,0.0005,0.1,3,1560650352631,24270982,854
2019-06-17 10:24:46.136,0.9,buy,9183.33,BTC-28JUN19-6000-P,117.84,0.001,0.9,0,1560767086136,24478011,855
2019-06-17 18:45:11.604,1.0,buy,9269.05,BTC-28JUN19-6000-P,111.53,0.0005,1.0,2,1560797111604,24542690,856
