date_utc,amount,direction,indexPrice,instrument,iv,price,quantity,tickDirection,timeStamp,tradeId,tradeSeq
2019-02-15 15:10:45.910,1.0,buy,3561.42,BTC-28JUN19-6000-P,44.59,0.7065,1.0,0,1550243445910,15397888,104
2019-02-16 22:15:15.363,0.3,buy,3594.43,BTC-28JUN19-6000-P,66.54,0.7055,0.3,2,1550355315363,15423163,105
2019-02-16 22:32:06.032,0.4,sell,3593.47,BTC-28JUN19-6000-P,44.86,0.687,0.4,2,1550356326032,15423316,106
2019-02-16 22:32:13.298,0.4,buy,3593.47,BTC-28JUN19-6000-P,44.87,0.687,0.4,3,1550356333298,15423317,107
2019-02-16 22:36:33.565,0.4,sell,3592.9,BTC-28JUN19-6000-P,44.72,0.6875,0.4,0,1550356593565,15423388,108
2019-02-16 22:36:34.797,0.4,buy,3592.77,BTC-28JUN19-6000-P,44.68,0.6875,0.4,1,1550356594797,15423390,109
2019-02-16 22:38:51.081,0.4,sell,3591.61,BTC-28JUN19-6000-P,44.46,0.6865,0.4,2,1550356731081,15423427,110
2019-02-16 22:39:04.615,0.4,buy,3591.57,BTC-28JUN19-6000-P,44.57,0.6865,0.4,3,1550356744615,15423432,111
2019-02-16 22:39:34.262,0.4,buy,3591.58,BTC-28JUN19-6000-P,44.83,0.6865,0.4,3,1550356774262,15423436,112
2019-02-16 22:40:01.827,0.4,buy,3591.56,BTC-28JUN19-6000-P,44.6,0.6865,0.4,3,1550356801827,15423442,113
2019-02-16 22:40:37.263,0.1,buy,3591.28,BTC-28JUN19-6000-P,44.95,0.6865,0.1,3,1550356837263,15423461,114
2019-02-18 18:36:24.424,0.3,buy,3889.59,BTC-28JUN19-6000-P,64.29,0.5760000000000001,0.3,2,1550514984424,15573591,115
2019-02-18 18:39:33.332,1.0,sell,3886.14,BTC-28JUN19-6000-P,62.0,0.575,1.0,2,1550515173332,15573671,116
2019-02-19 13:43:21.174,1.0,sell,3928.44,BTC-28JUN19-6000-P,65.62,0.56,1.0,2,1550583801174,15631036,117
2019-02-21 08:14:42.204,1.0,sell,3923.32,BTC-28JUN19-6000-P,61.92,0.555,1.0,2,1550736882204,15731665,118
2019-02-24 14:15:15.120,1.0,buy,3818.63,BTC-28JUN19-6000-P,57.05,0.598,1.0,0,1551017715120,15898579,119
2019-03-10 10:40:16.870,0.1,sell,3887.01,BTC-28JUN19-6000-P,48.7,0.56,0.1,2,1552214416870,16459822,120
2019-03-17 03:51:13.825,0.5,buy,3955.88,BTC-28JUN19-6000-P,67.0,0.5475,0.5,2,1552794673825,16655978,121
2019-03-19 06:49:17.594,0.5,sell,3961.71,BTC-28JUN19-6000-P,41.5,0.522,0.5,2,1552978157594,16700033,122
2019-03-21 01:53:37.704,0.5,buy,4024.5,BTC-28JUN19-6000-P,50.26,0.5095,0.5,2,1553133217704,16747635,123
2019-03-29 14:09:42.610,0.2,sell,4075.92,BTC-28JUN19-6000-P,45.9,0.4835,0.2,2,1553868582610,16958650,124
2019-04-02 04:32:34.008,1.0,sell,4215.86,BTC-28JUN19-6000-P,59.1,0.451,1.0,2,1554179554008,17019787,125
2019-04-08 06:06:17.248,2.3000000000000003,buy,5285.08,BTC-28JUN19-6000-P,65.61,0.204,2.3000000000000003,2,1554703577248,17514790,126
2019-04-24 07:48:37.633,0.1,buy,5459.5,BTC-28JUN19-6000-P,57.32,0.161,0.1,2,1556092117633,18152883,127
2019-04-24 15:26:27.657,0.1,buy,5471.57,BTC-28JUN19-6000-P,61.3,0.1665,0.1,0,1556119587657,18180341,128
2019-04-25 21:47:58.497,0.1,buy,5413.1,BTC-28JUN19-6000-P,56.53,0.1675,0.1,0,1556228878497,18234576,129
2019-04-26 08:34:10.626,3.0,buy,5181.07,BTC-28JUN19-6000-P,52.8,0.198,3.0,0,1556267650626,18320125,130
2019-04-26 08:34:22.975,3.0,buy,5181.46,BTC-28JUN19-6000-P,54.28,0.2,3.0,0,1556267662975,18320147,131
2019-05-03 07:43:49.256,0.1,buy,5577.73,BTC-28JUN19-6000-P,58.26,0.1435,0.1,2,1556869429256,18613754,132
2019-05-03 07:43:50.532,0.1,buy,5578.36,BTC-28JUN19-6000-P,58.01,0.14300000000000002,0.1,2,1556869430532,18613755,133
2019-05-03 08:19:35.301,0.5,buy,5574.39,BTC-28JUN19-6000-P,61.42,0.1475,0.5,0,1556871575301,18618930,134
2019-05-03 10:52:29.127,1.0,buy,5703.24,BTC-28JUN19-6000-P,60.64,0.1285,1.0,2,1556880749127,18664067,135
2019-05-03 10:57:05.082,0.2,buy,5675.78,BTC-28JUN19-6000-P,61.31,0.1325,0.2,0,1556881025082,18665893,136
2019-05-03 15:04:46.480,0.2,buy,5702.69,BTC-28JUN19-6000-P,60.85,0.1285,0.2,2,1556895886480,18687638,137
2019-05-04 00:30:26.585,1.1,sell,5733.11,BTC-28JUN19-6000-P,60.65,0.12300000000000001,1.1,2,1556929826585,18725893,138
2019-05-04 00:31:36.933,0.5,sell,5748.05,BTC-28JUN19-6000-P,60.81,0.122,0.5,2,1556929896933,18726492,139
2019-05-04 02:04:37.130,0.1,buy,5748.04,BTC-28JUN19-6000-P,58.51,0.11800000000000001,0.1,2,1556935477130,18737055,140
2019-05-07 10:07:42.499,0.5,buy,5915.89,BTC-28JUN19-6000-P,62.98,0.10400000000000001,0.5,2,1557223662499,19037113,141
2019-05-07 13:50:02.318,0.1,buy,5919.45,BTC-28JUN19-6000-P,64.14,0.105,0.1,0,1557237002318,19044803,142
2019-05-07 14:00:28.511,0.2,buy,5950.85,BTC-28JUN19-6000-P,64.29,0.102,0.2,2,1557237628511,19045573,143
2019-05-07 22:20:05.111,0.5,buy,5864.3,BTC-28JUN19-6000-P,63.09,0.109,0.5,0,1557267605111,19083148,144
2019-05-07 22:20:06.298,0.5,buy,5864.39,BTC-28JUN19-6000-P,63.1,0.109,0.5,1,1557267606298,19083150,145
2019-05-07 23:36:07.474,0.5,buy,5898.05,BTC-28JUN19-6000-P,63.04,0.1055,0.5,2,1557272167474,19085126,146
2019-05-08 05:20:10.324,0.5,buy,5794.09,BTC-28JUN19-6000-P,65.12,0.122,0.5,0,1557292810324,19131039,147
2019-05-08 14:48:41.135,0.8,sell,5858.05,BTC-28JUN19-6000-P,61.5,0.1105,0.8,2,1557326921135,19150813,148
2019-05-08 15:22:36.246,1.0,sell,5868.43,BTC-28JUN19-6000-P,62.29,0.1105,1.0,3,1557328956246,19152160,149
2019-05-08 16:26:47.541,0.5,sell,5878.47,BTC-28JUN19-6000-P,61.16,0.1075,0.5,2,1557332807541,19158691,150
2019-05-08 18:56:40.082,5.0,sell,5883.73,BTC-28JUN19-6000-P,61.35,0.10800000000000001,5.0,0,1557341800082,19164893,151
2019-05-08 20:00:01.643,0.5,sell,5902.15,BTC-28JUN19-6000-P,61.91,0.107,0.5,2,1557345601643,19167685,152
2019-05-08 20:00:01.643,0.5,sell,5902.15,BTC-28JUN19-6000-P,61.57,0.1065,0.5,2,1557345601643,19167686,153
2019-05-08 22:32:28.602,0.4,sell,5918.87,BTC-28JUN19-6000-P,61.81,0.1045,0.4,2,1557354748602,19173706,154
2019-05-08 23:53:11.758,8.0,buy,5943.41,BTC-28JUN19-6000-P,62.03,0.1025,8.0,2,1557359591758,19191249,155
2019-05-09 03:20:34.515,0.2,buy,6039.07,BTC-28JUN19-6000-P,65.44,0.0975,0.2,2,1557372034515,19218238,156
2019-05-09 03:20:45.624,0.2,buy,6040.38,BTC-28JUN19-6000-P,65.53,0.0975,0.2,3,1557372045624,19218239,157
2019-05-09 03:21:08.005,0.2,sell,6040.27,BTC-28JUN19-6000-P,61.09,0.091,0.2,2,1557372068005,19218252,158
2019-05-09 05:15:30.241,0.2,buy,6070.52,BTC-28JUN19-6000-P,64.29,0.09300000000000001,0.2,0,1557378930241,19222051,159
2019-05-09 06:24:36.756,1.0,sell,6056.45,BTC-28JUN19-6000-P,60.63,0.0895,1.0,2,1557383076756,19225106,160
2019-05-09 09:02:13.425,2.0,buy,6044.17,BTC-28JUN19-6000-P,65.14,0.098,2.0,0,1557392533425,19229413,161
2019-05-09 09:36:21.037,1.0,sell,6037.7,BTC-28JUN19-6000-P,61.04,0.092,1.0,2,1557394581037,19232820,162
2019-05-09 20:03:07.820,1.0,sell,6051.0,BTC-28JUN19-6000-P,64.17,0.0955,1.0,0,1557432187820,19261201,163
2019-05-10 01:47:36.238,0.1,sell,6137.25,BTC-28JUN19-6000-P,62.49,0.0875,0.1,2,1557452856238,19286270,164
2019-05-10 03:25:57.494,1.0,sell,6295.97,BTC-28JUN19-6000-P,60.72,0.071,1.0,2,1557458757494,19306716,165
2019-05-10 05:34:31.541,2.4,buy,6273.36,BTC-28JUN19-6000-P,63.36,0.0775,2.4,0,1557466471541,19324757,166
2019-05-10 10:52:31.874,0.1,buy,6285.83,BTC-28JUN19-6000-P,65.0,0.0795,0.1,0,1557485551874,19349691,167
2019-05-10 16:56:47.150,1.0,sell,6380.42,BTC-28JUN19-6000-P,61.18,0.0655,1.0,2,1557507407150,19380695,168
2019-05-11 04:02:41.821,0.2,sell,6572.45,BTC-28JUN19-6000-P,62.81,0.055,0.2,2,1557547361821,19441906,169
2019-05-11 05:38:54.347,0.5,buy,6692.39,BTC-28JUN19-6000-P,66.03,0.0515,0.5,2,1557553134347,19470376,170
2019-05-11 05:39:50.345,0.5,buy,6699.17,BTC-28JUN19-6000-P,66.44,0.0515,0.5,3,1557553190345,19470565,171
2019-05-11 05:50:06.146,0.5,buy,6735.68,BTC-28JUN19-6000-P,67.26,0.051,0.5,2,1557553806146,19473815,172
2019-05-11 06:02:30.400,0.5,buy,6731.81,BTC-28JUN19-6000-P,66.81,0.051,0.5,3,1557554550400,19476330,173
2019-05-11 06:15:00.145,1.0,sell,6845.89,BTC-28JUN19-6000-P,66.51,0.0455,1.0,2,1557555300145,19487244,174
2019-05-11 07:31:33.517,1.0,buy,6853.29,BTC-28JUN19-6000-P,67.47,0.046,1.0,0,1557559893517,19525498,175
2019-05-11 08:32:24.642,1.0,buy,6726.67,BTC-28JUN19-6000-P,67.56,0.051,1.0,0,1557563544642,19534606,176
2019-05-11 08:56:51.726,1.0,buy,6669.63,BTC-28JUN19-6000-P,67.06,0.0535,1.0,0,1557565011726,19539707,177
2019-05-11 09:27:12.672,1.1,buy,6742.2,BTC-28JUN19-6000-P,64.36,0.0465,1.1,2,1557566832672,19543802,178
2019-05-11 09:27:14.698,1.1,buy,6742.3,BTC-28JUN19-6000-P,64.37,0.0465,1.1,3,1557566834698,19543807,179
2019-05-11 09:27:16.727,1.1,buy,6742.51,BTC-28JUN19-6000-P,64.38,0.0465,1.1,3,1557566836727,19543823,180
2019-05-11 09:27:18.746,1.1,buy,6742.54,BTC-28JUN19-6000-P,64.39,0.0465,1.1,3,1557566838746,19543828,181
2019-05-11 09:27:20.764,0.6,buy,6742.73,BTC-28JUN19-6000-P,64.43,0.0465,0.6,3,1557566840764,19543836,182
2019-05-11 09:28:54.595,3.0,sell,6740.4,BTC-28JUN19-6000-P,64.35,0.0465,3.0,3,1557566934595,19543930,183
2019-05-11 09:30:37.593,4.0,sell,6750.15,BTC-28JUN19-6000-P,63.98,0.0455,4.0,2,1557567037593,19544073,184
2019-05-11 09:44:51.126,1.0,sell,6794.21,BTC-28JUN19-6000-P,63.69,0.0435,1.0,2,1557567891126,19545365,185
2019-05-11 09:45:57.641,5.0,sell,6803.41,BTC-28JUN19-6000-P,63.67,0.043,5.0,2,1557567957641,19545399,186
2019-05-11 09:46:07.819,1.0,sell,6803.81,BTC-28JUN19-6000-P,63.29,0.0425,1.0,2,1557567967819,19545457,187
2019-05-11 10:24:58.785,1.5,buy,6819.89,BTC-28JUN19-6000-P,68.39,0.0475,1.5,0,1557570298785,19550244,188
2019-05-11 10:42:03.872,0.1,buy,6809.84,BTC-28JUN19-6000-P,70.96,0.0515,0.1,0,1557571323872,19552106,189
2019-05-11 10:58:19.045,4.9,buy,6840.98,BTC-28JUN19-6000-P,72.36,0.0515,4.9,1,1557572299045,19554018,190
2019-05-11 10:58:49.605,5.0,buy,6841.25,BTC-28JUN19-6000-P,73.24,0.0525,5.0,0,1557572329605,19554043,191
2019-05-11 11:59:07.572,0.2,buy,6784.69,BTC-28JUN19-6000-P,83.32,0.0675,0.2,0,1557575947572,19558943,192
2019-05-11 13:19:22.958,1.7,sell,6798.72,BTC-28JUN19-6000-P,76.67,0.0575,1.7,2,1557580762958,19567366,193
2019-05-11 13:37:37.870,1.0,sell,6802.7,BTC-28JUN19-6000-P,74.6,0.055,1.0,2,1557581857870,19568439,194
2019-05-11 14:36:13.281,2.0,sell,6785.12,BTC-28JUN19-6000-P,73.23,0.054000000000000006,2.0,2,1557585373281,19573564,195
2019-05-11 14:37:18.277,2.0,sell,6788.78,BTC-28JUN19-6000-P,73.05,0.0535,2.0,2,1557585438277,19573580,196
2019-05-11 14:38:45.426,0.1,buy,6793.83,BTC-28JUN19-6000-P,73.78,0.054000000000000006,0.1,0,1557585525426,19573752,197
2019-05-11 14:39:37.543,1.9,buy,6778.84,BTC-28JUN19-6000-P,73.13,0.054000000000000006,1.9,1,1557585577543,19574000,198
2019-05-11 15:47:28.197,1.0,buy,6879.27,BTC-28JUN19-6000-P,74.34,0.0505,1.0,2,1557589648197,19584162,199
2019-05-11 16:09:33.691,1.0,sell,6937.61,BTC-28JUN19-6000-P,73.44,0.0465,1.0,2,1557590973691,19593373,200
2019-05-11 16:10:54.670,0.2,buy,6955.96,BTC-28JUN19-6000-P,74.62,0.047,0.2,0,1557591054670,19593874,201
2019-05-11 17:22:32.675,5.0,sell,6955.34,BTC-28JUN19-6000-P,75.24,0.0475,5.0,0,1557595352675,19615049,202
2019-05-11 17:30:35.725,1.0,sell,6959.16,BTC-28JUN19-6000-P,73.67,0.0455,1.0,2,1557595835725,19615751,203
2019-05-11 17:47:28.203,0.1,sell,6972.74,BTC-28JUN19-6000-P,76.85,0.0485,0.1,0,1557596848203,19616946,204
2019-05-11 17:58:06.421,1.0,sell,6967.69,BTC-28JUN19-6000-P,75.22,0.0465,1.0,2,1557597486421,19618063,205
2019-05-11 21:02:59.982,1.0,buy,6963.43,BTC-28JUN19-6000-P,73.87,0.0455,1.0,2,1557608579982,19638497,206
2019-05-11 21:07:23.433,1.0,sell,6955.89,BTC-28JUN19-6000-P,73.1,0.045,1.0,2,1557608843433,19638907,207
2019-05-11 21:26:25.306,1.0,sell,6941.19,BTC-28JUN19-6000-P,72.23,0.0445,1.0,2,1557609985306,19639530,208
2019-05-11 21:46:45.891,1.0,sell,7003.56,BTC-28JUN19-6000-P,74.22,0.044000000000000004,1.0,2,1557611205891,19641695,209
2019-05-11 21:47:56.825,1.0,sell,7025.0,BTC-28JUN19-6000-P,74.22,0.043,1.0,2,1557611276825,19642251,210
2019-05-11 21:58:59.873,1.0,sell,7076.91,BTC-28JUN19-6000-P,74.22,0.040999999999999995,1.0,2,1557611939873,19646407,211
2019-05-12 00:48:00.903,0.1,sell,7091.7,BTC-28JUN19-6000-P,85.09,0.0525,0.1,0,1557622080903,19762564,212
2019-05-12 02:12:19.676,0.1,sell,7234.61,BTC-28JUN19-6000-P,88.82,0.0515,0.1,2,1557627139676,19785539,213
2019-05-12 02:12:24.413,0.1,sell,7234.89,BTC-28JUN19-6000-P,87.91,0.0505,0.1,2,1557627144413,19785544,214
2019-05-12 02:14:58.432,0.1,sell,7229.98,BTC-28JUN19-6000-P,87.14,0.0495,0.1,2,1557627298432,19786031,215
2019-05-12 02:21:58.108,0.1,sell,7230.79,BTC-28JUN19-6000-P,86.13,0.0485,0.1,2,1557627718108,19786955,216
2019-05-12 02:24:53.487,0.1,sell,7253.57,BTC-28JUN19-6000-P,85.69,0.0475,0.1,2,1557627893487,19787309,217
2019-05-12 02:25:11.379,0.1,sell,7259.31,BTC-28JUN19-6000-P,85.08,0.0465,0.1,2,1557627911379,19787397,218
2019-05-12 02:26:36.502,0.1,sell,7252.99,BTC-28JUN19-6000-P,84.01,0.0455,0.1,2,1557627996502,19787586,219
2019-05-12 03:33:41.101,0.1,buy,7196.83,BTC-28JUN19-6000-P,86.73,0.0505,0.1,0,1557632021101,19798129,220
2019-05-12 07:23:08.792,0.1,sell,7543.08,BTC-28JUN19-6000-P,90.03,0.042,0.1,2,1557645788792,19834876,221
2019-05-12 07:59:49.554,0.1,sell,7527.52,BTC-28JUN19-6000-P,88.47,0.040999999999999995,0.1,2,1557647989554,19842013,222
2019-05-12 07:59:49.554,0.1,sell,7527.52,BTC-28JUN19-6000-P,87.97,0.0405,0.1,2,1557647989554,19842014,223
2019-05-12 08:06:50.905,1.0,sell,7573.94,BTC-28JUN19-6000-P,88.65,0.04,1.0,2,1557648410905,19844183,224
2019-05-12 08:14:01.587,0.9,buy,7337.72,BTC-28JUN19-6000-P,90.15,0.0495,0.9,0,1557648841587,19851661,225
2019-05-12 08:14:01.587,0.1,buy,7337.72,BTC-28JUN19-6000-P,92.01,0.0515,0.1,0,1557648841587,19851662,226
2019-05-12 08:15:51.882,1.0,buy,7386.91,BTC-28JUN19-6000-P,91.09,0.0485,1.0,2,1557648951882,19853072,227
