date_utc,amount,direction,indexPrice,instrument,iv,price,quantity,tickDirection,timeStamp,tradeId,tradeSeq
2019-02-14 09:46:47.525,1.0,buy,3569.86,BTC-27SEP19-7000-C,59.59,0.0205,1.0,2,1550137607525,15359707,90
2019-02-14 17:34:05.794,0.1,buy,3572.36,BTC-27SEP19-7000-C,59.62,0.0205,0.1,3,1550165645794,15371725,91
2019-02-16 03:08:11.049,0.1,buy,3582.6,BTC-27SEP19-7000-C,59.5,0.0205,0.1,3,1550286491049,15405631,92
2019-02-16 03:58:59.636,0.1,buy,3584.65,BTC-27SEP19-7000-C,60.05,0.0215,0.1,0,1550289539636,15406686,93
2019-02-16 12:43:15.432,1.3,buy,3584.46,BTC-27SEP19-7000-C,59.98,0.0215,1.3,1,1550320995432,15414847,94
2019-02-18 06:19:47.158,0.3,buy,3685.0,BTC-27SEP19-7000-C,57.58,0.02,0.3,2,1550470787158,15494665,95
2019-02-18 08:54:39.655,10.0,buy,3703.25,BTC-27SEP19-7000-C,59.16,0.023,10.0,0,1550480079655,15506389,96
2019-02-18 09:12:52.200,5.0,buy,3699.74,BTC-27SEP19-7000-C,59.22,0.023,5.0,1,1550481172200,15507009,97
2019-02-18 13:23:16.271,0.1,buy,3756.03,BTC-27SEP19-7000-C,58.95,0.024,0.1,0,1550496196271,15523941,98
2019-02-18 14:25:12.531,0.1,buy,3820.52,BTC-27SEP19-7000-C,58.45,0.025,0.1,0,1550499912531,15540644,99
2019-02-18 17:04:43.729,0.1,buy,3846.74,BTC-27SEP19-7000-C,57.37,0.0245,0.1,2,1550509483729,15566693,100
2019-02-18 18:18:14.696,0.1,buy,3889.2,BTC-27SEP19-7000-C,58.56,0.0275,0.1,0,1550513894696,15572500,101
2019-02-19 01:12:58.579,1.0,buy,3901.28,BTC-27SEP19-7000-C,59.48,0.03,1.0,0,1550538778579,15599089,102
2019-02-19 03:05:22.216,10.0,buy,3862.55,BTC-27SEP19-7000-C,59.62,0.029,10.0,2,1550545522216,15606589,103
2019-02-19 07:18:36.986,1.0,buy,3888.09,BTC-27SEP19-7000-C,59.78,0.03,1.0,0,1550560716986,15612886,104
2019-02-19 08:22:06.421,2.0,buy,3884.42,BTC-27SEP19-7000-C,59.83,0.03,2.0,1,1550564526421,15614960,105
2019-02-19 12:11:55.596,10.0,buy,3881.69,BTC-27SEP19-7000-C,59.8,0.03,10.0,1,1550578315596,15621905,106
2019-02-19 13:11:18.777,10.0,sell,3889.07,BTC-27SEP19-7000-C,59.73,0.03,10.0,1,1550581878777,15624059,107
2019-02-19 13:11:22.601,5.0,sell,3889.49,BTC-27SEP19-7000-C,59.72,0.03,5.0,1,1550581882601,15624060,108
2019-02-19 14:10:59.382,0.2,buy,3939.23,BTC-27SEP19-7000-C,59.79,0.0315,0.2,0,1550585459382,15639728,109
2019-02-19 15:38:21.842,0.1,buy,3937.88,BTC-27SEP19-7000-C,60.01,0.0315,0.1,1,1550590701842,15649684,110
2019-02-19 16:19:19.366,0.1,buy,3948.93,BTC-27SEP19-7000-C,60.1,0.032,0.1,0,1550593159366,15653413,111
2019-02-21 12:11:51.488,10.0,buy,3893.27,BTC-27SEP19-7000-C,59.9,0.03,10.0,2,1550751111488,15742154,112
2019-02-21 12:33:35.357,5.0,sell,3897.06,BTC-27SEP19-7000-C,59.52,0.0295,5.0,2,1550752415357,15742762,113
2019-02-21 15:23:11.106,5.0,sell,3892.71,BTC-27SEP19-7000-C,57.99,0.0265,5.0,2,1550762591106,15745784,114
2019-02-21 23:40:34.928,0.1,buy,3890.3,BTC-27SEP19-7000-C,60.09,0.03,0.1,0,1550792434928,15751386,115
2019-02-23 12:35:19.382,0.1,sell,3937.84,BTC-27SEP19-7000-C,59.64,0.03,0.1,1,1550925319382,15802734,116
2019-02-23 12:35:41.507,0.9,sell,3938.14,BTC-27SEP19-7000-C,59.65,0.03,0.9,1,1550925341507,15802735,117
2019-02-23 16:32:54.244,0.1,buy,3930.15,BTC-27SEP19-7000-C,61.21,0.0325,0.1,0,1550939574244,15806128,118
2019-02-24 11:28:15.795,0.2,buy,4138.0,BTC-27SEP19-7000-C,61.33,0.04,0.2,0,1551007695795,15877412,119
2019-02-25 01:27:25.685,0.3,buy,3767.78,BTC-27SEP19-7000-C,62.5,0.0285,0.3,2,1551058045685,15970149,120
2019-02-25 03:05:04.097,9.0,sell,3776.48,BTC-27SEP19-7000-C,60.56,0.0255,9.0,2,1551063904097,15972594,122
2019-02-25 03:05:04.097,1.0,sell,3776.48,BTC-27SEP19-7000-C,60.87,0.026,1.0,2,1551063904097,15972593,121
2019-02-25 03:05:26.322,5.0,buy,3774.49,BTC-27SEP19-7000-C,60.57,0.0255,5.0,3,1551063926322,15972620,123
2019-02-25 03:05:51.975,5.0,buy,3774.54,BTC-27SEP19-7000-C,60.57,0.0255,5.0,3,1551063951975,15972665,124
2019-02-25 03:59:49.067,1.0,buy,3777.19,BTC-27SEP19-7000-C,60.57,0.0255,1.0,3,1551067189067,15973939,125
2019-02-25 04:00:32.404,0.1,buy,3776.6,BTC-27SEP19-7000-C,60.58,0.0255,0.1,3,1551067232404,15973945,126
2019-02-25 04:06:17.472,0.2,buy,3776.59,BTC-27SEP19-7000-C,60.56,0.0255,0.2,3,1551067577472,15974084,127
2019-02-25 05:18:29.661,2.5,sell,3766.14,BTC-27SEP19-7000-C,60.39,0.025,2.5,2,1551071909661,15975855,128
2019-02-25 07:15:01.044,0.5,buy,3774.57,BTC-27SEP19-7000-C,60.55,0.0255,0.5,0,1551078901044,15979041,129
2019-02-25 09:54:34.187,5.0,buy,3772.48,BTC-27SEP19-7000-C,60.58,0.0255,5.0,1,1551088474187,15982002,131
2019-02-25 09:54:34.187,10.0,buy,3772.48,BTC-27SEP19-7000-C,60.58,0.0255,10.0,1,1551088474187,15982001,130
2019-02-25 11:21:58.214,0.2,buy,3781.75,BTC-27SEP19-7000-C,60.73,0.026000000000000002,0.2,0,1551093718214,15985835,132
2019-02-27 13:52:08.943,10.0,buy,3820.12,BTC-27SEP19-7000-C,60.45,0.026000000000000002,10.0,1,1551275528943,16056267,133
2019-02-27 16:07:13.461,2.3000000000000003,sell,3795.95,BTC-27SEP19-7000-C,59.31,0.0235,2.3000000000000003,2,1551283633461,16062420,134
2019-02-27 22:53:17.374,5.0,buy,3747.31,BTC-27SEP19-7000-C,59.74,0.023,5.0,2,1551307997374,16082286,135
2019-02-27 22:57:29.903,0.1,buy,3763.57,BTC-27SEP19-7000-C,61.08,0.0255,0.1,0,1551308249903,16083466,136
2019-02-28 00:09:48.859,0.1,buy,3794.2,BTC-27SEP19-7000-C,61.43,0.027000000000000003,0.1,0,1551312588859,16089641,137
2019-02-28 01:03:54.101,0.1,buy,3812.66,BTC-27SEP19-7000-C,60.15,0.0255,0.1,2,1551315834101,16091240,138
2019-02-28 11:28:47.515,5.0,buy,3822.93,BTC-27SEP19-7000-C,60.07,0.0255,5.0,3,1551353327515,16101692,139
2019-03-01 10:04:33.080,1.0,buy,3811.77,BTC-27SEP19-7000-C,59.73,0.0245,1.0,2,1551434673080,16148229,140
2019-03-01 14:15:18.801,0.1,buy,3813.07,BTC-27SEP19-7000-C,59.8,0.0245,0.1,3,1551449718801,16150574,141
2019-03-01 14:28:31.468,0.1,buy,3816.23,BTC-27SEP19-7000-C,59.73,0.0245,0.1,3,1551450511468,16150692,142
2019-03-01 14:28:38.905,0.1,buy,3815.65,BTC-27SEP19-7000-C,59.74,0.0245,0.1,3,1551450518905,16150694,143
2019-03-02 12:54:00.271,1.0,buy,3811.37,BTC-27SEP19-7000-C,59.28,0.0235,1.0,2,1551531240271,16175775,144
2019-03-03 02:13:42.504,0.2,buy,3813.67,BTC-27SEP19-7000-C,59.31,0.0235,0.2,3,1551579222504,16184162,145
2019-03-03 04:01:18.367,0.1,buy,3810.1,BTC-27SEP19-7000-C,59.39,0.0235,0.1,3,1551585678367,16184730,146
2019-03-03 22:57:27.241,0.5,buy,3782.74,BTC-27SEP19-7000-C,59.7,0.023,0.5,2,1551653847241,16198925,147
2019-03-04 00:49:02.087,5.0,buy,3802.19,BTC-27SEP19-7000-C,60.63,0.025,5.0,0,1551660542087,16202785,153
2019-03-04 00:49:02.087,5.0,buy,3802.19,BTC-27SEP19-7000-C,59.68,0.0235,5.0,0,1551660542087,16202780,148
2019-03-04 00:49:02.087,5.0,buy,3802.19,BTC-27SEP19-7000-C,61.25,0.026,5.0,0,1551660542087,16202787,155
2019-03-04 00:49:02.087,12.9,buy,3802.19,BTC-27SEP19-7000-C,60.0,0.024,12.9,1,1551660542087,16202783,151
2019-03-04 00:49:02.087,10.0,buy,3802.19,BTC-27SEP19-7000-C,59.68,0.0235,10.0,1,1551660542087,16202781,149
2019-03-04 00:49:02.087,12.0,buy,3802.19,BTC-27SEP19-7000-C,60.31,0.0245,12.0,0,1551660542087,16202784,152
2019-03-04 00:49:02.087,5.0,buy,3802.19,BTC-27SEP19-7000-C,60.94,0.0255,5.0,0,1551660542087,16202786,154
2019-03-04 00:49:02.087,5.0,buy,3802.19,BTC-27SEP19-7000-C,60.0,0.024,5.0,0,1551660542087,16202782,150
2019-03-04 01:05:38.977,10.0,buy,3804.16,BTC-27SEP19-7000-C,61.49,0.0265,10.0,0,1551661538977,16203118,157
2019-03-04 01:05:38.977,12.8,buy,3804.16,BTC-27SEP19-7000-C,60.25,0.0245,12.8,2,1551661538977,16203117,156
2019-03-04 01:09:25.580,6.8,buy,3803.33,BTC-27SEP19-7000-C,60.29,0.0245,6.8,2,1551661765580,16203160,158
2019-03-04 04:50:25.610,3.0,sell,3742.84,BTC-27SEP19-7000-C,59.76,0.022,3.0,2,1551675025610,16211742,159
2019-03-04 04:50:25.610,7.0,sell,3742.84,BTC-27SEP19-7000-C,59.76,0.022,7.0,3,1551675025610,16211743,160
2019-03-04 05:37:52.549,0.1,buy,3724.42,BTC-27SEP19-7000-C,60.45,0.0225,0.1,0,1551677872549,16218430,161
2019-03-04 17:55:12.286,0.1,buy,3719.09,BTC-27SEP19-7000-C,60.25,0.022,0.1,2,1551722112286,16240538,162
2019-03-04 18:08:04.410,0.1,buy,3708.17,BTC-27SEP19-7000-C,60.46,0.022000000000000002,0.1,3,1551722884410,16241507,163
2019-03-04 23:42:06.307,5.0,buy,3698.71,BTC-27SEP19-7000-C,60.6,0.022000000000000002,5.0,0,1551742926307,16246186,165
2019-03-04 23:42:06.307,11.1,buy,3698.71,BTC-27SEP19-7000-C,60.6,0.022000000000000002,11.1,1,1551742926307,16246187,166
2019-03-04 23:42:06.307,5.0,buy,3698.71,BTC-27SEP19-7000-C,60.93,0.0225,5.0,0,1551742926307,16246188,167
2019-03-04 23:42:06.307,10.0,buy,3698.71,BTC-27SEP19-7000-C,60.26,0.0215,10.0,2,1551742926307,16246185,164
2019-03-04 23:42:06.307,3.0,buy,3698.71,BTC-27SEP19-7000-C,60.93,0.0225,3.0,1,1551742926307,16246189,168
2019-03-04 23:42:06.307,5.0,buy,3698.71,BTC-27SEP19-7000-C,63.8,0.027000000000000003,5.0,0,1551742926307,16246191,170
2019-03-04 23:42:06.307,5.0,buy,3698.71,BTC-27SEP19-7000-C,63.5,0.0265,5.0,0,1551742926307,16246190,169
2019-03-04 23:42:06.307,9.9,buy,3698.71,BTC-27SEP19-7000-C,63.8,0.027000000000000003,9.9,1,1551742926307,16246192,171
2019-03-05 03:27:10.361,0.1,buy,3697.6,BTC-27SEP19-7000-C,59.86,0.021,0.1,2,1551756430361,16248360,172
2019-03-05 05:12:17.360,0.1,buy,3707.52,BTC-27SEP19-7000-C,59.7,0.021,0.1,3,1551762737360,16249539,173
2019-03-05 10:17:07.724,3.0,buy,3722.79,BTC-27SEP19-7000-C,61.1,0.0235,3.0,0,1551781027724,16253968,174
2019-03-05 15:32:35.949,0.2,buy,3830.62,BTC-27SEP19-7000-C,60.51,0.0255,0.2,0,1551799955949,16282093,175
2019-03-05 19:29:20.615,10.0,buy,3847.79,BTC-27SEP19-7000-C,59.88,0.025,10.0,2,1551814160615,16293541,176
2019-03-05 19:44:40.799,10.0,buy,3843.09,BTC-27SEP19-7000-C,60.6,0.026000000000000002,10.0,1,1551815080799,16293701,178
2019-03-05 19:44:40.799,12.0,buy,3843.09,BTC-27SEP19-7000-C,60.6,0.026000000000000002,12.0,0,1551815080799,16293700,177
2019-03-05 19:44:40.799,6.0,buy,3843.09,BTC-27SEP19-7000-C,60.9,0.0265,6.0,0,1551815080799,16293702,179
2019-03-05 22:00:01.867,0.1,buy,3834.45,BTC-27SEP19-7000-C,61.33,0.027000000000000003,0.1,0,1551823201867,16295892,180
2019-03-05 22:35:05.338,12.0,buy,3832.93,BTC-27SEP19-7000-C,61.35,0.027000000000000003,12.0,1,1551825305338,16296382,181
2019-03-05 22:35:05.338,12.1,buy,3832.93,BTC-27SEP19-7000-C,61.65,0.0275,12.1,0,1551825305338,16296383,182
2019-03-05 22:36:31.996,10.2,buy,3832.52,BTC-27SEP19-7000-C,61.64,0.0275,10.2,1,1551825391996,16296392,183
2019-03-06 00:08:36.627,0.1,buy,3847.18,BTC-27SEP19-7000-C,60.81,0.0265,0.1,2,1551830916627,16297776,184
2019-03-06 14:26:57.074,10.0,buy,3831.28,BTC-27SEP19-7000-C,60.51,0.0255,10.0,2,1551882417074,16321846,185
2019-03-06 14:26:57.074,12.2,buy,3831.28,BTC-27SEP19-7000-C,61.12,0.0265,12.2,0,1551882417074,16321847,186
2019-03-06 14:31:18.526,10.0,buy,3829.1,BTC-27SEP19-7000-C,60.87,0.026,10.0,2,1551882678526,16321973,187
2019-03-06 14:32:47.543,6.5,buy,3825.1,BTC-27SEP19-7000-C,61.22,0.0265,6.5,0,1551882767543,16322064,188
2019-03-06 15:09:50.783,0.1,buy,3840.34,BTC-27SEP19-7000-C,61.25,0.027000000000000003,0.1,0,1551884990783,16323243,189
2019-03-06 15:16:40.443,6.0,buy,3849.44,BTC-27SEP19-7000-C,61.08,0.027000000000000003,6.0,1,1551885400443,16323586,190
2019-03-07 00:29:09.839,10.0,sell,3850.05,BTC-27SEP19-7000-C,59.95,0.025,10.0,2,1551918549839,16331183,191
2019-03-07 01:17:57.164,0.1,buy,3873.64,BTC-27SEP19-7000-C,61.07,0.0275,0.1,0,1551921477164,16332203,192
2019-03-07 04:21:40.783,3.8,sell,3889.27,BTC-27SEP19-7000-C,59.8,0.026,3.8,2,1551932500783,16338694,193
2019-03-07 19:38:46.820,10.0,buy,3871.85,BTC-27SEP19-7000-C,59.03,0.024,10.0,2,1551987526820,16361524,194
2019-03-07 19:39:50.941,10.0,buy,3870.31,BTC-27SEP19-7000-C,59.36,0.0245,10.0,0,1551987590941,16361542,195
2019-03-07 19:39:50.941,5.1000000000000005,buy,3870.31,BTC-27SEP19-7000-C,59.36,0.0245,5.1000000000000005,1,1551987590941,16361543,196
2019-03-08 06:27:01.492,0.1,sell,3894.63,BTC-27SEP19-7000-C,57.51,0.022,0.1,2,1552026421492,16370355,197
2019-03-08 08:11:25.424,1.9,sell,3869.09,BTC-27SEP19-7000-C,57.98,0.022,1.9,3,1552032685424,16378312,198
2019-03-08 08:11:25.424,10.0,sell,3869.09,BTC-27SEP19-7000-C,57.98,0.022,10.0,3,1552032685424,16378313,199
2019-03-08 20:07:41.029,0.1,buy,3899.32,BTC-27SEP19-7000-C,59.76,0.0255,0.1,0,1552075661029,16393080,200
2019-03-09 06:41:23.745,0.1,sell,3880.77,BTC-27SEP19-7000-C,57.86,0.022000000000000002,0.1,2,1552113683745,16415235,201
2019-03-09 07:52:10.918,1.0,buy,3889.67,BTC-27SEP19-7000-C,59.29,0.0245,1.0,0,1552117930918,16420118,202
2019-03-10 00:00:54.062,0.1,buy,3915.84,BTC-27SEP19-7000-C,59.78,0.0255,0.1,0,1552176054062,16449413,203
2019-03-10 23:10:47.548,0.1,buy,3903.33,BTC-27SEP19-7000-C,60.35,0.026,0.1,0,1552259447548,16468365,204
2019-03-12 13:44:51.370,0.1,buy,3863.2,BTC-27SEP19-7000-C,59.43,0.023,0.1,2,1552398291370,16520776,205
2019-03-12 19:38:16.297,0.1,buy,3851.48,BTC-27SEP19-7000-C,59.67,0.023,0.1,3,1552419496297,16524898,206
2019-03-12 20:06:24.190,0.1,buy,3859.72,BTC-27SEP19-7000-C,59.57,0.023,0.1,3,1552421184190,16525185,207
2019-03-12 22:00:52.906,0.1,buy,3864.89,BTC-27SEP19-7000-C,59.56,0.023,0.1,3,1552428052906,16525793,208
2019-03-13 12:30:25.455,0.2,buy,3841.47,BTC-27SEP19-7000-C,59.72,0.0225,0.2,2,1552480225455,16535948,209
2019-03-13 19:24:11.961,0.1,buy,3858.03,BTC-27SEP19-7000-C,60.55,0.024,0.1,0,1552505051961,16544544,210
2019-03-14 08:33:41.569,1.0,sell,3843.3,BTC-27SEP19-7000-C,58.46,0.0205,1.0,2,1552552421569,16551424,211
2019-03-14 10:23:17.947,1.0,buy,3844.19,BTC-27SEP19-7000-C,59.8,0.0225,1.0,0,1552558997947,16552149,212
2019-03-14 14:12:46.552,0.1,buy,3890.59,BTC-27SEP19-7000-C,60.51,0.0245,0.1,0,1552572766552,16558374,213
2019-03-14 15:05:43.942,0.1,buy,3862.43,BTC-27SEP19-7000-C,60.87,0.0245,0.1,1,1552575943942,16570541,214
2019-03-14 20:19:59.999,0.1,buy,3855.02,BTC-27SEP19-7000-C,61.61,0.0255,0.1,0,1552594799999,16573208,215
2019-03-14 23:30:12.664,10.0,sell,3853.43,BTC-27SEP19-7000-C,59.74,0.0225,10.0,2,1552606212664,16574644,216
2019-03-15 01:24:03.537,0.1,buy,3865.95,BTC-27SEP19-7000-C,60.19,0.0235,0.1,0,1552613043537,16576304,217
2019-03-15 15:00:37.941,0.1,buy,3886.99,BTC-27SEP19-7000-C,60.15,0.024,0.1,0,1552662037941,16592982,218
2019-03-15 15:26:23.713,0.1,buy,3895.88,BTC-27SEP19-7000-C,60.03,0.024,0.1,1,1552663583713,16593962,219
2019-03-16 10:31:10.807,1.0,buy,4008.7,BTC-27SEP19-7000-C,60.74,0.027999999999999997,1.0,0,1552732270807,16638044,220
2019-03-16 23:11:24.045,0.1,buy,3988.93,BTC-27SEP19-7000-C,60.35,0.027000000000000003,0.1,2,1552777884045,16649748,221
2019-03-17 19:53:41.968,0.1,buy,3972.98,BTC-27SEP19-7000-C,60.28,0.026000000000000002,0.1,2,1552852421968,16666597,222
2019-03-18 16:38:33.506,1.0,buy,3966.43,BTC-27SEP19-7000-C,59.26,0.024,1.0,2,1552927113506,16691789,223
2019-03-20 00:39:44.333,3.0,buy,3988.65,BTC-27SEP19-7000-C,58.69,0.0235,3.0,2,1553042384333,16720181,224
2019-03-20 19:54:19.930,1.0,buy,4013.05,BTC-27SEP19-7000-C,58.76,0.024,1.0,0,1553111659930,16738826,225
2019-03-20 20:55:49.533,1.0,buy,4010.85,BTC-27SEP19-7000-C,58.87,0.024,1.0,1,1553115349533,16739483,226
2019-03-20 23:58:30.021,0.1,buy,4032.62,BTC-27SEP19-7000-C,59.44,0.0255,0.1,0,1553126310021,16745503,227
2019-03-21 17:19:16.018,5.0,buy,3960.42,BTC-27SEP19-7000-C,59.95,0.024,5.0,2,1553188756018,16769762,228
2019-03-22 04:17:55.899,0.1,buy,3972.07,BTC-27SEP19-7000-C,59.87,0.024,0.1,3,1553228275899,16773901,229
2019-03-22 08:27:55.071,10.0,sell,3977.78,BTC-27SEP19-7000-C,59.06,0.023,10.0,2,1553243275071,16776097,230
2019-03-23 23:10:28.119,0.5,buy,3978.37,BTC-27SEP19-7000-C,59.62,0.0235,0.5,0,1553382628119,16795926,231
2019-03-24 18:42:54.609,2.0,sell,3959.0,BTC-27SEP19-7000-C,59.61,0.023,2.0,2,1553452974609,16802459,232
2019-03-24 18:42:54.609,10.0,sell,3959.0,BTC-27SEP19-7000-C,59.61,0.023,10.0,3,1553452974609,16802460,233
2019-03-25 01:40:02.533,1.0,sell,3967.69,BTC-27SEP19-7000-C,58.89,0.022,1.0,2,1553478002533,16807076,234
2019-03-25 03:31:19.034,1.0,sell,3975.81,BTC-27SEP19-7000-C,58.44,0.0215,1.0,2,1553484679034,16807769,235
2019-03-25 03:33:47.109,1.0,sell,3975.87,BTC-27SEP19-7000-C,58.45,0.0215,1.0,3,1553484827109,16807776,236
2019-03-25 03:36:58.640,1.0,sell,3975.77,BTC-27SEP19-7000-C,58.44,0.0215,1.0,3,1553485018640,16807784,237
2019-03-25 18:17:25.202,1.0,sell,3934.96,BTC-27SEP19-7000-C,58.66,0.0205,1.0,2,1553537845202,16817027,238
2019-03-25 20:25:13.155,1.0,sell,3879.32,BTC-27SEP19-7000-C,58.87,0.0195,1.0,2,1553545513155,16826965,239
2019-03-26 09:03:53.164,1.0,buy,3908.35,BTC-27SEP19-7000-C,59.62,0.021,1.0,0,1553591033164,16834941,240
2019-03-26 16:48:31.950,0.3,sell,3912.43,BTC-27SEP19-7000-C,59.03,0.0195,0.3,2,1553618911950,16840258,241
2019-03-26 18:59:17.140,0.2,sell,3918.42,BTC-27SEP19-7000-C,59.02,0.0195,0.2,3,1553626757140,16841003,242
2019-03-27 01:18:31.477,0.5,buy,3945.43,BTC-27SEP19-7000-C,59.44,0.021,0.5,0,1553649511477,16847081,243
2019-03-27 01:20:25.688,0.2,buy,3947.41,BTC-27SEP19-7000-C,59.45,0.021,0.2,1,1553649625688,16847304,244
2019-03-27 04:40:33.065,0.6,sell,3974.11,BTC-27SEP19-7000-C,58.25,0.02,0.6,2,1553661633065,16852835,245
2019-03-27 10:18:50.620,0.5,buy,4001.54,BTC-27SEP19-7000-C,58.95,0.0215,0.5,0,1553681930620,16856922,246
2019-03-27 10:26:18.874,0.5,sell,4016.88,BTC-27SEP19-7000-C,58.67,0.0215,0.5,1,1553682378874,16858756,247
2019-03-27 13:40:36.481,0.1,buy,4010.41,BTC-27SEP19-7000-C,58.72,0.0215,0.1,1,1553694036481,16863615,248
2019-03-27 17:40:42.385,10.0,buy,4008.57,BTC-27SEP19-7000-C,58.76,0.0215,10.0,1,1553708442385,16867205,249
2019-03-28 00:55:45.282,10.0,buy,4015.53,BTC-27SEP19-7000-C,58.89,0.022,10.0,0,1553734545282,16880846,250
2019-03-28 09:10:20.575,12.5,buy,4007.68,BTC-27SEP19-7000-C,59.17,0.022,12.5,1,1553764220575,16923008,251
2019-03-28 09:22:50.119,4.5,buy,4002.52,BTC-27SEP19-7000-C,59.2,0.022,4.5,1,1553764970119,16923115,252
2019-03-28 10:36:48.286,10.0,sell,4004.32,BTC-27SEP19-7000-C,58.65,0.0215,10.0,2,1553769408286,16923767,253
2019-03-28 12:18:22.690,12.2,buy,4003.44,BTC-27SEP19-7000-C,59.07,0.022,12.2,0,1553775502690,16924785,254
2019-03-28 12:18:23.751,12.1,sell,4003.44,BTC-27SEP19-7000-C,59.07,0.022,12.1,1,1553775503751,16924787,255
2019-03-28 12:18:24.417,12.3,buy,4003.44,BTC-27SEP19-7000-C,59.07,0.022000000000000002,12.3,1,1553775504417,16924788,256
2019-03-28 12:28:47.131,12.2,buy,3999.25,BTC-27SEP19-7000-C,59.08,0.022000000000000002,12.2,1,1553776127131,16924968,257
2019-03-28 12:28:50.470,11.4,buy,3999.25,BTC-27SEP19-7000-C,59.08,0.022,11.4,1,1553776130470,16924969,258
2019-03-28 16:51:51.888,10.0,sell,4007.73,BTC-27SEP19-7000-C,58.71,0.0215,10.0,2,1553791911888,16926907,259
2019-03-28 16:52:02.330,10.0,sell,4006.35,BTC-27SEP19-7000-C,58.7,0.0215,10.0,3,1553791922330,16926956,260
2019-03-29 01:02:29.118,10.0,sell,4010.16,BTC-27SEP19-7000-C,58.88,0.0215,10.0,3,1553821349118,16930968,261
2019-03-29 05:15:16.943,10.0,sell,4011.84,BTC-27SEP19-7000-C,58.72,0.0215,10.0,3,1553836516943,16936601,262
2019-03-29 05:19:47.300,10.0,sell,4011.69,BTC-27SEP19-7000-C,58.73,0.0215,10.0,3,1553836787300,16936709,263
2019-03-29 05:23:22.731,2.0,sell,4007.89,BTC-27SEP19-7000-C,58.78,0.0215,2.0,3,1553837002731,16936880,265
2019-03-29 05:23:22.731,8.0,sell,4007.89,BTC-27SEP19-7000-C,58.78,0.0215,8.0,3,1553837002731,16936879,264
2019-03-29 21:20:08.624,100.0,buy,4080.18,BTC-27SEP19-7000-C,58.83,0.0235,100.0,0,1553894408624,16962148,266
2019-03-29 21:41:38.272,100.0,sell,4076.89,BTC-27SEP19-7000-C,58.86,0.0235,100.0,1,1553895698272,16962213,267
2019-03-29 21:45:12.388,100.0,sell,4079.19,BTC-27SEP19-7000-C,58.8,0.0235,100.0,1,1553895912388,16962262,268
2019-03-30 03:32:32.625,18.0,sell,4091.51,BTC-27SEP19-7000-C,58.7,0.0235,18.0,1,1553916752625,16968622,269
2019-03-30 03:33:15.654,2.0,sell,4091.85,BTC-27SEP19-7000-C,58.7,0.0235,2.0,1,1553916795654,16968644,270
2019-03-30 21:13:25.046,2.1,buy,4080.79,BTC-27SEP19-7000-C,59.61,0.0245,2.1,0,1553980405046,16983306,271
2019-03-30 23:54:11.160,2.1,sell,4094.3,BTC-27SEP19-7000-C,58.36,0.023,2.1,2,1553990051160,16984340,272
2019-03-31 08:05:26.745,10.3,sell,4079.7,BTC-27SEP19-7000-C,58.79,0.023,10.3,3,1554019526745,16987358,274
2019-03-31 08:05:26.745,7.9,sell,4079.7,BTC-27SEP19-7000-C,58.79,0.023,7.9,3,1554019526745,16987357,273
2019-03-31 13:24:59.264,4.0,buy,4091.96,BTC-27SEP19-7000-C,58.42,0.023,4.0,3,1554038699264,16989285,275
2019-03-31 23:10:15.575,0.1,buy,4093.18,BTC-27SEP19-7000-C,59.98,0.025,0.1,0,1554073815575,16992315,276
2019-03-31 23:28:53.476,11.9,sell,4093.24,BTC-27SEP19-7000-C,58.72,0.023,11.9,2,1554074933476,16992420,277
2019-04-01 00:38:55.754,0.1,buy,4097.01,BTC-27SEP19-7000-C,60.26,0.0255,0.1,0,1554079135754,16995711,278
2019-04-01 06:00:30.620,10.0,buy,4122.99,BTC-27SEP19-7000-C,59.17,0.0245,10.0,2,1554098430620,17001062,279
2019-04-01 08:14:11.104,2.0,buy,4113.81,BTC-27SEP19-7000-C,60.41,0.026000000000000002,2.0,0,1554106451104,17002629,280
2019-04-01 17:38:56.812,0.4,sell,4133.26,BTC-27SEP19-7000-C,59.54,0.025,0.4,2,1554140336812,17009425,281
2019-04-01 18:16:52.816,0.5,buy,4130.69,BTC-27SEP19-7000-C,59.96,0.0255,0.5,0,1554142612816,17009681,282
2019-04-01 18:17:54.886,0.1,buy,4129.68,BTC-27SEP19-7000-C,59.98,0.0255,0.1,1,1554142674886,17009692,283
2019-04-01 18:23:41.047,0.2,buy,4128.15,BTC-27SEP19-7000-C,59.98,0.0255,0.2,1,1554143021047,17009744,284
2019-04-01 18:49:15.995,5.3,buy,4133.24,BTC-27SEP19-7000-C,59.64,0.025,5.3,2,1554144555995,17009936,285
2019-04-02 02:17:18.064,2.0,sell,4168.56,BTC-27SEP19-7000-C,58.77,0.0245,2.0,2,1554171438064,17016291,286
2019-04-02 02:17:41.177,0.5,sell,4165.91,BTC-27SEP19-7000-C,58.78,0.0245,0.5,3,1554171461177,17016312,287
2019-04-02 02:51:30.030,1.0,sell,4176.46,BTC-27SEP19-7000-C,58.56,0.0245,1.0,3,1554173490030,17017004,288
2019-04-02 08:49:40.876,10.0,buy,4711.46,BTC-27SEP19-7000-C,58.25,0.043,10.0,0,1554194980876,17095183,289
2019-04-02 20:13:15.394,1.0,sell,4802.71,BTC-27SEP19-7000-C,59.61,0.049,1.0,0,1554235995394,17130114,290
2019-04-02 23:26:37.979,1.0,buy,4886.17,BTC-27SEP19-7000-C,58.65,0.05,1.0,0,1554247597979,17147736,291
2019-04-03 00:31:17.832,1.0,buy,4995.34,BTC-27SEP19-7000-C,61.28,0.06,1.0,0,1554251477832,17157811,292
2019-04-03 12:39:30.458,0.4,buy,4988.56,BTC-27SEP19-7000-C,65.3,0.07,0.4,0,1554295170458,17198743,293
2019-04-03 19:54:19.419,5.0,sell,5138.72,BTC-27SEP19-7000-C,63.55,0.073,5.0,0,1554321259419,17227588,294
2019-04-03 21:10:56.826,1.0,buy,5299.53,BTC-27SEP19-7000-C,66.37,0.0875,1.0,0,1554325856826,17240041,295
2019-04-04 02:42:07.360,1.0,sell,5006.13,BTC-27SEP19-7000-C,63.75,0.0665,1.0,2,1554345727360,17288117,296
2019-04-04 08:45:47.666,10.0,sell,5016.04,BTC-27SEP19-7000-C,66.04,0.0725,10.0,0,1554367547666,17297843,297
2019-04-04 18:35:18.083,10.0,sell,4854.12,BTC-27SEP19-7000-C,65.52,0.065,10.0,2,1554402918083,17324130,298
2019-04-05 18:45:11.226,4.0,buy,5015.59,BTC-27SEP19-7000-C,66.82,0.07400000000000001,4.0,0,1554489911226,17379211,299
2019-04-07 10:03:20.336,1.0,sell,5135.18,BTC-27SEP19-7000-C,63.5,0.073,1.0,2,1554631400336,17463360,300
2019-04-08 02:59:47.040,6.6000000000000005,sell,5288.34,BTC-27SEP19-7000-C,65.82,0.0875,6.6000000000000005,0,1554692387040,17508956,301
2019-04-08 02:59:56.327,5.2,buy,5288.65,BTC-27SEP19-7000-C,63.28,0.081,5.2,2,1554692396327,17508974,302
2019-04-08 02:59:58.291,5.8,buy,5288.25,BTC-27SEP19-7000-C,63.3,0.081,5.8,3,1554692398291,17508983,303
2019-04-08 05:04:20.452,0.4,buy,5305.27,BTC-27SEP19-7000-C,67.11,0.0915,0.4,0,1554699860452,17513531,304
2019-04-08 06:31:47.944,388.2,buy,5268.98,BTC-27SEP19-7000-C,66.04,0.087,388.2,2,1554705107944,17515328,305
2019-04-09 05:26:51.429,9.6,sell,5201.34,BTC-27SEP19-7000-C,65.98,0.081,9.6,2,1554787611429,17559301,306
2019-04-09 05:35:46.215,0.4,sell,5179.26,BTC-27SEP19-7000-C,66.35,0.081,0.4,3,1554788146215,17560162,307
2019-04-09 10:11:29.118,10.0,sell,5172.51,BTC-27SEP19-7000-C,65.91,0.08,10.0,2,1554804689118,17568556,308
2019-04-09 10:12:18.823,10.0,sell,5167.39,BTC-27SEP19-7000-C,66.03,0.08,10.0,3,1554804738823,17568599,309
2019-04-09 10:13:28.964,10.0,sell,5172.13,BTC-27SEP19-7000-C,65.8,0.0795,10.0,2,1554804808964,17568749,310
2019-04-09 12:19:21.383,10.0,buy,5209.73,BTC-27SEP19-7000-C,65.14,0.0795,10.0,3,1554812361383,17572552,311
2019-04-09 13:11:45.326,10.0,buy,5225.99,BTC-27SEP19-7000-C,64.97,0.08,10.0,0,1554815505326,17573784,312
2019-04-10 08:49:24.090,10.0,sell,5245.67,BTC-27SEP19-7000-C,64.29,0.0785,10.0,2,1554886164090,17595673,313
2019-04-10 08:49:31.970,0.1,sell,5245.67,BTC-27SEP19-7000-C,64.07,0.078,0.1,2,1554886171970,17595678,314
2019-04-10 08:49:31.970,10.0,sell,5245.67,BTC-27SEP19-7000-C,64.07,0.078,10.0,3,1554886171970,17595679,315
2019-04-10 17:21:48.638,5.9,buy,5277.45,BTC-27SEP19-7000-C,64.0,0.0785,5.9,0,1554916908638,17605632,316
2019-04-10 17:21:48.638,0.2,buy,5277.45,BTC-27SEP19-7000-C,65.4,0.08199999999999999,0.2,0,1554916908638,17605633,317
2019-04-10 19:13:50.582,1.5,sell,5406.02,BTC-27SEP19-7000-C,62.67,0.0815,1.5,2,1554923630582,17623259,318
2019-04-10 21:33:14.335,0.1,sell,5276.2,BTC-27SEP19-7000-C,62.86,0.076,0.1,2,1554931994335,17645681,319
2019-04-11 00:54:12.581,0.1,buy,5297.3,BTC-27SEP19-7000-C,65.29,0.083,0.1,0,1554944052581,17654572,320
2019-04-11 02:44:17.750,1.0,buy,5302.41,BTC-27SEP19-7000-C,67.93,0.0895,1.0,0,1554950657750,17656668,321
2019-04-11 04:21:52.605,0.1,sell,5213.21,BTC-27SEP19-7000-C,64.55,0.076,0.1,2,1554956512605,17668383,322
2019-04-11 05:16:47.545,4.7,sell,5210.99,BTC-27SEP19-7000-C,65.06,0.077,4.7,0,1554959807545,17669727,323
2019-04-11 05:19:40.737,0.1,sell,5203.81,BTC-27SEP19-7000-C,64.83,0.076,0.1,2,1554959980737,17669783,324
2019-04-11 10:00:28.568,2.0,sell,5069.0,BTC-27SEP19-7000-C,65.62,0.07200000000000001,2.0,2,1554976828568,17686234,325
2019-04-11 11:06:08.506,4.0,sell,5028.26,BTC-27SEP19-7000-C,66.72,0.07200000000000001,4.0,3,1554980768506,17690198,326
2019-04-11 11:06:10.795,4.0,sell,5028.5,BTC-27SEP19-7000-C,66.71,0.07200000000000001,4.0,3,1554980770795,17690247,327
2019-04-11 13:30:59.044,4.7,sell,5054.43,BTC-27SEP19-7000-C,65.69,0.0705,4.7,2,1554989459044,17700738,328
2019-04-11 16:13:36.444,5.3,sell,5026.89,BTC-27SEP19-7000-C,66.54,0.0705,5.3,3,1554999216444,17706748,329
2019-04-12 01:45:13.348,1.0,sell,4915.25,BTC-27SEP19-7000-C,66.67,0.0655,1.0,2,1555033513348,17731127,330
2019-04-12 05:43:09.221,1.0,sell,5005.88,BTC-27SEP19-7000-C,63.82,0.0635,1.0,2,1555047789221,17738251,331
2019-04-12 15:23:59.921,6.3,buy,5066.1,BTC-27SEP19-7000-C,63.2,0.0645,6.3,0,1555082639921,17751166,332
2019-04-13 22:48:25.697,0.5,sell,5067.84,BTC-27SEP19-7000-C,62.02,0.0595,0.5,2,1555195705697,17787343,333
2019-04-13 23:00:09.965,3.0,sell,5066.73,BTC-27SEP19-7000-C,61.56,0.0585,3.0,2,1555196409965,17787491,334
2019-04-14 09:39:08.791,0.4,sell,5073.66,BTC-27SEP19-7000-C,61.33,0.058,0.4,2,1555234748791,17794374,335
2019-04-14 17:01:34.239,6.6000000000000005,buy,5082.89,BTC-27SEP19-7000-C,63.46,0.063,6.6000000000000005,0,1555261294239,17799523,336
2019-04-15 16:23:31.429,5.0,sell,5141.67,BTC-27SEP19-7000-C,62.01,0.0625,5.0,2,1555345411429,17821518,337
2019-04-15 18:41:09.954,0.1,sell,5033.26,BTC-27SEP19-7000-C,62.52,0.059,0.1,2,1555353669954,17833865,338
2019-04-15 20:07:21.506,10.0,sell,4973.42,BTC-27SEP19-7000-C,63.17,0.059,10.0,3,1555358841506,17839420,339
2019-04-15 20:07:38.445,10.0,sell,4957.51,BTC-27SEP19-7000-C,63.27,0.0585,10.0,2,1555358858445,17839735,340
2019-04-16 02:10:03.470,0.2,buy,5046.53,BTC-27SEP19-7000-C,62.91,0.0615,0.2,0,1555380603470,17850402,341
2019-04-17 03:29:24.970,0.2,buy,5209.39,BTC-27SEP19-7000-C,63.56,0.0705,0.2,0,1555471764970,17890582,342
2019-04-17 03:35:02.406,0.2,buy,5215.61,BTC-27SEP19-7000-C,63.46,0.0705,0.2,1,1555472102406,17890643,343
2019-04-17 08:19:57.867,0.1,buy,5217.55,BTC-27SEP19-7000-C,62.73,0.069,0.1,2,1555489197867,17893692,344
2019-04-18 09:10:00.089,10.0,sell,5230.31,BTC-27SEP19-7000-C,62.49,0.0685,10.0,2,1555578600089,17920503,345
2019-04-18 10:31:29.842,1.0,sell,5244.82,BTC-27SEP19-7000-C,62.12,0.068,1.0,2,1555583489842,17921461,346
2019-04-18 14:26:15.829,4.8,buy,5243.4,BTC-27SEP19-7000-C,62.41,0.0685,4.8,0,1555597575829,17923738,347
2019-04-18 15:57:00.470,10.0,buy,5255.02,BTC-27SEP19-7000-C,62.84,0.07,10.0,0,1555603020470,17926058,348
2019-04-18 15:57:23.862,10.0,buy,5252.37,BTC-27SEP19-7000-C,63.11,0.0705,10.0,0,1555603043862,17926077,349
2019-04-19 01:35:22.442,0.3,buy,5257.47,BTC-27SEP19-7000-C,64.04,0.0725,0.3,0,1555637722442,17939514,350
2019-04-19 02:38:33.076,1.5,sell,5227.18,BTC-27SEP19-7000-C,62.72,0.068,1.5,2,1555641513076,17944086,351
2019-04-19 02:39:25.359,0.2,sell,5227.28,BTC-27SEP19-7000-C,62.73,0.068,0.2,3,1555641565359,17944091,352
2019-04-19 02:40:40.726,0.2,sell,5227.16,BTC-27SEP19-7000-C,62.73,0.068,0.2,3,1555641640726,17944103,353
2019-04-19 02:43:06.275,0.5,sell,5216.58,BTC-27SEP19-7000-C,62.91,0.068,0.5,3,1555641786275,17944226,354
2019-04-19 13:28:44.653,9.6,buy,5253.38,BTC-27SEP19-7000-C,63.93,0.07200000000000001,9.6,0,1555680524653,17951025,355
2019-04-19 14:19:36.745,6.6000000000000005,sell,5247.92,BTC-27SEP19-7000-C,62.34,0.068,6.6000000000000005,2,1555683576745,17951386,356
2019-04-19 15:57:57.243,5.0,buy,5282.0,BTC-27SEP19-7000-C,61.9,0.0685,5.0,0,1555689477243,17954488,357
2019-04-19 15:57:59.011,5.0,sell,5282.12,BTC-27SEP19-7000-C,61.9,0.0685,5.0,1,1555689479011,17954489,358
2019-04-21 18:51:15.716,0.1,sell,5238.88,BTC-27SEP19-7000-C,63.47,0.069,0.1,0,1555872675716,18020087,359
2019-04-21 20:20:18.025,5.0,sell,5265.71,BTC-27SEP19-7000-C,63.02,0.069,5.0,1,1555878018025,18021957,360
2019-04-21 23:04:15.106,1.0,buy,5291.28,BTC-27SEP19-7000-C,63.21,0.0705,1.0,0,1555887855106,18026163,361
2019-04-21 23:04:23.631,1.0,buy,5291.27,BTC-27SEP19-7000-C,62.99,0.07,1.0,2,1555887863631,18026171,362
2019-04-21 23:04:29.268,1.0,buy,5291.22,BTC-27SEP19-7000-C,62.99,0.07,1.0,3,1555887869268,18026174,363
2019-04-21 23:11:56.397,1.0,buy,5286.98,BTC-27SEP19-7000-C,63.28,0.0705,1.0,0,1555888316397,18026324,364
2019-04-23 04:38:03.335,1.0,sell,5527.88,BTC-27SEP19-7000-C,62.68,0.0805,1.0,0,1555994283335,18091917,365
2019-04-23 05:19:29.004,9.0,sell,5515.16,BTC-27SEP19-7000-C,62.93,0.0805,9.0,1,1555996769004,18096696,366
2019-04-24 04:22:50.681,1.0,buy,5605.15,BTC-27SEP19-7000-C,62.62,0.083,1.0,0,1556079770681,18143364,367
2019-04-24 07:41:00.174,10.0,sell,5538.62,BTC-27SEP19-7000-C,63.63,0.08199999999999999,10.0,2,1556091660174,18150570,368
2019-04-24 07:47:58.810,10.0,sell,5507.13,BTC-27SEP19-7000-C,63.64,0.0805,10.0,2,1556092078810,18151968,369
2019-04-24 07:48:16.957,10.0,sell,5490.02,BTC-27SEP19-7000-C,63.82,0.08,10.0,2,1556092096957,18152294,370
2019-04-24 07:49:14.840,9.6,sell,5431.63,BTC-27SEP19-7000-C,64.82,0.0795,9.6,2,1556092154840,18153903,371
2019-04-24 07:49:15.153,0.4,sell,5431.63,BTC-27SEP19-7000-C,64.82,0.0795,0.4,3,1556092155153,18153912,372
2019-04-24 11:17:44.024,10.0,sell,5385.06,BTC-27SEP19-7000-C,64.71,0.0765,10.0,2,1556104664024,18173275,373
2019-04-24 18:38:57.627,4.8,buy,5389.6,BTC-27SEP19-7000-C,63.11,0.073,4.8,2,1556131137627,18193023,374
2019-04-25 00:31:54.022,5.1000000000000005,buy,5449.64,BTC-27SEP19-7000-C,64.3,0.0785,5.1000000000000005,0,1556152314022,18200732,376
2019-04-25 00:31:54.022,10.0,buy,5449.64,BTC-27SEP19-7000-C,63.89,0.0775,10.0,0,1556152314022,18200731,375
2019-04-25 00:31:54.022,1.0,buy,5449.64,BTC-27SEP19-7000-C,64.51,0.079,1.0,0,1556152314022,18200733,377
2019-04-25 00:31:54.022,1.0,buy,5449.64,BTC-27SEP19-7000-C,64.51,0.079,1.0,1,1556152314022,18200734,378
2019-04-25 08:16:48.289,4.0,sell,5417.05,BTC-27SEP19-7000-C,62.84,0.073,4.0,2,1556180208289,18212217,379
2019-04-25 20:14:16.100,10.0,sell,5478.25,BTC-27SEP19-7000-C,62.39,0.0745,10.0,0,1556223256100,18230322,380
2019-04-25 21:56:34.894,6.0,sell,5403.31,BTC-27SEP19-7000-C,63.21,0.073,6.0,2,1556229394894,18236562,381
2019-04-25 22:01:20.678,10.0,sell,5358.69,BTC-27SEP19-7000-C,63.59,0.0715,10.0,2,1556229680678,18239251,382
2019-04-25 22:02:22.996,10.0,sell,5306.94,BTC-27SEP19-7000-C,64.42,0.071,10.0,2,1556229742996,18240552,383
2019-04-26 16:01:36.005,10.0,sell,5103.26,BTC-27SEP19-7000-C,64.9,0.062,10.0,2,1556294496005,18333816,384
2019-04-26 16:22:49.346,10.0,sell,5090.22,BTC-27SEP19-7000-C,64.8,0.0615,10.0,2,1556295769346,18337301,385
2019-04-29 11:01:07.515,10.0,sell,5140.94,BTC-27SEP19-7000-C,64.02,0.0595,10.0,2,1556535667515,18416072,386
2019-04-29 15:16:16.109,10.0,buy,5150.5,BTC-27SEP19-7000-C,64.86,0.0615,10.0,0,1556550976109,18428808,387
2019-04-29 22:35:35.450,15.0,buy,5120.95,BTC-27SEP19-7000-C,64.75,0.06,15.0,2,1556577335450,18440862,388
2019-04-30 00:16:36.910,10.0,buy,5161.34,BTC-27SEP19-7000-C,64.86,0.062,10.0,0,1556583396910,18444422,389
2019-04-30 00:16:36.910,25.0,buy,5161.34,BTC-27SEP19-7000-C,64.86,0.062,25.0,1,1556583396910,18444423,390
2019-04-30 00:16:36.910,22.6,buy,5161.34,BTC-27SEP19-7000-C,64.86,0.062,22.6,1,1556583396910,18444424,391
2019-04-30 08:56:05.230,0.4,buy,5159.35,BTC-27SEP19-7000-C,64.42,0.0605,0.4,2,1556614565230,18452248,392
2019-04-30 23:28:55.817,1.0,sell,5268.07,BTC-27SEP19-7000-C,64.05,0.064,1.0,0,1556666935817,18487912,393
2019-05-02 16:19:59.492,1.0,sell,5384.12,BTC-27SEP19-7000-C,64.27,0.068,1.0,0,1556813999492,18561269,394
2019-05-02 16:19:59.492,9.1,sell,5384.12,BTC-27SEP19-7000-C,64.27,0.068,9.1,1,1556813999492,18561270,395
2019-05-02 16:19:59.519,0.2,sell,5384.12,BTC-27SEP19-7000-C,64.27,0.068,0.2,1,1556813999519,18561271,396
2019-05-02 16:19:59.637,0.1,sell,5384.12,BTC-27SEP19-7000-C,64.27,0.068,0.1,1,1556813999637,18561272,397
2019-05-02 16:20:01.894,0.1,sell,5382.26,BTC-27SEP19-7000-C,64.31,0.068,0.1,1,1556814001894,18561292,398
2019-05-02 16:20:02.470,0.2,sell,5382.26,BTC-27SEP19-7000-C,64.31,0.068,0.2,1,1556814002470,18561323,399
2019-05-02 16:20:02.552,0.3,sell,5382.26,BTC-27SEP19-7000-C,64.31,0.068,0.3,1,1556814002552,18561328,400
2019-05-03 06:25:39.692,1.0,buy,5542.02,BTC-27SEP19-7000-C,62.4,0.07200000000000001,1.0,0,1556864739692,18602673,401
2019-05-03 06:41:47.737,10.0,sell,5516.15,BTC-27SEP19-7000-C,63.38,0.073,10.0,0,1556865707737,18606311,402
2019-05-03 06:41:59.869,10.0,sell,5500.08,BTC-27SEP19-7000-C,63.45,0.0725,10.0,2,1556865719869,18606598,403
2019-05-03 09:00:24.604,10.0,sell,5681.91,BTC-27SEP19-7000-C,62.88,0.0815,10.0,0,1556874024604,18636792,404
2019-05-03 10:56:27.404,10.0,sell,5663.45,BTC-27SEP19-7000-C,63.26,0.0815,10.0,1,1556880987404,18665553,405
2019-05-04 09:35:58.552,0.1,sell,5733.98,BTC-27SEP19-7000-C,62.59,0.0835,0.1,0,1556962558552,18757582,406
2019-05-04 09:38:18.963,0.3,sell,5734.82,BTC-27SEP19-7000-C,62.54,0.0835,0.3,1,1556962698963,18757604,407
2019-05-04 13:36:57.897,9.6,sell,5675.06,BTC-27SEP19-7000-C,63.93,0.0835,9.6,1,1556977017897,18765353,408
2019-05-04 13:47:46.827,9.6,sell,5638.42,BTC-27SEP19-7000-C,64.51,0.083,9.6,2,1556977666827,18767969,409
2019-05-04 13:48:34.168,0.4,sell,5622.09,BTC-27SEP19-7000-C,64.72,0.083,0.4,3,1556977714168,18768864,410
2019-05-04 13:49:07.305,9.6,sell,5596.37,BTC-27SEP19-7000-C,64.81,0.0815,9.6,2,1556977747305,18769824,411
2019-05-04 13:49:07.538,0.4,sell,5596.37,BTC-27SEP19-7000-C,64.81,0.0815,0.4,3,1556977747538,18769825,412
2019-05-04 13:49:37.302,9.6,sell,5556.58,BTC-27SEP19-7000-C,65.44,0.081,9.6,2,1556977777302,18771027,413
2019-05-04 14:12:23.381,0.4,sell,5539.76,BTC-27SEP19-7000-C,65.53,0.081,0.4,3,1556979143381,18778914,414
2019-05-04 14:13:06.982,9.6,sell,5519.47,BTC-27SEP19-7000-C,65.59,0.08,9.6,2,1556979186982,18779459,415
2019-05-04 14:29:54.840,1.1,buy,5577.08,BTC-27SEP19-7000-C,64.6,0.0805,1.1,0,1556980194840,18782550,416
2019-05-04 16:12:09.639,0.4,sell,5564.28,BTC-27SEP19-7000-C,64.76,0.08,0.4,2,1556986329639,18786769,417
2019-05-05 16:04:06.813,9.8,sell,5704.21,BTC-27SEP19-7000-C,63.56,0.084,9.8,0,1557072246813,18880376,418
2019-05-05 16:07:01.932,0.2,sell,5691.72,BTC-27SEP19-7000-C,63.81,0.084,0.2,1,1557072421932,18880749,419
2019-05-05 18:04:15.820,9.6,sell,5637.59,BTC-27SEP19-7000-C,64.83,0.0835,9.6,2,1557079455820,18887558,420
2019-05-05 22:40:21.385,0.4,sell,5732.55,BTC-27SEP19-7000-C,62.85,0.0835,0.4,3,1557096021385,18905644,421
2019-05-05 22:40:21.385,10.0,sell,5732.55,BTC-27SEP19-7000-C,62.64,0.083,10.0,2,1557096021385,18905645,422
2019-05-05 22:40:21.385,10.0,sell,5732.55,BTC-27SEP19-7000-C,62.64,0.083,10.0,3,1557096021385,18905646,423
2019-05-05 22:40:21.385,3.7,sell,5732.55,BTC-27SEP19-7000-C,62.43,0.0825,3.7,2,1557096021385,18905647,424
2019-05-05 22:40:38.032,1.1,buy,5730.79,BTC-27SEP19-7000-C,65.19,0.08900000000000001,1.1,0,1557096038032,18905668,425
2019-05-06 01:13:04.880,6.3,sell,5641.56,BTC-27SEP19-7000-C,64.44,0.0825,6.3,2,1557105184880,18916180,426
2019-05-06 16:45:17.943,1.9,buy,5716.12,BTC-27SEP19-7000-C,65.13,0.08800000000000001,1.9,1,1557161117943,18963431,429
2019-05-06 16:45:17.943,4.9,buy,5716.12,BTC-27SEP19-7000-C,65.13,0.08800000000000001,4.9,0,1557161117943,18963430,428
2019-05-06 16:45:17.943,10.0,buy,5716.12,BTC-27SEP19-7000-C,64.29,0.086,10.0,0,1557161117943,18963429,427
2019-05-06 16:45:17.943,6.4,buy,5716.12,BTC-27SEP19-7000-C,67.42,0.0935,6.4,0,1557161117943,18963434,432
2019-05-06 16:45:17.943,3.0,buy,5716.12,BTC-27SEP19-7000-C,65.75,0.0895,3.0,0,1557161117943,18963433,431
2019-05-06 16:45:17.943,5.0,buy,5716.12,BTC-27SEP19-7000-C,65.33,0.0885,5.0,0,1557161117943,18963432,430
2019-05-06 16:47:48.713,6.4,buy,5716.89,BTC-27SEP19-7000-C,64.49,0.0865,6.4,2,1557161268713,18963908,433
2019-05-06 19:32:22.316,2.0,sell,5718.84,BTC-27SEP19-7000-C,64.26,0.086,2.0,2,1557171142316,18974841,434
2019-05-06 20:15:35.063,5.0,sell,5701.57,BTC-27SEP19-7000-C,64.2,0.085,5.0,2,1557173735063,18976789,435
2019-05-06 20:21:56.594,5.0,sell,5674.96,BTC-27SEP19-7000-C,64.33,0.084,5.0,2,1557174116594,18978689,436
2019-05-07 00:32:02.370,7.0,buy,5731.14,BTC-27SEP19-7000-C,64.23,0.0865,7.0,0,1557189122370,18989936,437
2019-05-08 21:55:58.892,1.0,sell,5903.61,BTC-27SEP19-7000-C,64.95,0.09300000000000001,1.0,0,1557352558892,19172057,438
2019-05-08 23:51:49.952,0.1,buy,5932.56,BTC-27SEP19-7000-C,65.96,0.09699999999999999,0.1,0,1557359509952,19190859,439
2019-05-09 01:11:34.272,1.0,buy,6083.91,BTC-27SEP19-7000-C,63.95,0.1,1.0,0,1557364294272,19207455,440
2019-05-09 13:07:58.080,3.5,sell,5970.49,BTC-27SEP19-7000-C,65.85,0.098,3.5,2,1557407278080,19244488,441
2019-05-10 02:23:43.339,11.0,buy,6212.26,BTC-27SEP19-7000-C,66.53,0.1115,11.0,0,1557455023339,19292893,442
2019-05-10 02:23:43.339,1.0,buy,6212.26,BTC-27SEP19-7000-C,66.53,0.1115,1.0,1,1557455023339,19292894,443
2019-05-10 03:29:47.562,1.0,sell,6270.54,BTC-27SEP19-7000-C,64.22,0.1095,1.0,2,1557458987562,19307567,444
2019-05-10 03:43:49.792,3.6,sell,6264.37,BTC-27SEP19-7000-C,63.69,0.10800000000000001,3.6,2,1557459829792,19310055,445
2019-05-10 03:43:49.792,1.4,sell,6264.37,BTC-27SEP19-7000-C,63.69,0.10800000000000001,1.4,3,1557459829792,19310056,446
2019-05-10 05:27:39.379,1.0,sell,6254.46,BTC-27SEP19-7000-C,64.08,0.1075,1.0,2,1557466059379,19323998,447
2019-05-10 08:11:57.989,3.0,buy,6295.36,BTC-27SEP19-7000-C,66.93,0.1165,3.0,0,1557475917989,19337646,448
2019-05-10 08:11:57.989,5.0,buy,6295.36,BTC-27SEP19-7000-C,67.74,0.1185,5.0,0,1557475917989,19337647,449
2019-05-10 08:11:57.989,67.0,buy,6295.36,BTC-27SEP19-7000-C,68.56,0.1205,67.0,0,1557475917989,19337648,450
2019-05-10 08:12:30.896,3.0,sell,6292.05,BTC-27SEP19-7000-C,65.0,0.1115,3.0,2,1557475950896,19338085,451
2019-05-10 13:14:40.370,13.7,buy,6273.39,BTC-27SEP19-7000-C,64.8,0.11,13.7,2,1557494080370,19357408,452
2019-05-10 13:14:55.452,3.8,buy,6273.71,BTC-27SEP19-7000-C,64.79,0.11,3.8,3,1557494095452,19357415,453
2019-05-10 13:44:02.354,0.1,sell,6287.0,BTC-27SEP19-7000-C,65.75,0.113,0.1,0,1557495842354,19358216,454
2019-05-10 14:45:47.644,0.9,sell,6243.6,BTC-27SEP19-7000-C,66.61,0.113,0.9,1,1557499547644,19362715,455
2019-05-10 15:53:28.289,0.3,buy,6278.65,BTC-27SEP19-7000-C,66.08,0.1135,0.3,0,1557503608289,19366258,456
2019-05-10 16:42:13.682,0.1,buy,6379.86,BTC-27SEP19-7000-C,64.95,0.11699999999999999,0.1,0,1557506533682,19375191,457
2019-05-10 16:43:18.793,0.9,buy,6378.94,BTC-27SEP19-7000-C,64.76,0.11599999999999999,0.9,2,1557506598793,19375384,458
2019-05-10 18:58:47.172,4.8,sell,6393.26,BTC-27SEP19-7000-C,64.47,0.1155,4.8,2,1557514727172,19391226,459
2019-05-10 18:58:47.172,3.0,sell,6393.26,BTC-27SEP19-7000-C,64.47,0.1155,3.0,3,1557514727172,19391227,460
2019-05-10 18:58:47.172,6.2,sell,6393.26,BTC-27SEP19-7000-C,64.47,0.1155,6.2,3,1557514727172,19391228,461
2019-05-10 19:08:08.471,4.8,sell,6385.13,BTC-27SEP19-7000-C,64.03,0.114,4.8,2,1557515288471,19392027,464
2019-05-10 19:08:08.471,5.9,sell,6385.13,BTC-27SEP19-7000-C,64.24,0.1145,5.9,3,1557515288471,19392026,463
2019-05-10 19:08:08.471,3.0,sell,6385.13,BTC-27SEP19-7000-C,64.24,0.1145,3.0,2,1557515288471,19392025,462
2019-05-10 19:08:08.471,1.0,sell,6385.13,BTC-27SEP19-7000-C,44.28,0.066,1.0,2,1557515288471,19392028,465
2019-05-10 19:08:08.471,2.6,sell,6385.13,BTC-27SEP19-7000-C,39.61,0.055,2.6,2,1557515288471,19392030,467
2019-05-10 19:08:08.471,0.1,sell,6385.13,BTC-27SEP19-7000-C,41.74,0.06,0.1,2,1557515288471,19392029,466
2019-05-10 21:08:35.269,3.0,buy,6314.58,BTC-27SEP19-7000-C,66.81,0.11699999999999999,3.0,0,1557522515269,19407722,468
2019-05-10 21:10:40.868,1.0,buy,6325.36,BTC-27SEP19-7000-C,67.22,0.1185,1.0,0,1557522640868,19408045,469
2019-05-10 21:11:33.698,1.0,buy,6321.92,BTC-27SEP19-7000-C,67.28,0.1185,1.0,1,1557522693698,19408131,470
2019-05-10 22:48:02.109,1.0,buy,6373.78,BTC-27SEP19-7000-C,67.43,0.1215,1.0,0,1557528482109,19413233,471
2019-05-10 22:50:43.858,0.2,buy,6384.4,BTC-27SEP19-7000-C,65.06,0.11599999999999999,0.2,2,1557528643858,19413390,472
2019-05-11 01:56:42.446,0.2,buy,6464.21,BTC-27SEP19-7000-C,65.65,0.1225,0.2,0,1557539802446,19423891,473
2019-05-11 09:21:41.635,1.0,buy,6737.51,BTC-27SEP19-7000-C,69.26,0.1485,1.0,0,1557566501635,19543384,474
2019-05-11 09:27:46.791,1.0,buy,6741.53,BTC-27SEP19-7000-C,70.29,0.151,1.0,0,1557566866791,19543844,475
2019-05-11 10:14:34.766,1.0,buy,6830.12,BTC-27SEP19-7000-C,71.21,0.159,1.0,0,1557569674766,19548862,476
2019-05-11 10:43:10.088,1.0,buy,6812.48,BTC-27SEP19-7000-C,71.35,0.158,1.0,2,1557571390088,19552231,477
2019-05-11 11:05:38.363,1.0,buy,6819.9,BTC-27SEP19-7000-C,72.85,0.1625,1.0,0,1557572738363,19554644,478
2019-05-11 15:24:59.120,0.3,buy,6860.82,BTC-27SEP19-7000-C,72.61,0.166,0.3,0,1557588299120,19579726,479
2019-05-11 15:25:26.925,0.1,buy,6852.25,BTC-27SEP19-7000-C,72.69,0.166,0.1,1,1557588326925,19579928,480
2019-05-11 15:29:32.980,0.2,buy,6880.21,BTC-27SEP19-7000-C,73.39,0.16899999999999998,0.2,0,1557588572980,19581135,481
2019-05-11 15:33:48.530,0.4,buy,6849.12,BTC-27SEP19-7000-C,73.37,0.1675,0.4,2,1557588828530,19582606,482
2019-05-11 15:56:28.597,0.1,buy,6921.89,BTC-27SEP19-7000-C,73.39,0.1725,0.1,0,1557590188597,19587748,483
2019-05-11 16:29:01.523,3.0,sell,6972.53,BTC-27SEP19-7000-C,72.11,0.172,3.0,2,1557592141523,19603746,484
2019-05-11 16:33:47.972,3.0,sell,6973.19,BTC-27SEP19-7000-C,71.24,0.1705,3.0,2,1557592427972,19605213,485
2019-05-11 16:46:15.095,0.1,buy,6961.5,BTC-27SEP19-7000-C,75.1,0.179,0.1,0,1557593175095,19606774,486
2019-05-11 16:54:15.353,0.1,buy,6929.42,BTC-27SEP19-7000-C,74.91,0.1765,0.1,2,1557593655353,19610372,487
2019-05-11 18:46:28.506,0.2,sell,6992.64,BTC-27SEP19-7000-C,71.25,0.1715,0.2,2,1557600388506,19627248,488
2019-05-11 18:53:25.342,0.3,sell,6958.46,BTC-27SEP19-7000-C,71.34,0.17,0.3,2,1557600805342,19627966,489
2019-05-11 20:55:11.240,1.0,buy,6969.39,BTC-27SEP19-7000-C,74.61,0.1785,1.0,0,1557608111240,19637985,490
2019-05-11 21:00:21.315,0.1,sell,6968.8,BTC-27SEP19-7000-C,74.05,0.177,0.1,2,1557608421315,19638160,491
2019-05-11 21:00:58.884,0.1,sell,6965.45,BTC-27SEP19-7000-C,73.69,0.17600000000000002,0.1,2,1557608458884,19638208,492
2019-05-11 21:02:21.337,0.1,sell,6959.84,BTC-27SEP19-7000-C,73.52,0.175,0.1,2,1557608541337,19638411,493
2019-05-11 21:14:23.053,0.1,sell,6942.82,BTC-27SEP19-7000-C,73.5,0.174,0.1,2,1557609263053,19639180,494
2019-05-11 22:04:28.260,1.0,buy,7140.16,BTC-27SEP19-7000-C,70.68,0.179,1.0,0,1557612268260,19649937,495
2019-05-11 22:06:27.946,1.0,buy,7180.99,BTC-27SEP19-7000-C,70.41,0.182,1.0,0,1557612387946,19654418,496
2019-05-11 22:12:52.140,1.0,buy,7122.09,BTC-27SEP19-7000-C,72.99,0.185,1.0,0,1557612772140,19659584,497
2019-05-11 22:13:01.539,1.0,buy,7117.98,BTC-27SEP19-7000-C,73.99,0.187,1.0,0,1557612781539,19659704,498
2019-05-11 22:18:01.008,1.0,buy,7130.37,BTC-27SEP19-7000-C,75.08,0.19,1.0,0,1557613081008,19661667,499
2019-05-11 22:18:01.008,2.0,buy,7130.37,BTC-27SEP19-7000-C,75.08,0.19,2.0,1,1557613081008,19661668,500
2019-05-11 22:21:24.968,2.0,buy,7155.6,BTC-27SEP19-7000-C,76.1,0.19399999999999998,2.0,0,1557613284968,19662844,501
2019-05-11 22:34:11.317,1.0,buy,7294.25,BTC-27SEP19-7000-C,74.7,0.2,1.0,0,1557614051317,19672568,502
2019-05-11 22:41:56.034,2.0,buy,7251.71,BTC-27SEP19-7000-C,77.67,0.2055,2.0,0,1557614516034,19681634,503
2019-05-11 22:44:00.566,2.0,buy,7258.57,BTC-27SEP19-7000-C,79.07,0.209,2.0,0,1557614640566,19682661,504
2019-05-11 22:46:22.381,2.4,buy,7253.25,BTC-27SEP19-7000-C,79.32,0.2085,2.4,2,1557614782381,19684016,505
2019-05-11 22:46:51.176,2.0,buy,7235.1,BTC-27SEP19-7000-C,80.11,0.2095,2.0,0,1557614811176,19684265,506
2019-05-11 22:46:55.118,2.6,sell,7230.98,BTC-27SEP19-7000-C,80.03,0.209,2.6,2,1557614815118,19684346,507
2019-05-11 22:47:43.511,1.0,buy,7232.79,BTC-27SEP19-7000-C,80.55,0.21,1.0,0,1557614863511,19684889,508
2019-05-11 22:48:38.401,5.0,sell,7214.02,BTC-27SEP19-7000-C,80.16,0.20800000000000002,5.0,2,1557614918401,19685564,509
2019-05-11 22:52:24.722,2.0,buy,7259.72,BTC-27SEP19-7000-C,81.41,0.213,2.0,0,1557615144722,19687697,510
2019-05-11 22:53:36.522,2.0,buy,7272.89,BTC-27SEP19-7000-C,81.32,0.2135,2.0,0,1557615216522,19687907,511
2019-05-11 22:55:35.239,2.0,buy,7278.89,BTC-27SEP19-7000-C,82.07,0.2155,2.0,0,1557615335239,19688890,512
2019-05-11 22:56:27.764,2.0,buy,7278.29,BTC-27SEP19-7000-C,82.96,0.2175,2.0,0,1557615387764,19689350,513
2019-05-11 23:04:23.283,7.0,buy,7289.79,BTC-27SEP19-7000-C,87.96,0.2295,7.0,0,1557615863283,19691932,514
2019-05-11 23:17:41.921,0.2,sell,7352.94,BTC-27SEP19-7000-C,75.35,0.20199999999999999,0.2,2,1557616661921,19703782,515
2019-05-12 00:44:13.667,1.0,sell,7058.63,BTC-27SEP19-7000-C,81.56,0.2,1.0,2,1557621853667,19760531,516
2019-05-12 01:22:02.833,0.3,sell,7113.01,BTC-27SEP19-7000-C,82.14,0.2045,0.3,0,1557624122833,19773337,517
2019-05-12 02:13:42.575,0.2,buy,7223.76,BTC-27SEP19-7000-C,84.41,0.2155,0.2,0,1557627222575,19785972,518
2019-05-12 03:50:53.679,0.3,sell,7164.19,BTC-27SEP19-7000-C,89.35,0.22399999999999998,0.3,0,1557633053679,19801331,519
2019-05-12 07:22:57.503,1.0,buy,7530.85,BTC-27SEP19-7000-C,89.77,0.243,1.0,0,1557645777503,19834783,520
2019-05-12 07:41:13.667,0.1,buy,7521.28,BTC-27SEP19-7000-C,89.58,0.2425,0.1,2,1557646873667,19838617,521
