date_utc,amount,direction,indexPrice,instrument,iv,price,quantity,tickDirection,timeStamp,tradeId,tradeSeq
2019-02-14 09:46:47.525,1.0,buy,3569.86,BTC-27SEP19-7000-C,59.59,0.0205,1.0,2,1550137607525,15359707,90
2019-02-14 17:34:05.794,0.1,buy,3572.36,BTC-27SEP19-7000-C,59.62,0.0205,0.1,3,1550165645794,15371725,91
2019-02-16 03:08:11.049,0.1,buy,3582.6,BTC-27SEP19-7000-C,59.5,0.0205,0.1,3,1550286491049,15405631,92
2019-02-16 03:58:59.636,0.1,buy,3584.65,BTC-27SEP19-7000-C,60.05,0.0215,0.1,0,1550289539636,15406686,93
2019-02-16 12:43:15.432,1.3,buy,3584.46,BTC-27SEP19-7000-C,59.98,0.0215,1.3,1,1550320995432,15414847,94
2019-02-18 06:19:47.158,0.3,buy,3685.0,BTC-27SEP19-7000-C,57.58,0.02,0.3,2,1550470787158,15494665,95
2019-02-18 08:54:39.655,10.0,buy,3703.25,BTC-27SEP19-7000-C,59.16,0.023,10.0,0,1550480079655,15506389,96
2019-02-18 09:12:52.200,5.0,buy,3699.74,BTC-27SEP19-7000-C,59.22,0.023,5.0,1,1550481172200,15507009,97
2019-02-18 13:23:16.271,0.1,buy,3756.03,BTC-27SEP19-7000-C,58.95,0.024,0.1,0,1550496196271,15523941,98
2019-02-18 14:25:12.531,0.1,buy,3820.52,BTC-27SEP19-7000-C,58.45,0.025,0.1,0,1550499912531,15540644,99
2019-02-18 17:04:43.729,0.1,buy,3846.74,BTC-27SEP19-7000-C,57.37,0.0245,0.1,2,1550509483729,15566693,100
2019-02-18 18:18:14.696,0.1,buy,3889.2,BTC-27SEP19-7000-C,58.56,0.0275,0.1,0,1550513894696,15572500,101
2019-02-19 01:12:58.579,1.0,buy,3901.28,BTC-27SEP19-7000-C,59.48,0.03,1.0,0,1550538778579,15599089,102
2019-02-19 03:05:22.216,10.0,buy,3862.55,BTC-27SEP19-7000-C,59.62,0.029,10.0,2,1550545522216,15606589,103
2019-02-19 07:18:36.986,1.0,buy,3888.09,BTC-27SEP19-7000-C,59.78,0.03,1.0,0,1550560716986,15612886,104
2019-02-19 08:22:06.421,2.0,buy,3884.42,BTC-27SEP19-7000-C,59.83,0.03,2.0,1,1550564526421,15614960,105
2019-02-19 12:11:55.596,10.0,buy,3881.69,BTC-27SEP19-7000-C,59.8,0.03,10.0,1,1550578315596,15621905,106
2019-02-19 13:11:18.777,10.0,sell,3889.07,BTC-27SEP19-7000-C,59.73,0.03,10.0,1,1550581878777,15624059,107
2019-02-19 13:11:22.601,5.0,sell,3889.49,BTC-27SEP19-7000-C,59.72,0.03,5.0,1,1550581882601,15624060,108
2019-02-19 14:10:59.382,0.2,buy,3939.23,BTC-27SEP19-7000-C,59.79,0.0315,0.2,0,1550585459382,15639728,109
2019-02-19 15:38:21.842,0.1,buy,3937.88,BTC-27SEP19-7000-C,60.01,0.0315,0.1,1,1550590701842,15649684,110
2019-02-19 16:19:19.366,0.1,buy,3948.93,BTC-27SEP19-7000-C,60.1,0.032,0.1,0,1550593159366,15653413,111
2019-02-21 12:11:51.488,10.0,buy,3893.27,BTC-27SEP19-7000-C,59.9,0.03,10.0,2,1550751111488,15742154,112
2019-02-21 12:33:35.357,5.0,sell,3897.06,BTC-27SEP19-7000-C,59.52,0.0295,5.0,2,1550752415357,15742762,113
2019-02-21 15:23:11.106,5.0,sell,3892.71,BTC-27SEP19-7000-C,57.99,0.0265,5.0,2,1550762591106,15745784,114
2019-02-21 23:40:34.928,0.1,buy,3890.3,BTC-27SEP19-7000-C,60.09,0.03,0.1,0,1550792434928,15751386,115
2019-02-23 12:35:19.382,0.1,sell,3937.84,BTC-27SEP19-7000-C,59.64,0.03,0.1,1,1550925319382,15802734,116
2019-02-23 12:35:41.507,0.9,sell,3938.14,BTC-27SEP19-7000-C,59.65,0.03,0.9,1,1550925341507,15802735,117
2019-02-23 16:32:54.244,0.1,buy,3930.15,BTC-27SEP19-7000-C,61.21,0.0325,0.1,0,1550939574244,15806128,118
2019-02-24 11:28:15.795,0.2,buy,4138.0,BTC-27SEP19-7000-C,61.33,0.04,0.2,0,1551007695795,15877412,119
2019-02-25 01:27:25.685,0.3,buy,3767.78,BTC-27SEP19-7000-C,62.5,0.0285,0.3,2,1551058045685,15970149,120
2019-02-25 03:05:04.097,9.0,sell,3776.48,BTC-27SEP19-7000-C,60.56,0.0255,9.0,2,1551063904097,15972594,122
2019-02-25 03:05:04.097,1.0,sell,3776.48,BTC-27SEP19-7000-C,60.87,0.026,1.0,2,1551063904097,15972593,121
2019-02-25 03:05:26.322,5.0,buy,3774.49,BTC-27SEP19-7000-C,60.57,0.0255,5.0,3,1551063926322,15972620,123
2019-02-25 03:05:51.975,5.0,buy,3774.54,BTC-27SEP19-7000-C,60.57,0.0255,5.0,3,1551063951975,15972665,124
2019-02-25 03:59:49.067,1.0,buy,3777.19,BTC-27SEP19-7000-C,60.57,0.0255,1.0,3,1551067189067,15973939,125
2019-02-25 04:00:32.404,0.1,buy,3776.6,BTC-27SEP19-7000-C,60.58,0.0255,0.1,3,1551067232404,15973945,126
2019-02-25 04:06:17.472,0.2,buy,3776.59,BTC-27SEP19-7000-C,60.56,0.0255,0.2,3,1551067577472,15974084,127
2019-02-25 05:18:29.661,2.5,sell,3766.14,BTC-27SEP19-7000-C,60.39,0.025,2.5,2,1551071909661,15975855,128
2019-02-25 07:15:01.044,0.5,buy,3774.57,BTC-27SEP19-7000-C,60.55,0.0255,0.5,0,1551078901044,15979041,129
2019-02-25 09:54:34.187,5.0,buy,3772.48,BTC-27SEP19-7000-C,60.58,0.0255,5.0,1,1551088474187,15982002,131
2019-02-25 09:54:34.187,10.0,buy,3772.48,BTC-27SEP19-7000-C,60.58,0.0255,10.0,1,1551088474187,15982001,130
2019-02-25 11:21:58.214,0.2,buy,3781.75,BTC-27SEP19-7000-C,60.73,0.026,0.2,0,1551093718214,15985835,132
