date_utc,amount,direction,indexPrice,instrument,iv,price,quantity,tickDirection,timeStamp,tradeId,tradeSeq
2019-03-27 13:40:03.747,1.0,buy,137.79,ETH-27SEP19-220-C,75.08,0.07,1.0,1,1553694003747,174705,1
2019-03-27 15:56:00.982,1.0,buy,137.79,ETH-27SEP19-220-C,75.07,0.07,1.0,1,1553702160982,175574,2
2019-03-27 23:59:05.570,1.0,buy,139.03,ETH-27SEP19-220-C,74.67,0.071,1.0,0,1553731145570,181204,3
2019-03-28 02:58:36.245,3.0,buy,138.43,ETH-27SEP19-220-C,74.95,0.07,3.0,2,1553741916245,182436,4
2019-03-28 14:24:23.263,120.0,sell,137.66,ETH-27SEP19-220-C,72.85,0.064,120.0,2,1553783063263,185791,5
2019-03-28 14:24:24.484,120.0,buy,137.67,ETH-27SEP19-220-C,72.4,0.063,120.0,2,1553783064484,185799,6
2019-03-28 14:24:26.112,120.0,buy,137.65,ETH-27SEP19-220-C,72.41,0.063,120.0,3,1553783066112,185806,7
2019-03-28 20:41:37.173,120.0,sell,136.94,ETH-27SEP19-220-C,69.23,0.055,120.0,2,1553805697173,188390,8
2019-03-29 04:06:55.211,1.0,sell,137.98,ETH-27SEP19-220-C,70.15,0.058,1.0,0,1553832415211,191122,9
2019-03-29 10:17:25.435,1.0,sell,140.8,ETH-27SEP19-220-C,66.82,0.055,1.0,2,1553854645435,197878,10
2019-04-01 21:21:55.077,1.0,buy,140.89,ETH-27SEP19-220-C,68.72,0.06,1.0,0,1554153715077,248993,11
2019-04-02 06:52:12.262,1.0,buy,151.03,ETH-27SEP19-220-C,72.02,0.08199999999999999,1.0,0,1554187932262,275237,12
2019-04-02 12:50:21.315,1.0,buy,156.54,ETH-27SEP19-220-C,77.5,0.106,1.0,0,1554209421315,294284,13
2019-04-02 16:24:42.774,20.0,buy,155.48,ETH-27SEP19-220-C,76.09,0.102,20.0,2,1554222282774,307397,14
2019-04-04 21:26:58.643,1.0,buy,158.07,ETH-27SEP19-220-C,87.33,0.138,1.0,0,1554413218643,459389,15
2019-04-05 07:48:14.801,2.0,buy,163.04,ETH-27SEP19-220-C,87.28,0.147,2.0,0,1554450494801,471121,16
2019-04-05 09:53:01.806,1.0,sell,163.62,ETH-27SEP19-220-C,79.61,0.127,1.0,2,1554457981806,473703,17
2019-04-06 19:55:37.907,36.0,buy,170.78,ETH-27SEP19-220-C,82.24,0.14300000000000002,36.0,0,1554580537907,514119,18
2019-04-08 02:59:42.372,36.0,sell,182.67,ETH-27SEP19-220-C,78.31,0.16699999999999998,36.0,0,1554692382372,602870,19
2019-04-08 13:33:39.073,1.0,sell,177.92,ETH-27SEP19-220-C,84.8,0.17300000000000001,1.0,0,1554730419073,635644,20
2019-04-08 14:47:01.630,216.0,buy,178.27,ETH-27SEP19-220-C,84.33,0.17300000000000001,216.0,1,1554734821630,638211,21
2019-04-08 14:48:54.593,216.0,buy,178.61,ETH-27SEP19-220-C,84.21,0.17300000000000001,216.0,1,1554734934593,638304,22
2019-04-08 14:49:07.671,18.0,buy,178.6,ETH-27SEP19-220-C,84.18,0.17300000000000001,18.0,1,1554734947671,638305,23
2019-04-08 16:08:33.054,1.0,buy,182.87,ETH-27SEP19-220-C,81.19,0.17300000000000001,1.0,1,1554739713054,642501,24
2019-04-09 04:41:42.148,1.0,sell,177.14,ETH-27SEP19-220-C,78.14,0.155,1.0,2,1554784902148,678954,25
2019-04-10 16:40:46.256,1.0,buy,180.08,ETH-27SEP19-220-C,75.16,0.154,1.0,2,1554914446256,748878,26
2019-04-10 20:36:13.310,1.0,sell,177.96,ETH-27SEP19-220-C,72.48,0.142,1.0,2,1554928573310,769126,27
2019-04-10 20:43:23.522,1.0,sell,172.93,ETH-27SEP19-220-C,72.18,0.129,1.0,2,1554929003522,773326,28
2019-04-10 23:56:53.260,1.0,sell,177.31,ETH-27SEP19-220-C,72.56,0.14,1.0,0,1554940613260,785992,29
2019-04-11 03:08:33.677,3.0,sell,174.98,ETH-27SEP19-220-C,73.91,0.138,3.0,2,1554952113677,792419,30
2019-04-11 11:28:25.000,1.0,sell,163.32,ETH-27SEP19-220-C,75.23,0.116,1.0,2,1554982105000,821756,31
2019-04-12 06:41:20.797,3.0,sell,164.52,ETH-27SEP19-220-C,74.13,0.111,3.0,2,1555051280797,865347,32
2019-04-12 06:56:34.094,17.0,sell,163.96,ETH-27SEP19-220-C,73.0,0.107,17.0,2,1555052194094,865558,33
2019-04-12 20:29:43.525,1.0,sell,163.67,ETH-27SEP19-220-C,71.65,0.10099999999999999,1.0,2,1555100983525,895081,34
2019-04-15 17:33:37.185,1.0,sell,158.76,ETH-27SEP19-220-C,74.77,0.096,1.0,2,1555349617185,957619,35
2019-04-15 17:34:13.327,98.0,buy,157.58,ETH-27SEP19-220-C,73.23,0.09,98.0,2,1555349653327,958515,36
2019-04-15 17:35:27.096,103.0,buy,157.31,ETH-27SEP19-220-C,73.93,0.092,103.0,0,1555349727096,959389,37
2019-04-19 10:27:19.928,1.0,sell,173.2,ETH-27SEP19-220-C,68.65,0.106,1.0,0,1555669639928,1091392,38
2019-04-20 01:16:06.134,1.0,sell,173.7,ETH-27SEP19-220-C,69.54,0.10800000000000001,1.0,0,1555722966134,1105626,39
2019-04-21 15:56:40.111,20.0,sell,169.28,ETH-27SEP19-220-C,67.85,0.096,20.0,2,1555862200111,1144053,40
2019-04-22 18:45:45.666,1.0,sell,171.99,ETH-27SEP19-220-C,67.78,0.099,1.0,0,1555958745666,1162936,41
2019-04-23 21:31:59.688,2.0,sell,172.58,ETH-27SEP19-220-C,69.81,0.105,2.0,0,1556055119688,1190825,42
2019-04-24 18:12:04.884,126.0,buy,161.01,ETH-27SEP19-220-C,69.81,0.083,126.0,2,1556129524884,1217966,43
2019-04-25 16:15:19.950,20.0,buy,165.11,ETH-27SEP19-220-C,66.19,0.08,20.0,2,1556208919950,1234076,44
2019-04-25 22:36:28.261,1.0,buy,153.4,ETH-27SEP19-220-C,68.51,0.066,1.0,2,1556231788261,1256472,45
2019-04-26 05:29:10.159,1.0,sell,153.32,ETH-27SEP19-220-C,66.21,0.062,1.0,2,1556256550159,1268805,46
2019-04-26 10:27:37.548,1.0,sell,152.68,ETH-27SEP19-220-C,65.6,0.06,1.0,2,1556274457548,1273090,47
2019-04-27 13:22:38.794,50.0,buy,153.26,ETH-27SEP19-220-C,68.27,0.066,50.0,0,1556371358794,1287400,48
2019-04-29 06:17:37.023,4.0,buy,154.22,ETH-27SEP19-220-C,67.77,0.063,4.0,2,1556518657023,1321415,49
2019-04-29 10:49:44.850,2.0,sell,151.0,ETH-27SEP19-220-C,68.06,0.059000000000000004,2.0,2,1556534984850,1324812,50
2019-05-01 17:45:51.000,120.0,buy,159.68,ETH-27SEP19-220-C,66.05,0.065,120.0,0,1556732751000,1381296,51
2019-05-02 14:15:39.004,120.0,buy,157.41,ETH-27SEP19-220-C,66.79,0.063,120.0,2,1556806539004,1396876,52
2019-05-02 14:17:12.328,60.0,buy,157.47,ETH-27SEP19-220-C,67.68,0.065,60.0,0,1556806632328,1396949,53
2019-05-02 14:17:12.328,35.0,buy,157.47,ETH-27SEP19-220-C,67.68,0.065,35.0,1,1556806632328,1396950,54
2019-05-04 09:12:26.098,72.0,buy,163.26,ETH-27SEP19-220-C,69.35,0.078,72.0,0,1556961146098,1462366,55
2019-05-04 09:52:57.925,72.0,sell,162.52,ETH-27SEP19-220-C,69.8,0.078,72.0,1,1556963577925,1462575,56
2019-05-04 09:52:58.359,6.0,sell,162.52,ETH-27SEP19-220-C,69.8,0.078,6.0,1,1556963578359,1462576,57
2019-05-05 02:53:10.792,1.0,buy,162.47,ETH-27SEP19-220-C,70.06,0.078,1.0,1,1557024790792,1482078,58
2019-05-06 17:42:14.679,1.0,sell,173.1,ETH-27SEP19-220-C,67.63,0.09,1.0,0,1557164534679,1531746,59
2019-05-06 21:11:25.436,5.0,buy,173.23,ETH-27SEP19-220-C,71.97,0.10099999999999999,5.0,0,1557177085436,1536543,60
2019-05-07 10:22:33.644,18.0,buy,175.84,ETH-27SEP19-220-C,72.58,0.107,18.0,0,1557224553644,1563443,61
2019-05-07 23:52:14.648,2.0,sell,167.07,ETH-27SEP19-220-C,73.17,0.092,2.0,2,1557273134648,1592817,62
2019-05-07 23:52:33.281,1.0,sell,166.67,ETH-27SEP19-220-C,73.01,0.091,1.0,2,1557273153281,1593289,63
2019-05-08 12:01:09.757,2.0,buy,168.74,ETH-27SEP19-220-C,74.6,0.096,2.0,0,1557316869757,1621366,64
2019-05-09 06:17:02.701,10.0,buy,168.46,ETH-27SEP19-220-C,75.8,0.09699999999999999,10.0,0,1557382622701,1651968,65
2019-05-09 07:07:14.620,120.0,sell,169.67,ETH-27SEP19-220-C,71.84,0.09,120.0,2,1557385634620,1652751,66
2019-05-09 07:07:53.620,95.0,sell,169.77,ETH-27SEP19-220-C,71.36,0.08900000000000001,95.0,2,1557385673620,1652758,67
2019-05-09 08:12:39.121,10.0,buy,170.17,ETH-27SEP19-220-C,75.05,0.098,10.0,0,1557389559121,1653704,68
2019-05-09 08:13:47.904,10.0,buy,169.95,ETH-27SEP19-220-C,75.19,0.098,10.0,1,1557389627904,1653765,69
2019-05-09 19:52:57.176,10.0,buy,167.14,ETH-27SEP19-220-C,74.88,0.092,10.0,2,1557431577176,1664569,70
2019-05-10 11:33:48.619,10.0,buy,172.37,ETH-27SEP19-220-C,76.95,0.105,10.0,0,1557488028619,1691552,71
2019-05-10 20:23:02.379,1.0,buy,175.36,ETH-27SEP19-220-C,76.37,0.10800000000000001,1.0,0,1557519782379,1705923,72
2019-05-11 08:26:11.958,20.0,buy,182.05,ETH-27SEP19-220-C,81.43,0.131,20.0,0,1557563171958,1746521,73
2019-05-11 08:26:29.283,20.0,buy,182.52,ETH-27SEP19-220-C,82.38,0.134,20.0,0,1557563189283,1746620,74
2019-05-11 15:35:45.459,10.0,sell,191.75,ETH-27SEP19-220-C,82.49,0.153,10.0,0,1557588945459,1788762,75
