date_utc,amount,direction,indexPrice,instrument,iv,price,quantity,tickDirection,timeStamp,tradeId,tradeSeq
2019-02-14 00:09:14.473,2.0,buy,3577.19,BTC-29MAR19-3250-P,59.41,0.042,2.0,1,1550102954473,15349896,286
2019-02-14 07:08:28.286,2.0,buy,3564.31,BTC-29MAR19-3250-P,57.97,0.040999999999999995,2.0,2,1550128108286,15356302,287
2019-02-14 16:08:52.485,0.1,sell,3571.93,BTC-29MAR19-3250-P,57.97,0.0405,0.1,2,1550160532485,15370905,288
2019-02-14 17:53:30.826,6.0,sell,3574.42,BTC-29MAR19-3250-P,57.58,0.0395,6.0,2,1550166810826,15372069,289
2019-02-14 17:53:30.826,13.0,sell,3574.42,BTC-29MAR19-3250-P,57.58,0.0395,13.0,3,1550166810826,15372070,290
2019-02-14 17:57:33.688,10.0,sell,3571.09,BTC-29MAR19-3250-P,57.28,0.0395,10.0,3,1550167053688,15372189,291
2019-02-14 19:56:11.753,0.1,buy,3574.92,BTC-29MAR19-3250-P,57.89,0.04,0.1,0,1550174171753,15372986,292
2019-02-14 21:18:51.336,0.5,sell,3563.39,BTC-29MAR19-3250-P,57.56,0.0405,0.5,0,1550179131336,15373720,293
2019-02-15 05:10:44.547,3.5,buy,3578.32,BTC-29MAR19-3250-P,59.2,0.0405,3.5,0,1550207444547,15380275,295
2019-02-15 05:10:44.547,6.4,buy,3578.32,BTC-29MAR19-3250-P,59.63,0.040999999999999995,6.4,0,1550207444547,15380276,296
2019-02-15 05:10:44.547,0.1,buy,3578.32,BTC-29MAR19-3250-P,57.04,0.038,0.1,2,1550207444547,15380274,294
2019-02-15 08:01:50.828,1.0,sell,3576.34,BTC-29MAR19-3250-P,57.29,0.038,1.0,2,1550217710828,15382398,297
2019-02-15 09:02:10.522,11.0,sell,3576.83,BTC-29MAR19-3250-P,56.61,0.0375,11.0,2,1550221330522,15383133,298
2019-02-15 12:36:54.927,0.6,buy,3580.45,BTC-29MAR19-3250-P,57.16,0.0375,0.6,3,1550234214927,15387114,299
2019-02-15 14:59:44.467,0.1,buy,3558.81,BTC-29MAR19-3250-P,56.64,0.039,0.1,0,1550242784467,15396399,300
2019-02-16 03:17:12.054,4.0,sell,3587.46,BTC-29MAR19-3250-P,60.06,0.0395,4.0,0,1550287032054,15405899,301
2019-02-16 10:54:16.943,13.0,sell,3585.26,BTC-29MAR19-3250-P,57.29,0.036000000000000004,13.0,2,1550314456943,15411687,302
2019-02-16 12:19:13.754,2.0,sell,3594.14,BTC-29MAR19-3250-P,55.94,0.0335,2.0,2,1550319553754,15412933,303
2019-02-16 22:08:44.289,7.0,buy,3592.97,BTC-29MAR19-3250-P,58.07,0.036000000000000004,7.0,0,1550354924289,15423152,304
2019-02-17 00:49:03.709,5.0,sell,3586.91,BTC-29MAR19-3250-P,55.73,0.0335,5.0,2,1550364543709,15425653,305
2019-02-17 08:31:44.439,1.0,sell,3596.06,BTC-29MAR19-3250-P,56.67,0.0335,1.0,3,1550392304439,15429266,306
2019-02-17 13:28:13.342,0.1,buy,3564.9,BTC-29MAR19-3250-P,57.47,0.037000000000000005,0.1,0,1550410093342,15447605,307
2019-02-17 15:24:01.678,0.1,sell,3573.58,BTC-29MAR19-3250-P,56.91,0.0355,0.1,2,1550417041678,15449100,308
2019-02-17 23:11:16.523,0.5,sell,3606.23,BTC-29MAR19-3250-P,55.58,0.0315,0.5,3,1550445076523,15456611,310
2019-02-17 23:11:16.523,0.5,sell,3606.23,BTC-29MAR19-3250-P,55.58,0.0315,0.5,2,1550445076523,15456610,309
2019-02-17 23:11:16.532,2.7,sell,3606.23,BTC-29MAR19-3250-P,55.58,0.0315,2.7,3,1550445076532,15456612,311
2019-02-17 23:11:16.533,1.2,sell,3606.23,BTC-29MAR19-3250-P,55.58,0.0315,1.2,3,1550445076533,15456613,312
2019-02-17 23:11:16.539,2.0,sell,3606.23,BTC-29MAR19-3250-P,55.58,0.0315,2.0,3,1550445076539,15456614,313
2019-02-17 23:11:16.684,1.2,sell,3606.23,BTC-29MAR19-3250-P,55.58,0.0315,1.2,3,1550445076684,15456615,314
2019-02-17 23:11:16.695,0.5,sell,3606.23,BTC-29MAR19-3250-P,55.58,0.0315,0.5,3,1550445076695,15456616,315
2019-02-17 23:11:16.703,1.1,sell,3606.23,BTC-29MAR19-3250-P,55.58,0.0315,1.1,3,1550445076703,15456617,316
2019-02-17 23:11:17.701,3.0,sell,3606.23,BTC-29MAR19-3250-P,55.58,0.0315,3.0,3,1550445077701,15456618,317
2019-02-17 23:11:18.023,2.2,sell,3606.23,BTC-29MAR19-3250-P,55.58,0.0315,2.2,3,1550445078023,15456619,318
2019-02-17 23:11:18.025,3.3000000000000003,buy,3606.23,BTC-29MAR19-3250-P,55.58,0.0315,3.3000000000000003,3,1550445078025,15456620,319
2019-02-18 07:27:39.485,10.0,buy,3712.96,BTC-29MAR19-3250-P,58.54,0.026000000000000002,10.0,2,1550474859485,15501574,320
2019-02-18 07:39:24.408,1.0,sell,3700.1,BTC-29MAR19-3250-P,57.25,0.0255,1.0,2,1550475564408,15503706,321
2019-02-18 07:42:23.005,1.0,sell,3699.9,BTC-29MAR19-3250-P,57.14,0.0255,1.0,3,1550475743005,15503771,322
2019-02-18 07:45:24.714,1.0,sell,3699.68,BTC-29MAR19-3250-P,56.83,0.025,1.0,2,1550475924714,15503853,323
2019-02-18 08:07:30.089,10.0,buy,3690.93,BTC-29MAR19-3250-P,59.18,0.027999999999999997,10.0,0,1550477250089,15504781,324
2019-02-18 08:07:30.089,3.0,buy,3690.93,BTC-29MAR19-3250-P,59.69,0.0285,3.0,0,1550477250089,15504782,325
2019-02-18 08:10:15.193,1.0,sell,3689.91,BTC-29MAR19-3250-P,57.55,0.0265,1.0,2,1550477415193,15504873,326
2019-02-18 08:12:08.458,4.0,sell,3689.68,BTC-29MAR19-3250-P,57.6,0.0265,4.0,3,1550477528458,15504908,327
2019-02-18 09:34:20.253,1.0,sell,3703.64,BTC-29MAR19-3250-P,57.32,0.0255,1.0,2,1550482460253,15507312,328
2019-02-18 13:34:25.607,0.1,buy,3773.37,BTC-29MAR19-3250-P,59.21,0.023,0.1,2,1550496865607,15527593,329
2019-02-18 13:51:06.242,2.0,sell,3804.88,BTC-29MAR19-3250-P,60.09,0.022000000000000002,2.0,2,1550497866242,15532824,330
2019-02-18 14:41:18.863,0.1,buy,3807.17,BTC-29MAR19-3250-P,59.4,0.021,0.1,2,1550500878863,15542587,331
2019-02-18 14:41:18.863,0.2,buy,3807.17,BTC-29MAR19-3250-P,59.98,0.0215,0.2,0,1550500878863,15542588,332
2019-02-18 14:44:27.394,0.5,buy,3800.28,BTC-29MAR19-3250-P,60.15,0.022000000000000002,0.5,0,1550501067394,15542781,333
2019-02-18 22:12:26.476,6.0,buy,3850.06,BTC-29MAR19-3250-P,63.2,0.0215,6.0,2,1550527946476,15583275,334
2019-02-18 22:18:14.205,1.0,sell,3856.49,BTC-29MAR19-3250-P,59.79,0.0185,1.0,2,1550528294205,15583780,335
2019-02-19 00:22:37.170,4.0,sell,3902.84,BTC-29MAR19-3250-P,62.42,0.018000000000000002,4.0,2,1550535757170,15589911,336
2019-02-19 00:23:53.355,1.0,sell,3887.99,BTC-29MAR19-3250-P,62.22,0.0185,1.0,0,1550535833355,15590193,337
2019-02-19 00:30:06.818,1.0,buy,3898.11,BTC-29MAR19-3250-P,65.3,0.0205,1.0,0,1550536206818,15590680,338
2019-02-19 03:49:31.016,1.0,sell,3866.16,BTC-29MAR19-3250-P,64.8,0.0215,1.0,0,1550548171016,15607404,339
2019-02-19 04:48:57.539,10.0,sell,3864.83,BTC-29MAR19-3250-P,64.96,0.0215,10.0,1,1550551737539,15609247,340
2019-02-19 07:49:30.149,10.0,sell,3883.39,BTC-29MAR19-3250-P,63.68,0.0195,10.0,2,1550562570149,15613882,341
2019-02-19 08:13:16.148,5.0,buy,3880.71,BTC-29MAR19-3250-P,65.38,0.021,5.0,0,1550563996148,15614853,342
2019-02-19 11:05:13.270,0.3,sell,3871.83,BTC-29MAR19-3250-P,62.82,0.019,0.3,2,1550574313270,15620100,343
2019-02-19 11:46:13.321,1.0,buy,3865.85,BTC-29MAR19-3250-P,66.17,0.022000000000000002,1.0,0,1550576773321,15621046,344
2019-02-19 11:47:59.480,2.0,buy,3869.94,BTC-29MAR19-3250-P,66.47,0.022000000000000002,2.0,1,1550576879480,15621116,345
2019-02-19 12:12:39.111,10.0,sell,3882.44,BTC-29MAR19-3250-P,62.89,0.0185,10.0,2,1550578359111,15621917,346
2019-02-19 12:13:43.350,2.0,sell,3882.36,BTC-29MAR19-3250-P,62.91,0.0185,2.0,3,1550578423350,15621923,347
2019-02-19 13:10:14.599,19.1,sell,3889.66,BTC-29MAR19-3250-P,61.36,0.017,19.1,3,1550581814599,15624017,350
2019-02-19 13:10:14.599,32.0,sell,3889.66,BTC-29MAR19-3250-P,61.36,0.017,32.0,2,1550581814599,15624015,348
2019-02-19 13:10:14.599,1.9,sell,3889.66,BTC-29MAR19-3250-P,61.36,0.017,1.9,3,1550581814599,15624016,349
2019-02-19 19:30:39.700,5.0,sell,3945.79,BTC-29MAR19-3250-P,62.81,0.016,5.0,2,1550604639700,15659881,351
2019-02-20 02:04:21.395,2.0,sell,3892.8,BTC-29MAR19-3250-P,61.01,0.0165,2.0,2,1550628261395,15673791,353
2019-02-20 02:04:21.395,3.0,sell,3892.8,BTC-29MAR19-3250-P,61.68,0.017,3.0,0,1550628261395,15673790,352
2019-02-20 05:39:57.615,0.9,sell,3880.53,BTC-29MAR19-3250-P,61.14,0.017,0.9,1,1550641197615,15677971,355
2019-02-20 05:39:57.615,0.1,sell,3880.53,BTC-29MAR19-3250-P,61.14,0.017,0.1,0,1550641197615,15677970,354
2019-02-20 14:14:44.454,5.0,buy,3911.11,BTC-29MAR19-3250-P,61.91,0.0165,5.0,2,1550672084454,15700920,356
2019-02-20 16:32:13.113,5.0,sell,3925.37,BTC-29MAR19-3250-P,61.71,0.0155,5.0,2,1550680333113,15705379,357
2019-02-20 19:58:15.600,5.0,sell,3924.0,BTC-29MAR19-3250-P,55.89,0.0115,5.0,2,1550692695600,15709467,361
2019-02-20 19:58:15.600,5.4,sell,3924.0,BTC-29MAR19-3250-P,58.93,0.0135,5.4,2,1550692695600,15709464,358
2019-02-20 19:58:15.600,2.0,sell,3924.0,BTC-29MAR19-3250-P,56.67,0.012,2.0,2,1550692695600,15709466,360
2019-02-20 19:58:15.600,0.2,sell,3924.0,BTC-29MAR19-3250-P,58.18,0.013000000000000001,0.2,2,1550692695600,15709465,359
2019-02-20 19:58:15.609,7.4,buy,3924.0,BTC-29MAR19-3250-P,55.1,0.011000000000000001,7.4,2,1550692695609,15709468,362
2019-02-20 19:58:21.716,4.6000000000000005,buy,3924.21,BTC-29MAR19-3250-P,51.82,0.009000000000000001,4.6000000000000005,2,1550692701716,15709515,363
2019-02-20 20:17:00.616,5.0,sell,3931.92,BTC-29MAR19-3250-P,60.2,0.014,5.0,0,1550693820616,15710570,364
2019-02-21 00:09:19.911,0.9,buy,3921.29,BTC-29MAR19-3250-P,63.18,0.0165,0.9,1,1550707759911,15716398,366
2019-02-21 00:09:19.911,0.1,buy,3921.29,BTC-29MAR19-3250-P,63.18,0.0165,0.1,0,1550707759911,15716397,365
2019-02-21 02:42:33.178,1.0,sell,3920.52,BTC-29MAR19-3250-P,58.2,0.013,1.0,2,1550716953178,15718661,367
2019-02-21 06:02:49.669,3.1,buy,3955.39,BTC-29MAR19-3250-P,62.24,0.0145,3.1,1,1550728969669,15726838,369
2019-02-21 06:02:49.669,5.0,buy,3955.39,BTC-29MAR19-3250-P,62.24,0.0145,5.0,0,1550728969669,15726837,368
2019-02-21 07:05:04.055,0.1,buy,3927.99,BTC-29MAR19-3250-P,63.74,0.0165,0.1,0,1550732704055,15730759,370
2019-02-21 07:42:44.370,10.0,sell,3932.21,BTC-29MAR19-3250-P,61.99,0.015,10.0,2,1550734964370,15731195,371
2019-02-21 08:11:31.276,10.0,buy,3927.81,BTC-29MAR19-3250-P,63.18,0.016,10.0,0,1550736691276,15731503,372
2019-02-21 09:37:36.742,0.4,buy,3909.51,BTC-29MAR19-3250-P,61.64,0.0155,0.4,2,1550741856742,15736543,373
2019-02-21 11:16:55.572,8.0,buy,3882.25,BTC-29MAR19-3250-P,61.11,0.016,8.0,0,1550747815572,15739880,374
2019-02-21 11:25:32.896,5.0,buy,3881.4,BTC-29MAR19-3250-P,61.82,0.0165,5.0,0,1550748332896,15741013,375
2019-02-21 12:00:19.494,1.0,sell,3894.91,BTC-29MAR19-3250-P,59.1,0.013999999999999999,1.0,2,1550750419494,15741853,376
2019-02-21 12:11:54.490,9.8,buy,3893.23,BTC-29MAR19-3250-P,63.14,0.017,9.8,0,1550751114490,15742237,378
2019-02-21 12:11:54.490,0.2,buy,3893.23,BTC-29MAR19-3250-P,61.76,0.016,0.2,0,1550751114490,15742236,377
2019-02-21 12:12:08.582,0.2,buy,3893.31,BTC-29MAR19-3250-P,63.22,0.017,0.2,1,1550751128582,15742282,379
2019-02-21 12:12:20.822,0.2,sell,3893.29,BTC-29MAR19-3250-P,60.45,0.015,0.2,2,1550751140822,15742298,380
2019-02-21 14:52:52.022,6.6000000000000005,buy,3900.09,BTC-29MAR19-3250-P,60.85,0.015,6.6000000000000005,3,1550760772022,15745384,381
2019-02-21 15:27:15.362,0.2,sell,3892.97,BTC-29MAR19-3250-P,62.04,0.016,0.2,0,1550762835362,15745871,382
2019-02-21 15:27:15.362,0.5,sell,3892.97,BTC-29MAR19-3250-P,60.63,0.015,0.5,2,1550762835362,15745872,383
2019-02-21 17:43:20.928,10.0,sell,3891.66,BTC-29MAR19-3250-P,60.56,0.015,10.0,3,1550771000928,15747599,384
2019-02-21 19:25:23.062,1.0,buy,3883.36,BTC-29MAR19-3250-P,60.17,0.015,1.0,3,1550777123062,15749243,385
2019-02-21 19:41:41.825,4.0,sell,3885.4,BTC-29MAR19-3250-P,60.33,0.015,4.0,3,1550778101825,15749391,386
2019-02-21 20:05:28.118,4.0,buy,3894.22,BTC-29MAR19-3250-P,60.85,0.015,4.0,3,1550779528118,15749719,387
2019-02-22 01:39:52.400,1.0,sell,3906.77,BTC-29MAR19-3250-P,61.12,0.0145,1.0,2,1550799592400,15753194,388
2019-02-22 01:40:14.033,1.0,sell,3906.92,BTC-29MAR19-3250-P,61.12,0.0145,1.0,3,1550799614033,15753199,389
2019-02-22 05:19:58.500,1.2,buy,3922.62,BTC-29MAR19-3250-P,60.47,0.0135,1.2,2,1550812798500,15756190,390
2019-02-22 07:09:14.145,0.2,sell,3901.52,BTC-29MAR19-3250-P,60.04,0.014,0.2,0,1550819354145,15757847,391
2019-02-22 07:09:14.145,0.2,sell,3901.52,BTC-29MAR19-3250-P,60.04,0.014,0.2,1,1550819354145,15757848,392
2019-02-22 07:18:32.411,0.2,sell,3896.18,BTC-29MAR19-3250-P,60.57,0.0145,0.2,0,1550819912411,15758427,393
2019-02-22 11:10:16.022,5.0,sell,3922.43,BTC-29MAR19-3250-P,60.23,0.013,5.0,2,1550833816022,15767520,394
2019-02-22 11:22:08.518,0.6,buy,3927.32,BTC-29MAR19-3250-P,61.17,0.0135,0.6,0,1550834528518,15767681,395
2019-02-22 11:34:50.071,2.0,buy,3922.91,BTC-29MAR19-3250-P,60.96,0.0135,2.0,1,1550835290071,15768155,396
2019-02-22 11:34:50.090,2.0,buy,3922.91,BTC-29MAR19-3250-P,60.96,0.0135,2.0,1,1550835290090,15768156,397
2019-02-22 11:48:04.938,0.3,buy,3924.15,BTC-29MAR19-3250-P,61.0,0.0135,0.3,1,1550836084938,15768404,398
2019-02-22 11:50:01.672,0.5,buy,3921.62,BTC-29MAR19-3250-P,61.49,0.014,0.5,0,1550836201672,15768500,399
2019-02-22 11:50:01.672,0.4,buy,3921.62,BTC-29MAR19-3250-P,61.49,0.014,0.4,1,1550836201672,15768501,400
2019-02-22 14:12:47.055,9.6,buy,3938.8,BTC-29MAR19-3250-P,63.09,0.014,9.6,1,1550844767055,15776610,401
2019-02-22 14:12:47.055,5.4,buy,3938.8,BTC-29MAR19-3250-P,63.84,0.0145,5.4,0,1550844767055,15776611,402
2019-02-22 14:12:57.997,15.1,sell,3939.11,BTC-29MAR19-3250-P,60.73,0.0125,15.1,3,1550844777997,15776625,405
2019-02-22 14:12:57.997,10.0,sell,3939.11,BTC-29MAR19-3250-P,60.73,0.0125,10.0,2,1550844777997,15776624,404
2019-02-22 14:12:57.997,4.9,sell,3939.11,BTC-29MAR19-3250-P,61.52,0.013,4.9,2,1550844777997,15776623,403
2019-02-22 14:37:01.685,10.0,buy,3938.74,BTC-29MAR19-3250-P,62.9,0.014,10.0,0,1550846221685,15778025,406
2019-02-22 14:39:30.228,20.0,buy,3937.43,BTC-29MAR19-3250-P,63.67,0.0145,20.0,1,1550846370228,15778052,409
2019-02-22 14:39:30.228,22.3,buy,3937.43,BTC-29MAR19-3250-P,63.67,0.0145,22.3,1,1550846370228,15778054,411
2019-02-22 14:39:30.228,10.0,buy,3937.43,BTC-29MAR19-3250-P,63.67,0.0145,10.0,1,1550846370228,15778053,410
2019-02-22 14:39:30.228,0.1,buy,3937.43,BTC-29MAR19-3250-P,63.67,0.0145,0.1,1,1550846370228,15778051,408
2019-02-22 14:39:30.228,4.6000000000000005,buy,3937.43,BTC-29MAR19-3250-P,63.67,0.0145,4.6000000000000005,0,1550846370228,15778050,407
2019-02-22 14:40:45.034,19.1,buy,3938.2,BTC-29MAR19-3250-P,62.91,0.014,19.1,2,1550846445034,15778088,412
2019-02-22 14:57:28.411,0.9,buy,3942.42,BTC-29MAR19-3250-P,63.86,0.0145,0.9,0,1550847448411,15778770,413
2019-02-22 14:57:28.411,10.0,buy,3942.42,BTC-29MAR19-3250-P,63.86,0.0145,10.0,1,1550847448411,15778771,414
2019-02-22 15:24:19.170,10.0,buy,3926.13,BTC-29MAR19-3250-P,63.35,0.015,10.0,0,1550849059170,15780315,415
2019-02-22 15:24:33.575,10.0,buy,3921.62,BTC-29MAR19-3250-P,63.89,0.0155,10.0,0,1550849073575,15780413,416
2019-02-22 20:29:33.755,6.0,buy,3934.93,BTC-29MAR19-3250-P,64.51,0.0155,6.0,1,1550867373755,15787263,417
2019-02-22 21:20:34.419,4.6000000000000005,sell,3936.16,BTC-29MAR19-3250-P,60.9,0.013,4.6000000000000005,3,1550870434419,15787695,419
2019-02-22 21:20:34.419,0.9,sell,3936.16,BTC-29MAR19-3250-P,60.9,0.013,0.9,2,1550870434419,15787694,418
2019-02-22 21:20:34.419,0.5,sell,3936.16,BTC-29MAR19-3250-P,60.12,0.0125,0.5,2,1550870434419,15787696,420
2019-02-22 21:52:07.573,1.0,buy,3944.39,BTC-29MAR19-3250-P,64.39,0.015,1.0,0,1550872327573,15787994,421
2019-02-23 02:29:35.345,3.0,buy,3942.13,BTC-29MAR19-3250-P,64.39,0.015,3.0,1,1550888975345,15792490,422
2019-02-23 08:54:58.491,10.0,buy,3920.72,BTC-29MAR19-3250-P,64.34,0.016,10.0,0,1550912098491,15798465,423
2019-02-23 12:46:13.175,4.0,sell,3937.26,BTC-29MAR19-3250-P,64.33,0.015,4.0,2,1550925973175,15802834,424
2019-02-23 13:30:45.829,2.0,buy,3930.48,BTC-29MAR19-3250-P,66.79,0.017,2.0,0,1550928645829,15803306,425
2019-02-23 14:13:26.432,27.5,sell,3932.18,BTC-29MAR19-3250-P,64.59,0.0155,27.5,3,1550931206432,15803674,427
2019-02-23 14:13:26.432,100.0,sell,3932.18,BTC-29MAR19-3250-P,64.59,0.0155,100.0,2,1550931206432,15803673,426
2019-02-23 14:14:33.864,100.0,sell,3931.97,BTC-29MAR19-3250-P,64.57,0.0155,100.0,3,1550931273864,15803693,428
2019-02-23 14:14:43.253,25.0,sell,3932.41,BTC-29MAR19-3250-P,64.6,0.0155,25.0,3,1550931283253,15803701,429
2019-02-23 14:23:28.762,6.6000000000000005,sell,3932.6,BTC-29MAR19-3250-P,64.55,0.0155,6.6000000000000005,3,1550931808762,15803822,431
2019-02-23 14:23:28.762,6.6000000000000005,sell,3932.6,BTC-29MAR19-3250-P,64.55,0.0155,6.6000000000000005,3,1550931808762,15803821,430
2019-02-23 14:29:00.415,5.0,sell,3933.17,BTC-29MAR19-3250-P,63.94,0.015,5.0,2,1550932140415,15803911,432
2019-02-23 15:29:49.220,50.0,sell,3924.29,BTC-29MAR19-3250-P,64.27,0.0155,50.0,0,1550935789220,15804807,433
2019-02-23 15:29:49.220,100.0,sell,3924.29,BTC-29MAR19-3250-P,64.27,0.0155,100.0,1,1550935789220,15804809,435
2019-02-23 15:29:49.220,100.0,sell,3924.29,BTC-29MAR19-3250-P,64.27,0.0155,100.0,1,1550935789220,15804808,434
2019-02-23 17:05:24.793,1.3,buy,3965.58,BTC-29MAR19-3250-P,66.42,0.0155,1.3,1,1550941524793,15809497,436
2019-02-23 17:11:05.916,0.2,buy,3947.95,BTC-29MAR19-3250-P,63.84,0.0145,0.2,2,1550941865916,15814691,437
2019-02-23 17:15:33.856,0.9,sell,3990.98,BTC-29MAR19-3250-P,63.09,0.0125,0.9,2,1550942133856,15816665,438
2019-02-23 17:20:36.117,0.9,buy,3987.9,BTC-29MAR19-3250-P,65.94,0.0145,0.9,0,1550942436117,15818076,439
2019-02-23 18:04:35.104,1.0,sell,4126.92,BTC-29MAR19-3250-P,68.17,0.011000000000000001,1.0,2,1550945075104,15832159,440
2019-02-23 18:40:07.225,0.2,sell,4091.12,BTC-29MAR19-3250-P,64.41,0.01,0.2,2,1550947207225,15837980,441
2019-02-23 18:52:26.184,0.2,sell,4092.3,BTC-29MAR19-3250-P,64.39,0.01,0.2,3,1550947946184,15838720,442
2019-02-23 20:33:20.672,0.6,sell,4134.62,BTC-29MAR19-3250-P,66.29,0.01,0.6,3,1550954000672,15845431,443
2019-02-23 20:33:20.672,0.8,sell,4134.62,BTC-29MAR19-3250-P,66.29,0.01,0.8,3,1550954000672,15845433,445
2019-02-23 20:33:20.672,1.0,sell,4134.62,BTC-29MAR19-3250-P,66.29,0.01,1.0,3,1550954000672,15845432,444
2019-02-23 20:33:25.755,2.4,sell,4134.95,BTC-29MAR19-3250-P,66.33,0.01,2.4,3,1550954005755,15845445,446
2019-02-23 20:36:52.044,2.5,sell,4146.12,BTC-29MAR19-3250-P,66.9,0.01,2.5,3,1550954212044,15846079,447
2019-02-23 20:36:57.148,2.5,sell,4145.72,BTC-29MAR19-3250-P,66.86,0.01,2.5,3,1550954217148,15846088,448
2019-02-23 20:37:02.239,1.8,sell,4146.33,BTC-29MAR19-3250-P,66.88,0.01,1.8,3,1550954222239,15846100,449
2019-02-23 20:37:13.503,4.4,buy,4146.02,BTC-29MAR19-3250-P,67.79,0.0105,4.4,0,1550954233503,15846132,450
2019-02-23 20:37:18.588,4.4,buy,4144.42,BTC-29MAR19-3250-P,67.72,0.0105,4.4,1,1550954238588,15846134,451
2019-02-23 20:37:23.730,4.4,buy,4143.88,BTC-29MAR19-3250-P,67.72,0.0105,4.4,1,1550954243730,15846140,452
2019-02-23 20:37:28.732,4.4,buy,4143.51,BTC-29MAR19-3250-P,67.72,0.0105,4.4,1,1550954248732,15846158,453
2019-02-23 20:37:33.787,4.4,buy,4144.41,BTC-29MAR19-3250-P,67.77,0.0105,4.4,1,1550954253787,15846178,454
2019-02-23 20:37:38.845,4.4,buy,4145.55,BTC-29MAR19-3250-P,67.85,0.0105,4.4,1,1550954258845,15846189,455
2019-02-23 20:39:49.099,14.8,sell,4138.91,BTC-29MAR19-3250-P,64.54,0.009000000000000001,14.8,2,1550954389099,15846471,456
2019-02-24 01:56:41.591,0.4,sell,4127.34,BTC-29MAR19-3250-P,62.37,0.008,0.4,2,1550973401591,15857720,457
2019-02-24 08:05:56.238,30.2,sell,4159.32,BTC-29MAR19-3250-P,63.03,0.0075,30.2,2,1550995556238,15872024,458
2019-02-24 08:58:08.296,10.0,buy,4136.16,BTC-29MAR19-3250-P,64.31,0.0085,10.0,0,1550998688296,15873116,459
2019-02-24 09:30:43.220,1.0,buy,4132.27,BTC-29MAR19-3250-P,67.18,0.01,1.0,0,1551000643220,15874355,461
2019-02-24 09:30:43.220,4.9,buy,4132.27,BTC-29MAR19-3250-P,67.18,0.01,4.9,1,1551000643220,15874356,462
2019-02-24 09:30:43.220,0.1,buy,4132.27,BTC-29MAR19-3250-P,66.2,0.0095,0.1,0,1551000643220,15874354,460
2019-02-24 14:03:53.913,10.0,buy,4041.76,BTC-29MAR19-3250-P,64.61,0.0105,10.0,0,1551017033913,15885860,463
2019-02-24 14:04:13.907,10.0,buy,4038.26,BTC-29MAR19-3250-P,64.65,0.011,10.0,0,1551017053907,15886310,464
2019-02-24 14:11:39.031,10.0,buy,3977.69,BTC-29MAR19-3250-P,63.27,0.0125,10.0,0,1551017499031,15891853,465
2019-02-24 14:15:39.771,1.0,buy,3783.28,BTC-29MAR19-3250-P,64.54,0.024,1.0,0,1551017739771,15899740,466
2019-02-24 14:15:43.597,1.0,buy,3778.59,BTC-29MAR19-3250-P,72.52,0.0315,1.0,0,1551017743597,15899961,467
2019-02-24 14:16:28.888,5.8,buy,3731.55,BTC-29MAR19-3250-P,61.1,0.026,5.8,2,1551017788888,15901382,468
2019-02-24 14:16:39.618,1.0,buy,3728.02,BTC-29MAR19-3250-P,71.48,0.0355,1.0,0,1551017799618,15901642,469
2019-02-24 14:25:40.013,2.0,sell,3824.16,BTC-29MAR19-3250-P,67.07,0.025,2.0,2,1551018340013,15911581,470
2019-02-24 14:25:40.732,2.0,sell,3825.81,BTC-29MAR19-3250-P,67.23,0.025,2.0,3,1551018340732,15911597,471
2019-02-24 14:25:42.077,2.0,sell,3828.24,BTC-29MAR19-3250-P,67.43,0.025,2.0,3,1551018342077,15911613,472
2019-02-24 14:25:42.812,2.0,sell,3828.24,BTC-29MAR19-3250-P,67.43,0.025,2.0,3,1551018342812,15911632,473
2019-02-24 14:25:50.883,2.0,sell,3824.51,BTC-29MAR19-3250-P,67.36,0.025,2.0,3,1551018350883,15911719,474
2019-02-24 14:28:22.984,2.0,buy,3781.37,BTC-29MAR19-3250-P,63.9,0.024,2.0,2,1551018502984,15914163,475
2019-02-24 14:30:13.055,0.3,sell,3797.93,BTC-29MAR19-3250-P,61.2,0.0205,0.3,2,1551018613055,15915560,476
2019-02-24 14:54:43.924,1.0,sell,3782.37,BTC-29MAR19-3250-P,62.74,0.022,1.0,0,1551020083924,15927318,477
2019-02-24 14:56:53.264,1.0,sell,3783.37,BTC-29MAR19-3250-P,62.98,0.0225,1.0,0,1551020213264,15928322,478
2019-02-24 15:28:37.257,1.0,sell,3800.0,BTC-29MAR19-3250-P,63.81,0.022,1.0,2,1551022117257,15934500,479
2019-02-24 16:42:40.320,1.0,buy,3743.69,BTC-29MAR19-3250-P,67.33,0.028,1.0,0,1551026560320,15948312,480
2019-02-24 16:55:11.467,1.0,buy,3754.65,BTC-29MAR19-3250-P,63.84,0.024,1.0,2,1551027311467,15949751,481
2019-02-24 16:55:11.467,1.0,buy,3754.65,BTC-29MAR19-3250-P,63.84,0.024,1.0,3,1551027311467,15949752,482
2019-02-24 17:13:59.366,1.0,buy,3750.41,BTC-29MAR19-3250-P,63.32,0.024,1.0,3,1551028439366,15950432,484
2019-02-24 17:13:59.366,1.0,buy,3750.41,BTC-29MAR19-3250-P,63.32,0.024,1.0,3,1551028439366,15950438,490
2019-02-24 17:13:59.366,1.0,buy,3750.41,BTC-29MAR19-3250-P,63.32,0.024,1.0,3,1551028439366,15950437,489
2019-02-24 17:13:59.366,1.0,buy,3750.41,BTC-29MAR19-3250-P,63.32,0.024,1.0,3,1551028439366,15950435,487
2019-02-24 17:13:59.366,1.0,buy,3750.41,BTC-29MAR19-3250-P,63.32,0.024,1.0,3,1551028439366,15950431,483
2019-02-24 17:13:59.366,1.0,buy,3750.41,BTC-29MAR19-3250-P,63.32,0.024,1.0,3,1551028439366,15950433,485
2019-02-24 17:13:59.366,1.0,buy,3750.41,BTC-29MAR19-3250-P,63.32,0.024,1.0,3,1551028439366,15950434,486
2019-02-24 17:13:59.366,1.0,buy,3750.41,BTC-29MAR19-3250-P,63.32,0.024,1.0,3,1551028439366,15950436,488
2019-02-24 17:14:12.982,1.0,buy,3750.7,BTC-29MAR19-3250-P,63.88,0.0245,1.0,0,1551028452982,15950440,491
2019-02-24 17:57:38.294,1.7,buy,3759.85,BTC-29MAR19-3250-P,67.44,0.027000000000000003,1.7,0,1551031058294,15952566,492
2019-02-24 17:57:38.294,0.2,buy,3759.85,BTC-29MAR19-3250-P,67.44,0.027000000000000003,0.2,1,1551031058294,15952567,493
2019-02-24 18:20:38.848,1.0,sell,3763.36,BTC-29MAR19-3250-P,64.69,0.0245,1.0,2,1551032438848,15953625,494
2019-02-24 18:21:40.577,4.0,sell,3761.86,BTC-29MAR19-3250-P,64.64,0.0245,4.0,3,1551032500577,15953654,495
2019-02-24 21:04:30.902,0.1,sell,3784.1,BTC-29MAR19-3250-P,62.79,0.022000000000000002,0.1,2,1551042270902,15957350,496
2019-02-25 00:19:50.102,0.3,sell,3745.79,BTC-29MAR19-3250-P,62.26,0.023,0.3,0,1551053990102,15968080,497
2019-02-25 00:23:55.911,0.6,buy,3747.53,BTC-29MAR19-3250-P,62.61,0.023,0.6,1,1551054235911,15968184,498
2019-02-25 04:01:04.580,0.1,sell,3776.76,BTC-29MAR19-3250-P,64.51,0.023,0.1,1,1551067264580,15973950,499
2019-02-25 06:39:36.891,0.1,sell,3787.68,BTC-29MAR19-3250-P,66.08,0.0235,0.1,0,1551076776891,15977735,500
2019-02-25 06:39:41.790,0.1,sell,3787.68,BTC-29MAR19-3250-P,66.08,0.0235,0.1,1,1551076781790,15977738,501
2019-02-25 06:42:19.717,0.1,sell,3785.36,BTC-29MAR19-3250-P,63.55,0.0215,0.1,2,1551076939717,15977746,502
2019-02-25 07:46:39.032,0.1,sell,3765.79,BTC-29MAR19-3250-P,65.95,0.0245,0.1,0,1551080799032,15979886,503
2019-02-25 08:30:13.988,0.1,sell,3771.02,BTC-29MAR19-3250-P,63.27,0.022,0.1,2,1551083413988,15980688,504
2019-02-25 08:54:45.353,0.1,buy,3772.64,BTC-29MAR19-3250-P,65.79,0.024,0.1,0,1551084885353,15980865,505
2019-02-25 12:23:00.163,10.0,buy,3788.99,BTC-29MAR19-3250-P,65.91,0.023,10.0,2,1551097380163,15987079,506
2019-02-25 12:26:26.872,5.1000000000000005,buy,3786.31,BTC-29MAR19-3250-P,64.97,0.0225,5.1000000000000005,2,1551097586872,15987266,507
2019-02-25 12:27:38.361,4.6000000000000005,buy,3789.24,BTC-29MAR19-3250-P,65.12,0.0225,4.6000000000000005,3,1551097658361,15987316,508
2019-02-25 12:27:38.364,5.4,sell,3789.24,BTC-29MAR19-3250-P,65.12,0.0225,5.4,3,1551097658364,15987317,509
2019-02-25 12:29:37.977,17.0,buy,3789.5,BTC-29MAR19-3250-P,65.74,0.023,17.0,0,1551097777977,15987328,510
2019-02-25 12:30:53.008,1.2,buy,3789.89,BTC-29MAR19-3250-P,65.91,0.023,1.2,1,1551097853008,15987433,512
2019-02-25 12:30:53.008,4.8,buy,3789.89,BTC-29MAR19-3250-P,65.91,0.023,4.8,1,1551097853008,15987432,511
2019-02-25 12:31:23.117,0.1,sell,3790.25,BTC-29MAR19-3250-P,65.32,0.0225,0.1,3,1551097883117,15987441,514
2019-02-25 12:31:23.117,5.0,sell,3790.25,BTC-29MAR19-3250-P,65.32,0.0225,5.0,2,1551097883117,15987440,513
2019-02-25 12:35:10.091,0.8,buy,3787.91,BTC-29MAR19-3250-P,65.83,0.023,0.8,0,1551098110091,15987544,515
2019-02-25 12:35:10.091,0.1,buy,3787.91,BTC-29MAR19-3250-P,65.83,0.023,0.1,1,1551098110091,15987545,516
2019-02-25 12:56:37.956,2.0,buy,3786.75,BTC-29MAR19-3250-P,65.16,0.0225,2.0,2,1551099397956,15987963,517
2019-02-25 13:16:49.705,10.0,buy,3783.67,BTC-29MAR19-3250-P,66.3,0.0235,10.0,0,1551100609705,15988167,518
2019-02-25 13:53:06.442,0.1,sell,3790.75,BTC-29MAR19-3250-P,64.18,0.0215,0.1,2,1551102786442,15988560,519
2019-02-25 14:02:46.564,0.2,sell,3788.85,BTC-29MAR19-3250-P,64.09,0.0215,0.2,3,1551103366564,15988802,520
2019-02-25 15:54:08.231,0.4,sell,3789.17,BTC-29MAR19-3250-P,64.1,0.0215,0.4,3,1551110048231,15991584,521
2019-02-25 16:28:41.800,9.3,sell,3818.59,BTC-29MAR19-3250-P,66.49,0.0215,9.3,3,1551112121800,15994034,522
2019-02-25 18:02:12.694,5.0,sell,3828.96,BTC-29MAR19-3250-P,66.62,0.0215,5.0,3,1551117732694,16001841,523
2019-02-25 21:21:36.896,2.5,sell,3821.45,BTC-29MAR19-3250-P,64.64,0.02,2.5,2,1551129696896,16010762,524
2019-02-25 22:47:26.159,0.2,sell,3825.28,BTC-29MAR19-3250-P,63.64,0.019,0.2,2,1551134846159,16012110,525
2019-02-26 01:25:33.443,2.0,sell,3819.68,BTC-29MAR19-3250-P,64.05,0.0195,2.0,0,1551144333443,16013995,526
2019-02-26 02:16:44.581,10.0,buy,3824.1,BTC-29MAR19-3250-P,64.99,0.02,10.0,0,1551147404581,16014409,527
2019-02-26 02:18:35.413,2.3000000000000003,sell,3824.51,BTC-29MAR19-3250-P,63.66,0.019,2.3000000000000003,2,1551147515413,16014427,528
2019-02-26 15:44:11.252,100.0,buy,3811.73,BTC-29MAR19-3250-P,64.64,0.02,100.0,0,1551195851252,16034913,529
2019-02-26 15:45:12.782,10.0,buy,3811.5,BTC-29MAR19-3250-P,64.51,0.02,10.0,1,1551195912782,16034973,530
2019-02-26 15:45:36.724,50.0,buy,3811.42,BTC-29MAR19-3250-P,64.54,0.02,50.0,1,1551195936724,16034977,531
2019-02-26 15:45:44.885,27.5,buy,3811.41,BTC-29MAR19-3250-P,64.55,0.02,27.5,1,1551195944885,16034979,532
2019-02-26 15:46:49.273,6.7,buy,3811.04,BTC-29MAR19-3250-P,63.8,0.0195,6.7,2,1551196009273,16035031,533
2019-02-26 15:46:51.660,2.3000000000000003,buy,3811.06,BTC-29MAR19-3250-P,63.81,0.0195,2.3000000000000003,3,1551196011660,16035035,534
2019-02-26 15:46:51.660,77.7,buy,3811.06,BTC-29MAR19-3250-P,64.47,0.02,77.7,0,1551196011660,16035036,535
2019-02-26 15:47:19.543,100.0,buy,3810.75,BTC-29MAR19-3250-P,64.45,0.02,100.0,1,1551196039543,16035046,536
2019-02-26 15:47:59.665,50.0,buy,3810.11,BTC-29MAR19-3250-P,64.4,0.02,50.0,1,1551196079665,16035071,537
2019-02-26 15:49:17.322,17.0,buy,3810.0,BTC-29MAR19-3250-P,64.41,0.02,17.0,0,1551196157322,16035116,539
2019-02-26 15:49:17.322,13.0,buy,3810.0,BTC-29MAR19-3250-P,63.75,0.0195,13.0,2,1551196157322,16035115,538
2019-02-26 15:53:48.099,7.0,buy,3810.07,BTC-29MAR19-3250-P,64.37,0.02,7.0,0,1551196428099,16035145,541
2019-02-26 15:53:48.099,13.0,buy,3810.07,BTC-29MAR19-3250-P,63.71,0.0195,13.0,2,1551196428099,16035144,540
2019-02-26 18:22:08.093,0.1,sell,3806.58,BTC-29MAR19-3250-P,61.77,0.018000000000000002,0.1,2,1551205328093,16038776,542
2019-02-26 19:21:05.561,0.5,sell,3802.7,BTC-29MAR19-3250-P,61.62,0.018000000000000002,0.5,3,1551208865561,16040279,543
2019-02-26 19:49:01.155,0.1,sell,3804.5,BTC-29MAR19-3250-P,62.55,0.0185,0.1,0,1551210541155,16040650,544
2019-02-26 22:34:18.297,1.8,buy,3793.0,BTC-29MAR19-3250-P,62.63,0.019,1.8,1,1551220458297,16043264,546
2019-02-26 22:34:18.297,0.2,buy,3793.0,BTC-29MAR19-3250-P,62.63,0.019,0.2,0,1551220458297,16043263,545
2019-02-26 22:58:50.654,3.3000000000000003,buy,3797.06,BTC-29MAR19-3250-P,62.33,0.0185,3.3000000000000003,2,1551221930654,16043588,547
2019-02-26 23:30:50.785,1.4,sell,3794.59,BTC-29MAR19-3250-P,61.25,0.018000000000000002,1.4,2,1551223850785,16043958,548
2019-02-26 23:30:50.785,8.6,sell,3794.59,BTC-29MAR19-3250-P,61.25,0.018000000000000002,8.6,3,1551223850785,16043959,549
2019-02-26 23:35:16.798,11.4,sell,3795.08,BTC-29MAR19-3250-P,61.26,0.018000000000000002,11.4,3,1551224116798,16043968,550
2019-02-26 23:35:35.332,0.6,sell,3795.06,BTC-29MAR19-3250-P,59.89,0.017,0.6,2,1551224135332,16043970,551
2019-02-27 01:27:39.144,2.0,sell,3787.77,BTC-29MAR19-3250-P,61.09,0.018000000000000002,2.0,0,1551230859144,16046233,552
2019-02-27 05:21:35.169,0.4,sell,3802.01,BTC-29MAR19-3250-P,61.58,0.0175,0.4,2,1551244895169,16048978,553
2019-02-27 05:21:35.169,0.1,sell,3802.01,BTC-29MAR19-3250-P,61.58,0.0175,0.1,3,1551244895169,16048979,554
2019-02-27 05:49:15.461,1.4,sell,3806.04,BTC-29MAR19-3250-P,61.25,0.017,1.4,2,1551246555461,16049156,555
2019-02-27 07:32:38.746,0.1,sell,3804.7,BTC-29MAR19-3250-P,61.3,0.017,0.1,3,1551252758746,16050154,556
2019-02-27 14:40:32.006,4.6000000000000005,sell,3806.01,BTC-29MAR19-3250-P,61.74,0.0175,4.6000000000000005,0,1551278432006,16060426,557
2019-02-27 15:50:29.830,9.7,buy,3798.35,BTC-29MAR19-3250-P,62.29,0.018000000000000002,9.7,1,1551282629830,16062050,559
2019-02-27 15:50:29.830,0.3,buy,3798.35,BTC-29MAR19-3250-P,62.29,0.018000000000000002,0.3,0,1551282629830,16062049,558
2019-02-27 15:53:20.906,0.7000000000000001,buy,3798.12,BTC-29MAR19-3250-P,62.98,0.0185,0.7000000000000001,0,1551282800906,16062085,561
2019-02-27 15:53:20.906,0.3,buy,3798.12,BTC-29MAR19-3250-P,62.3,0.018000000000000002,0.3,1,1551282800906,16062084,560
2019-02-27 15:55:38.276,9.2,buy,3797.82,BTC-29MAR19-3250-P,63.0,0.0185,9.2,1,1551282938276,16062109,562
2019-02-27 16:00:41.370,2.3000000000000003,buy,3797.88,BTC-29MAR19-3250-P,62.99,0.0185,2.3000000000000003,1,1551283241370,16062172,563
2019-02-27 16:12:04.206,1.0,buy,3797.77,BTC-29MAR19-3250-P,62.93,0.0185,1.0,1,1551283924206,16062519,564
2019-02-27 20:34:32.594,0.5,buy,3706.78,BTC-29MAR19-3250-P,59.95,0.0205,0.5,0,1551299672594,16067863,565
2019-02-27 20:35:19.589,0.5,buy,3682.69,BTC-29MAR19-3250-P,59.9,0.022000000000000002,0.5,0,1551299719589,16068971,566
2019-02-27 20:37:41.371,0.1,buy,3712.39,BTC-29MAR19-3250-P,63.35,0.023,0.1,0,1551299861371,16071636,567
2019-02-27 20:37:41.371,0.8,buy,3712.39,BTC-29MAR19-3250-P,63.35,0.023,0.8,1,1551299861371,16071637,568
2019-02-27 20:37:48.108,0.1,sell,3721.63,BTC-29MAR19-3250-P,62.71,0.022000000000000002,0.1,2,1551299868108,16071837,569
2019-02-27 20:37:48.370,0.1,sell,3721.63,BTC-29MAR19-3250-P,62.71,0.022000000000000002,0.1,3,1551299868370,16071847,570
2019-02-27 20:37:48.631,0.3,sell,3722.09,BTC-29MAR19-3250-P,62.69,0.022000000000000002,0.3,3,1551299868631,16071868,571
2019-02-27 20:37:58.749,0.5,sell,3724.43,BTC-29MAR19-3250-P,62.33,0.0215,0.5,2,1551299878749,16071987,572
2019-02-27 20:38:59.887,0.9,buy,3737.37,BTC-29MAR19-3250-P,62.62,0.021,0.9,2,1551299939887,16072737,573
2019-02-27 20:40:04.708,0.5,buy,3735.11,BTC-29MAR19-3250-P,62.45,0.021,0.5,3,1551300004708,16073053,574
2019-02-27 20:41:19.153,10.0,sell,3722.79,BTC-29MAR19-3250-P,62.16,0.0215,10.0,0,1551300079153,16073559,575
2019-02-27 20:41:59.638,1.0,sell,3715.92,BTC-29MAR19-3250-P,61.46,0.0215,1.0,1,1551300119638,16073730,576
2019-02-27 20:42:18.789,10.0,sell,3709.21,BTC-29MAR19-3250-P,62.19,0.0225,10.0,0,1551300138789,16073819,577
2019-02-27 20:45:12.993,0.5,sell,3716.05,BTC-29MAR19-3250-P,61.64,0.0215,0.5,2,1551300312993,16074989,578
2019-02-27 20:46:38.487,17.0,sell,3731.47,BTC-29MAR19-3250-P,62.01,0.021,17.0,2,1551300398487,16075482,579
2019-02-27 20:48:35.886,0.5,buy,3729.95,BTC-29MAR19-3250-P,63.15,0.022000000000000002,0.5,0,1551300515886,16076041,580
2019-02-27 20:50:41.939,0.5,sell,3730.06,BTC-29MAR19-3250-P,60.59,0.02,0.5,2,1551300641939,16076330,581
2019-02-27 20:51:08.875,0.5,buy,3721.99,BTC-29MAR19-3250-P,63.1,0.0225,0.5,0,1551300668875,16076457,582
2019-02-27 20:51:23.304,0.5,sell,3719.38,BTC-29MAR19-3250-P,60.45,0.0205,0.5,2,1551300683304,16076566,583
2019-02-27 21:00:48.884,0.1,buy,3717.23,BTC-29MAR19-3250-P,61.59,0.0215,0.1,0,1551301248884,16077274,584
2019-02-27 21:00:48.884,0.3,buy,3717.23,BTC-29MAR19-3250-P,62.21,0.022000000000000002,0.3,0,1551301248884,16077275,585
2019-02-27 23:07:06.833,0.1,buy,3789.71,BTC-29MAR19-3250-P,61.15,0.017,0.1,2,1551308826833,16085550,586
2019-02-27 23:13:51.746,3.0,sell,3800.89,BTC-29MAR19-3250-P,60.26,0.016,3.0,2,1551309231746,16086669,587
2019-02-27 23:13:51.749,1.1,sell,3800.89,BTC-29MAR19-3250-P,60.26,0.016,1.1,3,1551309231749,16086670,588
2019-02-27 23:13:51.750,2.5,sell,3800.89,BTC-29MAR19-3250-P,60.26,0.016,2.5,3,1551309231750,16086671,589
2019-02-27 23:13:51.755,2.2,sell,3800.89,BTC-29MAR19-3250-P,60.26,0.016,2.2,3,1551309231755,16086672,590
2019-02-27 23:13:51.909,1.2,sell,3800.89,BTC-29MAR19-3250-P,60.26,0.016,1.2,3,1551309231909,16086673,591
2019-02-27 23:13:51.917,1.4,sell,3800.89,BTC-29MAR19-3250-P,60.26,0.016,1.4,3,1551309231917,16086674,592
2019-02-27 23:13:51.923,0.6,sell,3800.89,BTC-29MAR19-3250-P,60.26,0.016,0.6,3,1551309231923,16086676,593
2019-02-27 23:13:51.924,3.3000000000000003,sell,3800.89,BTC-29MAR19-3250-P,60.26,0.016,3.3000000000000003,3,1551309231924,16086677,594
2019-02-27 23:13:52.062,4.7,sell,3800.89,BTC-29MAR19-3250-P,60.26,0.016,4.7,3,1551309232062,16086680,595
2019-02-27 23:13:52.062,0.9,sell,3800.89,BTC-29MAR19-3250-P,60.26,0.016,0.9,3,1551309232062,16086681,596
2019-02-27 23:15:56.719,0.5,sell,3808.82,BTC-29MAR19-3250-P,60.79,0.016,0.5,3,1551309356719,16087373,597
2019-02-27 23:16:07.545,0.5,sell,3809.31,BTC-29MAR19-3250-P,60.77,0.016,0.5,3,1551309367545,16087413,598
2019-02-28 01:45:30.200,0.1,sell,3811.52,BTC-29MAR19-3250-P,61.03,0.016,0.1,3,1551318330200,16091867,599
2019-02-28 01:45:30.311,0.1,sell,3811.52,BTC-29MAR19-3250-P,61.03,0.016,0.1,3,1551318330311,16091868,600
2019-02-28 01:45:31.576,0.1,sell,3811.7,BTC-29MAR19-3250-P,61.04,0.016,0.1,3,1551318331576,16091869,601
2019-02-28 05:10:14.498,2.0,sell,3808.52,BTC-29MAR19-3250-P,60.3,0.0155,2.0,2,1551330614498,16094065,602
2019-02-28 08:55:58.321,5.0,sell,3832.99,BTC-29MAR19-3250-P,61.92,0.0155,5.0,3,1551344158321,16097490,603
2019-02-28 10:25:03.325,0.1,sell,3820.86,BTC-29MAR19-3250-P,61.25,0.0155,0.1,3,1551349503325,16100523,604
2019-02-28 11:18:13.347,0.1,sell,3821.46,BTC-29MAR19-3250-P,61.45,0.0155,0.1,3,1551352693347,16101289,605
2019-02-28 11:18:44.154,0.1,sell,3821.64,BTC-29MAR19-3250-P,61.53,0.0155,0.1,3,1551352724154,16101337,606
2019-02-28 11:20:55.114,10.0,buy,3821.65,BTC-29MAR19-3250-P,62.32,0.016,10.0,0,1551352855114,16101395,607
2019-02-28 11:20:55.114,13.0,buy,3821.65,BTC-29MAR19-3250-P,62.32,0.016,13.0,1,1551352855114,16101396,608
2019-02-28 11:57:21.759,1.0,sell,3820.65,BTC-29MAR19-3250-P,61.46,0.0155,1.0,2,1551355041759,16102100,609
2019-02-28 14:57:23.094,18.7,sell,3820.14,BTC-29MAR19-3250-P,61.64,0.0155,18.7,3,1551365843094,16105362,610
2019-02-28 14:57:23.094,8.4,sell,3820.14,BTC-29MAR19-3250-P,61.64,0.0155,8.4,3,1551365843094,16105363,611
2019-02-28 15:07:05.161,2.0,sell,3823.47,BTC-29MAR19-3250-P,61.15,0.015,2.0,2,1551366425161,16105630,612
2019-02-28 15:33:25.728,0.4,buy,3794.78,BTC-29MAR19-3250-P,62.99,0.0175,0.4,1,1551368005728,16110289,614
2019-02-28 15:33:25.728,0.1,buy,3794.78,BTC-29MAR19-3250-P,62.99,0.0175,0.1,0,1551368005728,16110288,613
2019-02-28 15:37:41.035,5.8,sell,3817.88,BTC-29MAR19-3250-P,62.13,0.016,5.8,2,1551368261035,16112027,615
2019-02-28 15:40:10.910,0.5,sell,3863.18,BTC-29MAR19-3250-P,62.79,0.0145,0.5,2,1551368410910,16115782,616
2019-02-28 15:46:27.944,8.0,sell,3847.29,BTC-29MAR19-3250-P,62.51,0.015,8.0,0,1551368787944,16118981,617
2019-02-28 18:54:24.488,0.5,sell,3814.2,BTC-29MAR19-3250-P,61.5,0.0155,0.5,0,1551380064488,16133852,618
2019-02-28 19:17:55.758,0.2,sell,3801.98,BTC-29MAR19-3250-P,61.98,0.0165,0.2,0,1551381475758,16134489,619
2019-02-28 23:06:17.012,19.5,sell,3796.75,BTC-29MAR19-3250-P,60.67,0.0155,19.5,2,1551395177012,16139893,620
2019-02-28 23:06:17.012,10.5,sell,3796.75,BTC-29MAR19-3250-P,60.67,0.0155,10.5,3,1551395177012,16139894,621
2019-02-28 23:06:17.624,8.4,sell,3796.75,BTC-29MAR19-3250-P,60.67,0.0155,8.4,3,1551395177624,16139895,622
2019-03-01 10:57:46.316,10.0,buy,3814.77,BTC-29MAR19-3250-P,60.86,0.0145,10.0,2,1551437866316,16148702,623
2019-03-01 13:45:13.471,0.3,sell,3813.33,BTC-29MAR19-3250-P,60.88,0.0145,0.3,3,1551447913471,16150077,624
2019-03-01 15:17:18.222,2.0,sell,3817.02,BTC-29MAR19-3250-P,59.5,0.0135,2.0,2,1551453438222,16151327,625
2019-03-01 20:19:04.868,0.9,buy,3829.34,BTC-29MAR19-3250-P,60.76,0.0135,0.9,3,1551471544868,16155830,627
2019-03-01 20:19:04.868,0.1,buy,3829.34,BTC-29MAR19-3250-P,60.76,0.0135,0.1,3,1551471544868,16155829,626
2019-03-01 22:15:03.982,10.0,sell,3800.36,BTC-29MAR19-3250-P,60.01,0.013999999999999999,10.0,0,1551478503982,16158297,628
2019-03-01 23:11:47.329,10.0,buy,3807.23,BTC-29MAR19-3250-P,60.89,0.0145,10.0,0,1551481907329,16160077,629
2019-03-02 00:06:04.234,4.0,sell,3810.66,BTC-29MAR19-3250-P,61.04,0.0145,4.0,1,1551485164234,16161812,630
2019-03-02 00:11:32.964,15.7,buy,3809.14,BTC-29MAR19-3250-P,61.11,0.0145,15.7,1,1551485492964,16161888,631
2019-03-02 02:04:50.283,1.0,buy,3814.87,BTC-29MAR19-3250-P,62.24,0.015,1.0,0,1551492290283,16162685,632
2019-03-02 13:51:08.526,1.0,sell,3812.94,BTC-29MAR19-3250-P,59.56,0.013,1.0,2,1551534668526,16176428,633
2019-03-02 14:01:00.870,4.0,sell,3809.09,BTC-29MAR19-3250-P,60.05,0.0135,4.0,0,1551535260870,16176563,634
2019-03-02 14:01:33.318,1.0,sell,3809.34,BTC-29MAR19-3250-P,59.34,0.013,1.0,2,1551535293318,16176570,635
2019-03-02 17:27:26.144,1.0,buy,3800.4,BTC-29MAR19-3250-P,59.47,0.0135,1.0,0,1551547646144,16179680,636
2019-03-03 01:28:53.310,3.0,sell,3815.9,BTC-29MAR19-3250-P,58.99,0.012,3.0,2,1551576533310,16183815,637
2019-03-03 02:28:45.494,0.1,buy,3814.3,BTC-29MAR19-3250-P,61.85,0.013999999999999999,0.1,0,1551580125494,16184242,638
2019-03-03 02:28:55.458,0.1,buy,3814.14,BTC-29MAR19-3250-P,61.84,0.013999999999999999,0.1,1,1551580135458,16184243,639
2019-03-03 04:01:19.828,0.1,sell,3810.11,BTC-29MAR19-3250-P,61.57,0.013999999999999999,0.1,1,1551585679828,16184734,640
2019-03-03 04:01:21.741,0.1,sell,3809.74,BTC-29MAR19-3250-P,61.54,0.014,0.1,1,1551585681741,16184739,641
2019-03-03 13:52:38.113,0.2,sell,3809.54,BTC-29MAR19-3250-P,62.05,0.014,0.2,1,1551621158113,16191438,642
2019-03-03 13:52:38.113,4.8,sell,3809.54,BTC-29MAR19-3250-P,62.05,0.014,4.8,1,1551621158113,16191439,643
2019-03-03 21:32:54.037,5.0,buy,3788.38,BTC-29MAR19-3250-P,62.51,0.015,5.0,0,1551648774037,16197976,644
2019-03-04 02:53:29.242,6.0,sell,3793.69,BTC-29MAR19-3250-P,62.56,0.0145,6.0,2,1551668009242,16203788,645
2019-03-04 04:37:57.186,0.9,sell,3748.67,BTC-29MAR19-3250-P,60.11,0.015,0.9,1,1551674277186,16211051,647
2019-03-04 04:37:57.186,0.1,sell,3748.67,BTC-29MAR19-3250-P,60.11,0.015,0.1,0,1551674277186,16211050,646
2019-03-04 06:23:39.581,0.1,buy,3722.37,BTC-29MAR19-3250-P,60.6,0.0165,0.1,0,1551680619581,16220375,648
2019-03-04 06:30:23.610,4.9,buy,3721.89,BTC-29MAR19-3250-P,62.73,0.018000000000000002,4.9,0,1551681023610,16220485,650
2019-03-04 06:30:23.610,0.1,buy,3721.89,BTC-29MAR19-3250-P,61.29,0.017,0.1,0,1551681023610,16220484,649
2019-03-04 07:03:50.811,0.1,sell,3726.42,BTC-29MAR19-3250-P,59.44,0.0155,0.1,2,1551683030811,16221100,651
2019-03-04 07:21:00.048,1.0,sell,3733.76,BTC-29MAR19-3250-P,59.97,0.0155,1.0,3,1551684060048,16221474,652
2019-03-04 08:16:57.466,3.3000000000000003,sell,3719.08,BTC-29MAR19-3250-P,61.83,0.0175,3.3000000000000003,0,1551687417466,16222419,653
2019-03-04 10:04:03.595,0.9,buy,3698.76,BTC-29MAR19-3250-P,62.24,0.019,0.9,0,1551693843595,16226323,655
2019-03-04 10:04:03.595,0.1,buy,3698.76,BTC-29MAR19-3250-P,61.54,0.0185,0.1,0,1551693843595,16226322,654
2019-03-04 10:17:40.818,0.1,sell,3693.74,BTC-29MAR19-3250-P,60.38,0.018000000000000002,0.1,2,1551694660818,16227916,656
2019-03-04 14:25:15.585,1.0,sell,3704.6,BTC-29MAR19-3250-P,59.39,0.0165,1.0,2,1551709515585,16237382,657
2019-03-04 18:40:31.156,1.0,buy,3708.76,BTC-29MAR19-3250-P,60.68,0.017,1.0,0,1551724831156,16242155,658
2019-03-04 21:52:47.200,0.3,sell,3701.06,BTC-29MAR19-3250-P,58.84,0.016,0.3,2,1551736367200,16244257,659
2019-03-04 22:11:43.832,18.0,sell,3701.26,BTC-29MAR19-3250-P,58.26,0.0155,18.0,3,1551737503832,16244403,663
2019-03-04 22:11:43.832,3.9,sell,3701.26,BTC-29MAR19-3250-P,58.26,0.0155,3.9,2,1551737503832,16244400,660
2019-03-04 22:11:43.832,5.3,sell,3701.26,BTC-29MAR19-3250-P,58.26,0.0155,5.3,3,1551737503832,16244401,661
2019-03-04 22:11:43.832,10.0,sell,3701.26,BTC-29MAR19-3250-P,58.26,0.0155,10.0,3,1551737503832,16244402,662
2019-03-04 22:16:31.969,10.0,sell,3703.88,BTC-29MAR19-3250-P,57.71,0.015,10.0,2,1551737791969,16244492,664
2019-03-04 22:16:31.969,5.8,sell,3703.88,BTC-29MAR19-3250-P,57.71,0.015,5.8,3,1551737791969,16244493,665
2019-03-04 22:16:31.969,18.1,sell,3703.88,BTC-29MAR19-3250-P,57.71,0.015,18.1,3,1551737791969,16244494,666
2019-03-04 22:17:57.777,14.3,sell,3704.53,BTC-29MAR19-3250-P,56.91,0.0145,14.3,3,1551737877777,16244502,669
2019-03-04 22:17:57.777,5.7,sell,3704.53,BTC-29MAR19-3250-P,56.91,0.0145,5.7,3,1551737877777,16244501,668
2019-03-04 22:17:57.777,10.0,sell,3704.53,BTC-29MAR19-3250-P,56.91,0.0145,10.0,2,1551737877777,16244500,667
2019-03-04 22:37:47.282,0.5,buy,3698.63,BTC-29MAR19-3250-P,59.71,0.0165,0.5,0,1551739067282,16244747,670
2019-03-04 23:12:41.537,0.9,sell,3693.39,BTC-29MAR19-3250-P,57.92,0.0155,0.9,2,1551741161537,16245715,671
2019-03-05 04:40:09.458,0.1,sell,3706.08,BTC-29MAR19-3250-P,58.57,0.015,0.1,2,1551760809458,16249196,672
2019-03-05 06:22:23.211,0.1,buy,3709.44,BTC-29MAR19-3250-P,58.92,0.015,0.1,3,1551766943211,16250003,673
2019-03-05 08:38:48.066,2.0,buy,3724.61,BTC-29MAR19-3250-P,60.1,0.015,2.0,3,1551775128066,16252097,674
2019-03-05 13:12:56.578,0.1,sell,3748.33,BTC-29MAR19-3250-P,58.15,0.0125,0.1,2,1551791576578,16258286,675
2019-03-05 13:12:57.960,0.1,sell,3748.33,BTC-29MAR19-3250-P,58.15,0.0125,0.1,3,1551791577960,16258288,676
2019-03-05 13:14:05.593,0.1,buy,3757.22,BTC-29MAR19-3250-P,58.08,0.012,0.1,3,1551791645593,16258755,678
2019-03-05 13:14:05.593,0.1,buy,3757.22,BTC-29MAR19-3250-P,58.08,0.012,0.1,2,1551791645593,16258754,677
2019-03-05 13:46:35.835,0.1,sell,3800.69,BTC-29MAR19-3250-P,57.46,0.01,0.1,3,1551793595835,16267026,680
2019-03-05 13:46:35.835,1.9,sell,3800.69,BTC-29MAR19-3250-P,57.46,0.01,1.9,2,1551793595835,16267025,679
2019-03-05 14:02:58.215,3.8,buy,3819.79,BTC-29MAR19-3250-P,61.62,0.0115,3.8,0,1551794578215,16273473,683
2019-03-05 14:02:58.215,0.1,buy,3819.79,BTC-29MAR19-3250-P,60.71,0.011000000000000001,0.1,1,1551794578215,16273472,682
2019-03-05 14:02:58.215,0.1,buy,3819.79,BTC-29MAR19-3250-P,60.71,0.011000000000000001,0.1,0,1551794578215,16273471,681
2019-03-05 15:11:43.454,5.2,sell,3819.06,BTC-29MAR19-3250-P,57.9,0.0095,5.2,3,1551798703454,16279687,686
2019-03-05 15:11:43.454,0.1,sell,3819.06,BTC-29MAR19-3250-P,57.9,0.0095,0.1,3,1551798703454,16279686,685
2019-03-05 15:11:43.454,4.7,sell,3819.06,BTC-29MAR19-3250-P,57.9,0.0095,4.7,2,1551798703454,16279685,684
2019-03-06 00:03:29.803,1.0,buy,3845.63,BTC-29MAR19-3250-P,61.32,0.01,1.0,0,1551830609803,16297686,687
2019-03-06 10:35:52.122,0.1,buy,3857.29,BTC-29MAR19-3250-P,58.47,0.008,0.1,2,1551868552122,16311858,688
2019-03-06 10:48:22.424,0.1,buy,3838.51,BTC-29MAR19-3250-P,58.41,0.0085,0.1,0,1551869302424,16315283,689
2019-03-06 10:48:23.676,0.1,buy,3836.91,BTC-29MAR19-3250-P,58.28,0.0085,0.1,1,1551869303676,16315310,690
2019-03-06 10:48:26.597,0.1,buy,3837.59,BTC-29MAR19-3250-P,58.31,0.0085,0.1,1,1551869306597,16315343,691
2019-03-06 10:48:30.484,0.1,buy,3837.53,BTC-29MAR19-3250-P,58.28,0.0085,0.1,1,1551869310484,16315393,692
2019-03-06 14:29:50.405,0.1,buy,3829.5,BTC-29MAR19-3250-P,58.96,0.009000000000000001,0.1,0,1551882590405,16321938,693
2019-03-06 16:13:28.151,0.4,sell,3843.13,BTC-29MAR19-3250-P,58.97,0.0085,0.4,2,1551888808151,16324928,694
2019-03-07 00:30:40.849,3.0,sell,3851.25,BTC-29MAR19-3250-P,60.12,0.0085,3.0,3,1551918640849,16331256,695
2019-03-07 16:08:58.230,2.0,sell,3868.57,BTC-29MAR19-3250-P,54.96,0.0055,2.0,2,1551974938230,16358542,696
2019-03-07 16:09:24.621,3.0,sell,3868.7,BTC-29MAR19-3250-P,54.96,0.0055,3.0,3,1551974964621,16358551,697
2019-03-07 17:38:59.001,100.0,buy,3868.27,BTC-29MAR19-3250-P,56.32,0.006,100.0,1,1551980339001,16360032,699
2019-03-07 17:38:59.001,10.0,buy,3868.27,BTC-29MAR19-3250-P,56.32,0.006,10.0,0,1551980339001,16360031,698
2019-03-07 17:42:42.865,100.0,sell,3866.95,BTC-29MAR19-3250-P,56.27,0.006,100.0,1,1551980562865,16360053,700
2019-03-07 17:46:48.822,50.0,sell,3866.52,BTC-29MAR19-3250-P,56.23,0.006,50.0,1,1551980808822,16360136,701
2019-03-07 17:51:17.723,40.0,sell,3860.49,BTC-29MAR19-3250-P,55.81,0.006,40.0,1,1551981077723,16360348,702
2019-03-07 17:51:30.441,60.0,buy,3860.62,BTC-29MAR19-3250-P,55.79,0.006,60.0,1,1551981090441,16360349,703
2019-03-07 17:58:10.328,25.0,buy,3857.02,BTC-29MAR19-3250-P,55.6,0.006,25.0,1,1551981490328,16360693,704
2019-03-07 18:32:31.655,7.5,buy,3863.35,BTC-29MAR19-3250-P,56.09,0.006,7.5,1,1551983551655,16361013,705
2019-03-07 23:10:04.677,0.1,sell,3862.43,BTC-29MAR19-3250-P,53.54,0.005,0.1,3,1552000204677,16363644,707
2019-03-07 23:10:04.677,1.2,sell,3862.43,BTC-29MAR19-3250-P,53.54,0.005,1.2,3,1552000204677,16363645,708
2019-03-07 23:10:04.677,2.0,sell,3862.43,BTC-29MAR19-3250-P,53.54,0.005,2.0,2,1552000204677,16363643,706
2019-03-08 00:10:41.610,1.0,sell,3860.32,BTC-29MAR19-3250-P,53.65,0.005,1.0,3,1552003841610,16364362,709
2019-03-08 02:09:18.674,25.0,buy,3857.17,BTC-29MAR19-3250-P,54.7,0.0055,25.0,0,1552010958674,16366221,710
2019-03-08 04:46:21.260,1.0,sell,3866.85,BTC-29MAR19-3250-P,53.98,0.005,1.0,2,1552020381260,16367611,711
2019-03-08 08:33:25.984,14.0,sell,3872.09,BTC-29MAR19-3250-P,54.58,0.005,14.0,3,1552034005984,16378598,712
2019-03-08 08:33:25.984,0.1,sell,3872.09,BTC-29MAR19-3250-P,54.58,0.005,0.1,3,1552034005984,16378599,713
2019-03-08 10:36:42.348,5.0,buy,3873.91,BTC-29MAR19-3250-P,53.33,0.0045,5.0,2,1552041402348,16380569,714
2019-03-08 10:39:11.363,5.1000000000000005,buy,3873.92,BTC-29MAR19-3250-P,53.34,0.0045,5.1000000000000005,3,1552041551363,16380645,715
2019-03-08 10:39:22.954,4.9,buy,3873.83,BTC-29MAR19-3250-P,53.37,0.0045,4.9,3,1552041562954,16380653,716
2019-03-08 10:59:13.433,4.0,buy,3884.99,BTC-29MAR19-3250-P,54.02,0.0045,4.0,3,1552042753433,16381589,717
2019-03-08 11:19:37.888,0.8,buy,3875.98,BTC-29MAR19-3250-P,53.32,0.0045,0.8,3,1552043977888,16382387,718
2019-03-08 11:19:43.057,0.8,buy,3875.98,BTC-29MAR19-3250-P,53.31,0.0045,0.8,3,1552043983057,16382393,719
2019-03-08 11:19:48.363,0.8,buy,3875.98,BTC-29MAR19-3250-P,53.31,0.0045,0.8,3,1552043988363,16382394,720
2019-03-08 13:40:38.446,30.0,sell,3886.99,BTC-29MAR19-3250-P,52.42,0.004,30.0,2,1552052438446,16384585,721
2019-03-08 17:11:29.353,3.0,sell,3881.08,BTC-29MAR19-3250-P,50.85,0.0035,3.0,2,1552065089353,16389983,722
2019-03-08 18:23:18.847,0.9,buy,3889.32,BTC-29MAR19-3250-P,53.08,0.004,0.9,0,1552069398847,16390909,723
2019-03-08 18:25:54.123,1.0,buy,3887.75,BTC-29MAR19-3250-P,52.96,0.004,1.0,1,1552069554123,16390947,724
2019-03-08 18:34:00.913,1.0,sell,3885.62,BTC-29MAR19-3250-P,51.14,0.0035,1.0,2,1552070040913,16391085,725
2019-03-08 22:02:41.712,5.2,buy,3824.06,BTC-29MAR19-3250-P,52.37,0.005,5.2,0,1552082561712,16397774,726
2019-03-08 22:02:46.223,4.8,buy,3822.62,BTC-29MAR19-3250-P,52.26,0.005,4.8,1,1552082566223,16397833,727
2019-03-08 22:03:13.457,5.4,buy,3806.52,BTC-29MAR19-3250-P,52.54,0.0055,5.4,0,1552082593457,16398474,728
2019-03-08 22:03:14.118,0.5,buy,3805.21,BTC-29MAR19-3250-P,52.45,0.0055,0.5,1,1552082594118,16398509,729
2019-03-08 22:03:14.815,4.1,buy,3809.67,BTC-29MAR19-3250-P,52.72,0.0055,4.1,1,1552082594815,16398534,730
2019-03-08 22:03:39.778,5.6000000000000005,buy,3780.08,BTC-29MAR19-3250-P,51.57,0.006,5.6000000000000005,0,1552082619778,16399586,731
2019-03-08 22:03:48.257,3.1,buy,3780.95,BTC-29MAR19-3250-P,51.77,0.006,3.1,1,1552082628257,16399741,732
2019-03-08 22:03:48.920,0.1,buy,3778.15,BTC-29MAR19-3250-P,51.59,0.006,0.1,1,1552082628920,16399749,733
2019-03-08 22:03:49.411,1.2,buy,3778.15,BTC-29MAR19-3250-P,51.61,0.006,1.2,1,1552082629411,16399775,734
2019-03-08 22:03:49.411,0.3,buy,3778.15,BTC-29MAR19-3250-P,51.61,0.006,0.3,1,1552082629411,16399776,735
2019-03-08 22:03:51.682,0.3,buy,3777.27,BTC-29MAR19-3250-P,52.77,0.0065,0.3,0,1552082631682,16399847,736
2019-03-08 22:04:21.804,0.7000000000000001,sell,3778.09,BTC-29MAR19-3250-P,51.81,0.006,0.7000000000000001,2,1552082661804,16400442,737
2019-03-09 07:08:09.166,5.0,buy,3894.8,BTC-29MAR19-3250-P,54.15,0.004,5.0,2,1552115289166,16418262,738
2019-03-09 08:05:16.587,75.0,buy,3897.74,BTC-29MAR19-3250-P,54.35,0.004,75.0,3,1552118716587,16420764,739
2019-03-09 09:54:40.700,144.3,sell,3895.62,BTC-29MAR19-3250-P,54.29,0.004,144.3,3,1552125280700,16422770,741
2019-03-09 09:54:40.700,0.1,sell,3895.62,BTC-29MAR19-3250-P,54.29,0.004,0.1,3,1552125280700,16422769,740
2019-03-09 14:18:48.506,2.0,sell,3902.16,BTC-29MAR19-3250-P,53.02,0.0035,2.0,2,1552141128506,16429054,742
2019-03-09 18:52:47.232,0.8,sell,3905.54,BTC-29MAR19-3250-P,51.18,0.003,0.8,2,1552157567232,16444769,744
2019-03-09 18:52:47.232,0.1,sell,3905.54,BTC-29MAR19-3250-P,53.01,0.0035,0.1,3,1552157567232,16444768,743
2019-03-09 22:57:24.929,10.0,sell,3899.37,BTC-29MAR19-3250-P,51.49,0.003,10.0,3,1552172244929,16448202,745
2019-03-10 03:49:49.356,1.0,buy,3896.6,BTC-29MAR19-3250-P,55.07,0.004,1.0,0,1552189789356,16451845,746
2019-03-10 05:23:01.563,5.0,buy,3898.56,BTC-29MAR19-3250-P,55.23,0.004,5.0,1,1552195381563,16453373,747
2019-03-10 06:30:41.693,5.0,buy,3881.9,BTC-29MAR19-3250-P,54.22,0.004,5.0,1,1552199441693,16455103,748
2019-03-10 11:27:37.501,0.1,sell,3894.91,BTC-29MAR19-3250-P,49.71,0.0025,0.1,2,1552217257501,16460237,749
2019-03-10 11:27:37.501,0.3,sell,3894.91,BTC-29MAR19-3250-P,49.71,0.0025,0.3,3,1552217257501,16460238,750
2019-03-10 22:52:42.897,10.0,buy,3900.57,BTC-29MAR19-3250-P,52.92,0.003,10.0,0,1552258362897,16468186,751
2019-03-11 09:56:07.178,1.1,buy,3872.41,BTC-29MAR19-3250-P,55.36,0.004,1.1,0,1552298167178,16481945,752
2019-03-11 09:56:07.191,0.3,buy,3872.41,BTC-29MAR19-3250-P,55.36,0.004,0.3,1,1552298167191,16481947,754
2019-03-11 09:56:07.191,8.9,buy,3872.41,BTC-29MAR19-3250-P,55.36,0.004,8.9,1,1552298167191,16481946,753
2019-03-11 09:56:07.247,0.3,sell,3872.41,BTC-29MAR19-3250-P,55.36,0.004,0.3,1,1552298167247,16481948,755
2019-03-11 09:56:07.352,0.3,sell,3872.41,BTC-29MAR19-3250-P,55.36,0.004,0.3,1,1552298167352,16481950,756
2019-03-11 09:56:07.446,0.3,sell,3872.41,BTC-29MAR19-3250-P,55.36,0.004,0.3,1,1552298167446,16481951,757
2019-03-11 09:56:07.662,0.3,sell,3872.41,BTC-29MAR19-3250-P,55.36,0.004,0.3,1,1552298167662,16481953,758
2019-03-11 09:56:10.308,6.3,sell,3872.41,BTC-29MAR19-3250-P,55.36,0.004,6.3,1,1552298170308,16481966,760
2019-03-11 09:56:10.308,3.7,sell,3872.41,BTC-29MAR19-3250-P,55.36,0.004,3.7,1,1552298170308,16481968,762
2019-03-11 09:56:10.308,2.1,sell,3872.41,BTC-29MAR19-3250-P,55.36,0.004,2.1,1,1552298170308,16481969,763
2019-03-11 09:56:10.308,2.3000000000000003,sell,3872.41,BTC-29MAR19-3250-P,55.36,0.004,2.3000000000000003,1,1552298170308,16481967,761
2019-03-11 09:56:10.308,0.7000000000000001,sell,3872.41,BTC-29MAR19-3250-P,55.36,0.004,0.7000000000000001,1,1552298170308,16481965,759
2019-03-11 09:56:10.308,4.2,sell,3872.41,BTC-29MAR19-3250-P,55.36,0.004,4.2,1,1552298170308,16481970,764
2019-03-11 09:56:10.308,1.4,sell,3872.41,BTC-29MAR19-3250-P,55.36,0.004,1.4,1,1552298170308,16481971,765
2019-03-11 10:15:45.702,0.8,sell,3873.48,BTC-29MAR19-3250-P,55.31,0.004,0.8,1,1552299345702,16482259,766
2019-03-11 10:40:43.307,0.4,sell,3867.36,BTC-29MAR19-3250-P,54.99,0.004,0.4,1,1552300843307,16482493,767
2019-03-11 10:40:43.307,0.4,sell,3867.36,BTC-29MAR19-3250-P,54.99,0.004,0.4,1,1552300843307,16482494,768
2019-03-11 12:05:45.991,0.2,buy,3826.39,BTC-29MAR19-3250-P,54.41,0.0045,0.2,1,1552305945991,16485294,770
2019-03-11 12:05:45.991,0.6,buy,3826.39,BTC-29MAR19-3250-P,54.41,0.0045,0.6,0,1552305945991,16485293,769
2019-03-11 17:47:49.884,0.2,sell,3849.39,BTC-29MAR19-3250-P,54.46,0.004,0.2,2,1552326469884,16495274,771
2019-03-11 18:39:41.889,0.8,sell,3847.44,BTC-29MAR19-3250-P,54.49,0.004,0.8,3,1552329581889,16496043,772
2019-03-11 18:39:59.845,4.3,sell,3847.84,BTC-29MAR19-3250-P,54.51,0.004,4.3,3,1552329599845,16496044,773
2019-03-11 18:39:59.845,5.0,sell,3847.84,BTC-29MAR19-3250-P,54.51,0.004,5.0,3,1552329599845,16496045,774
2019-03-12 00:39:05.672,0.9,buy,3830.12,BTC-29MAR19-3250-P,53.79,0.004,0.9,3,1552351145672,16499899,775
2019-03-12 01:02:59.272,0.1,buy,3823.38,BTC-29MAR19-3250-P,53.37,0.004,0.1,3,1552352579272,16500903,776
2019-03-12 01:02:59.783,0.1,buy,3822.46,BTC-29MAR19-3250-P,53.31,0.004,0.1,3,1552352579783,16500923,777
2019-03-12 01:03:01.207,0.1,buy,3821.88,BTC-29MAR19-3250-P,53.27,0.004,0.1,3,1552352581207,16500960,778
2019-03-12 01:03:01.852,0.1,buy,3821.16,BTC-29MAR19-3250-P,53.22,0.004,0.1,3,1552352581852,16500992,779
2019-03-12 02:03:46.342,0.9,buy,3807.43,BTC-29MAR19-3250-P,52.26,0.004,0.9,3,1552356226342,16504100,780
2019-03-12 02:04:00.767,0.9,buy,3810.05,BTC-29MAR19-3250-P,52.48,0.004,0.9,3,1552356240767,16504207,781
2019-03-12 02:50:26.347,1.9,buy,3802.31,BTC-29MAR19-3250-P,51.88,0.004,1.9,3,1552359026347,16505905,782
2019-03-12 02:50:26.347,8.1,buy,3802.31,BTC-29MAR19-3250-P,51.88,0.004,8.1,3,1552359026347,16505906,783
2019-03-12 03:41:01.136,10.0,buy,3813.22,BTC-29MAR19-3250-P,54.51,0.0045,10.0,0,1552362061136,16507521,784
2019-03-12 03:41:01.136,10.0,buy,3813.22,BTC-29MAR19-3250-P,54.51,0.0045,10.0,1,1552362061136,16507522,785
2019-03-12 08:22:22.168,0.9,sell,3862.96,BTC-29MAR19-3250-P,54.71,0.0035,0.9,2,1552378942168,16513338,786
2019-03-12 09:23:23.926,0.9,sell,3854.98,BTC-29MAR19-3250-P,54.25,0.0035,0.9,3,1552382603926,16515689,787
2019-03-12 10:34:56.944,21.8,sell,3867.83,BTC-29MAR19-3250-P,53.2,0.003,21.8,2,1552386896944,16517700,788
2019-03-12 16:55:17.687,10.0,buy,3857.63,BTC-29MAR19-3250-P,56.56,0.004,10.0,1,1552409717687,16523900,791
2019-03-12 16:55:17.687,9.9,buy,3857.63,BTC-29MAR19-3250-P,56.56,0.004,9.9,1,1552409717687,16523901,792
2019-03-12 16:55:17.687,4.8,buy,3857.63,BTC-29MAR19-3250-P,56.56,0.004,4.8,0,1552409717687,16523898,789
2019-03-12 16:55:17.687,0.3,buy,3857.63,BTC-29MAR19-3250-P,56.56,0.004,0.3,1,1552409717687,16523899,790
2019-03-14 11:00:37.521,10.0,buy,3848.32,BTC-29MAR19-3250-P,56.99,0.0035,10.0,2,1552561237521,16552383,793
2019-03-15 16:42:41.398,0.3,sell,3895.97,BTC-29MAR19-3250-P,52.95,0.0015,0.3,3,1552668161398,16597919,795
2019-03-15 16:42:41.398,0.5,sell,3895.97,BTC-29MAR19-3250-P,52.95,0.0015,0.5,2,1552668161398,16597918,794
2019-03-15 16:42:41.432,0.3,buy,3895.97,BTC-29MAR19-3250-P,52.95,0.0015,0.3,3,1552668161432,16597920,796
2019-03-15 16:42:41.560,0.3,buy,3895.97,BTC-29MAR19-3250-P,52.95,0.0015,0.3,3,1552668161560,16597924,797
2019-03-15 16:42:41.696,0.3,buy,3895.97,BTC-29MAR19-3250-P,52.95,0.0015,0.3,3,1552668161696,16597926,798
2019-03-15 16:42:42.183,0.5,buy,3895.97,BTC-29MAR19-3250-P,52.95,0.0015,0.5,3,1552668162183,16597931,799
2019-03-15 16:42:42.311,1.7,buy,3895.97,BTC-29MAR19-3250-P,52.95,0.0015,1.7,3,1552668162311,16597933,800
2019-03-15 16:42:42.957,0.3,buy,3895.84,BTC-29MAR19-3250-P,52.95,0.0015,0.3,3,1552668162957,16597934,801
2019-03-15 16:42:43.121,0.3,buy,3895.84,BTC-29MAR19-3250-P,52.95,0.0015,0.3,3,1552668163121,16597935,802
2019-03-15 16:42:43.464,0.5,buy,3895.84,BTC-29MAR19-3250-P,52.95,0.0015,0.5,3,1552668163464,16597936,803
2019-03-15 16:42:44.622,0.5,buy,3895.84,BTC-29MAR19-3250-P,52.95,0.0015,0.5,3,1552668164622,16597937,804
2019-03-15 16:43:48.138,10.0,buy,3895.73,BTC-29MAR19-3250-P,52.97,0.0015,10.0,3,1552668228138,16597956,805
2019-03-15 18:49:36.739,10.0,buy,3899.03,BTC-29MAR19-3250-P,53.35,0.0015,10.0,3,1552675776739,16599476,806
2019-03-15 23:40:38.733,10.0,buy,3900.86,BTC-29MAR19-3250-P,53.91,0.0015,10.0,3,1552693238733,16602599,807
2019-03-16 00:53:00.159,4.0,sell,3914.4,BTC-29MAR19-3250-P,51.0,0.001,4.0,2,1552697580159,16603199,808
2019-03-16 01:51:53.375,0.2,sell,3928.1,BTC-29MAR19-3250-P,52.14,0.001,0.2,3,1552701113375,16606632,809
2019-03-16 01:52:38.551,0.2,sell,3929.06,BTC-29MAR19-3250-P,52.23,0.001,0.2,3,1552701158551,16606701,810
2019-03-16 01:52:44.896,0.2,sell,3929.08,BTC-29MAR19-3250-P,52.24,0.001,0.2,3,1552701164896,16606708,811
2019-03-16 01:52:55.504,0.2,sell,3929.1,BTC-29MAR19-3250-P,52.24,0.001,0.2,3,1552701175504,16606717,812
2019-03-16 03:45:03.377,10.0,sell,3956.91,BTC-29MAR19-3250-P,54.02,0.001,10.0,3,1552707903377,16612220,813
2019-03-16 07:31:49.320,2.0,sell,4006.78,BTC-29MAR19-3250-P,61.04,0.0015,2.0,0,1552721509320,16635211,814
2019-03-16 23:17:36.799,0.1,sell,3989.23,BTC-29MAR19-3250-P,57.68,0.001,0.1,2,1552778256799,16649798,815
2019-03-17 00:19:42.879,1.5,buy,3974.2,BTC-29MAR19-3250-P,64.48,0.002,1.5,1,1552781982879,16651370,818
2019-03-17 00:19:42.879,1.0,buy,3974.2,BTC-29MAR19-3250-P,64.48,0.002,1.0,0,1552781982879,16651369,817
2019-03-17 00:19:42.879,0.5,buy,3974.2,BTC-29MAR19-3250-P,61.07,0.0015,0.5,0,1552781982879,16651368,816
2019-03-17 00:20:10.473,2.0,buy,3975.99,BTC-29MAR19-3250-P,64.53,0.002,2.0,1,1552782010473,16651391,819
2019-03-17 08:22:58.969,20.0,sell,3958.64,BTC-29MAR19-3250-P,56.56,0.001,20.0,2,1552810978969,16659344,820
2019-03-18 00:23:15.586,1.0,sell,3976.95,BTC-29MAR19-3250-P,53.18,0.0005,1.0,2,1552868595586,16669097,821
2019-03-18 00:23:15.586,6.0,sell,3976.95,BTC-29MAR19-3250-P,53.18,0.0005,6.0,3,1552868595586,16669098,822
2019-03-18 00:23:15.586,2.0,sell,3976.95,BTC-29MAR19-3250-P,53.18,0.0005,2.0,3,1552868595586,16669099,823
2019-03-18 00:41:13.411,6.0,buy,3980.3,BTC-29MAR19-3250-P,59.53,0.001,6.0,0,1552869673411,16669520,824
2019-03-18 10:51:37.424,10.0,sell,3951.31,BTC-29MAR19-3250-P,52.88,0.0005,10.0,2,1552906297424,16686776,825
2019-03-18 18:04:12.090,3.0,buy,3964.96,BTC-29MAR19-3250-P,60.49,0.001,3.0,0,1552932252090,16692317,826
2019-03-20 00:04:53.643,10.0,sell,3997.62,BTC-29MAR19-3250-P,60.1,0.0005,10.0,2,1553040293643,16717778,827
2019-03-20 18:55:09.454,2.0,buy,4008.52,BTC-29MAR19-3250-P,70.43,0.001,2.0,0,1553108109454,16738351,828
2019-03-20 22:53:56.172,1.0,buy,4032.73,BTC-29MAR19-3250-P,65.7,0.0005,1.0,2,1553122436172,16743707,829
2019-03-21 18:41:26.436,0.1,buy,3962.02,BTC-29MAR19-3250-P,64.17,0.0005,0.1,3,1553193686436,16770286,830
