date_utc,amount,direction,indexPrice,instrument,iv,price,quantity,tickDirection,timeStamp,tradeId,tradeSeq
2019-05-07 02:20:04.190,0.1,buy,5780.1,BTC-31MAY19-7500-C,71.63,0.0075,0.1,1,1557195604190,18996155,1
2019-05-07 16:55:41.552,1.0,buy,5888.37,BTC-31MAY19-7500-C,73.07,0.0095,1.0,0,1557248141552,19067496,2
2019-05-08 18:48:07.790,10.0,buy,5879.45,BTC-31MAY19-7500-C,71.86,0.008,10.0,2,1557341287790,19164686,3
2019-05-08 18:48:07.790,0.1,buy,5879.45,BTC-31MAY19-7500-C,71.86,0.008,0.1,3,1557341287790,19164687,4
2019-05-08 18:48:07.790,1.9,buy,5879.45,BTC-31MAY19-7500-C,71.86,0.008,1.9,3,1557341287790,19164688,5
2019-05-09 00:58:24.795,0.1,buy,6044.22,BTC-31MAY19-7500-C,67.38,0.0085,0.1,0,1557363504795,19200378,6
2019-05-09 04:33:08.132,0.1,sell,6042.92,BTC-31MAY19-7500-C,67.66,0.0085,0.1,1,1557376388132,19220012,7
2019-05-09 05:00:51.420,0.1,buy,6066.8,BTC-31MAY19-7500-C,67.86,0.009000000000000001,0.1,0,1557378051420,19220550,8
2019-05-09 14:20:21.651,0.6,buy,6012.58,BTC-31MAY19-7500-C,68.31,0.008,0.6,2,1557411621651,19249378,9
2019-05-09 23:55:40.181,0.1,buy,6150.85,BTC-31MAY19-7500-C,66.95,0.0095,0.1,0,1557446140181,19281058,10
2019-05-10 00:02:53.604,0.1,buy,6159.74,BTC-31MAY19-7500-C,67.6,0.01,0.1,0,1557446573604,19281457,11
2019-05-10 00:25:55.101,0.1,buy,6156.08,BTC-31MAY19-7500-C,68.74,0.0105,0.1,0,1557447955101,19282144,12
2019-05-10 01:05:37.881,0.4,sell,6128.45,BTC-31MAY19-7500-C,66.86,0.009000000000000001,0.4,2,1557450337881,19285005,13
2019-05-10 01:05:38.000,1.6,buy,6128.45,BTC-31MAY19-7500-C,66.86,0.009000000000000001,1.6,3,1557450338000,19285007,14
2019-05-10 03:11:53.602,0.1,buy,6280.82,BTC-31MAY19-7500-C,65.92,0.0115,0.1,0,1557457913602,19302259,15
2019-05-10 04:58:48.363,0.2,buy,6295.67,BTC-31MAY19-7500-C,66.33,0.012,0.2,0,1557464328363,19321033,16
2019-05-10 07:27:53.707,0.1,buy,6296.37,BTC-31MAY19-7500-C,67.33,0.0125,0.1,0,1557473273707,19331729,17
2019-05-10 12:07:40.655,0.1,sell,6252.12,BTC-31MAY19-7500-C,68.54,0.012,0.1,2,1557490060655,19353341,18
2019-05-10 16:28:28.117,0.1,buy,6346.84,BTC-31MAY19-7500-C,65.91,0.0125,0.1,0,1557505708117,19372803,19
2019-05-10 17:51:53.848,0.4,sell,6403.68,BTC-31MAY19-7500-C,62.85,0.012,0.4,2,1557510713848,19386597,20
2019-05-10 20:43:07.270,0.4,sell,6293.15,BTC-31MAY19-7500-C,66.59,0.0115,0.4,2,1557520987270,19400774,21
2019-05-10 20:43:07.654,0.4,sell,6292.87,BTC-31MAY19-7500-C,66.6,0.0115,0.4,3,1557520987654,19400777,22
2019-05-10 22:48:51.212,3.0,sell,6372.31,BTC-31MAY19-7500-C,63.56,0.0115,3.0,3,1557528531212,19413255,23
2019-05-10 22:52:59.463,3.0,sell,6384.95,BTC-31MAY19-7500-C,63.93,0.012,3.0,0,1557528779463,19413548,24
2019-05-11 01:41:50.908,2.0,buy,6423.89,BTC-31MAY19-7500-C,64.23,0.013000000000000001,2.0,1,1557538910908,19421382,26
2019-05-11 01:41:50.908,0.6,buy,6423.89,BTC-31MAY19-7500-C,64.23,0.013000000000000001,0.6,0,1557538910908,19421381,25
2019-05-11 02:56:11.245,2.0,buy,6499.89,BTC-31MAY19-7500-C,64.35,0.015,2.0,0,1557543371245,19431705,27
2019-05-11 02:58:29.321,0.2,sell,6510.23,BTC-31MAY19-7500-C,62.34,0.014,0.2,2,1557543509321,19433353,28
2019-05-11 04:27:10.614,5.0,buy,6537.2,BTC-31MAY19-7500-C,67.35,0.018000000000000002,5.0,0,1557548830614,19444070,29
2019-05-11 04:46:05.516,0.2,buy,6656.87,BTC-31MAY19-7500-C,64.86,0.02,0.2,0,1557549965516,19449672,31
2019-05-11 04:46:05.516,0.3,buy,6656.87,BTC-31MAY19-7500-C,63.48,0.019,0.3,0,1557549965516,19449671,30
2019-05-11 04:47:53.454,0.5,buy,6689.26,BTC-31MAY19-7500-C,66.08,0.022000000000000002,0.5,0,1557550073454,19451350,32
2019-05-11 04:49:59.093,0.4,buy,6763.51,BTC-31MAY19-7500-C,62.64,0.022000000000000002,0.4,1,1557550199093,19454573,33
2019-05-11 04:49:59.171,0.4,buy,6763.51,BTC-31MAY19-7500-C,62.64,0.022,0.4,1,1557550199171,19454577,34
2019-05-11 04:58:47.314,2.7,buy,6716.14,BTC-31MAY19-7500-C,64.85,0.022000000000000002,2.7,1,1557550727314,19460001,35
2019-05-11 05:15:25.441,0.1,buy,6685.97,BTC-31MAY19-7500-C,68.24,0.0235,0.1,0,1557551725441,19465117,36
2019-05-11 06:08:10.252,4.0,buy,6788.34,BTC-31MAY19-7500-C,63.48,0.0235,4.0,1,1557554890252,19478369,37
2019-05-11 06:28:14.633,13.0,buy,6948.93,BTC-31MAY19-7500-C,63.55,0.03,13.0,0,1557556094633,19496991,38
2019-05-11 10:59:30.978,0.3,buy,6839.96,BTC-31MAY19-7500-C,72.37,0.0325,0.3,0,1557572370978,19554098,39
2019-05-11 13:05:04.767,0.4,sell,6779.15,BTC-31MAY19-7500-C,72.55,0.03,0.4,2,1557579904767,19566472,40
2019-05-11 14:28:56.418,1.3,sell,6772.7,BTC-31MAY19-7500-C,75.43,0.032,1.3,0,1557584936418,19572986,41
2019-05-11 14:47:14.354,1.0,sell,6793.15,BTC-31MAY19-7500-C,72.6,0.0305,1.0,2,1557586034354,19575154,42
2019-05-11 15:54:47.637,0.4,sell,6920.82,BTC-31MAY19-7500-C,79.06,0.0415,0.4,0,1557590087637,19587070,43
2019-05-11 16:13:40.217,2.7,buy,6974.6,BTC-31MAY19-7500-C,76.76,0.042,2.7,0,1557591220217,19595347,44
2019-05-11 16:15:32.852,24.0,buy,6992.14,BTC-31MAY19-7500-C,82.01,0.0475,24.0,1,1557591332852,19596474,46
2019-05-11 16:15:32.852,5.0,buy,6992.14,BTC-31MAY19-7500-C,82.01,0.0475,5.0,1,1557591332852,19596475,47
2019-05-11 16:15:32.852,0.4,buy,6992.14,BTC-31MAY19-7500-C,82.01,0.0475,0.4,0,1557591332852,19596473,45
2019-05-11 16:15:32.854,22.8,sell,6992.14,BTC-31MAY19-7500-C,82.01,0.0475,22.8,1,1557591332854,19596476,48
2019-05-11 16:15:32.874,22.8,sell,6992.14,BTC-31MAY19-7500-C,82.01,0.0475,22.8,1,1557591332874,19596477,49
2019-05-11 16:16:20.447,0.4,sell,6978.54,BTC-31MAY19-7500-C,82.76,0.0475,0.4,1,1557591380447,19596948,50
2019-05-11 16:16:23.500,24.0,sell,6973.53,BTC-31MAY19-7500-C,83.04,0.0475,24.0,1,1557591383500,19597047,51
2019-05-11 16:16:27.295,0.6,sell,6969.06,BTC-31MAY19-7500-C,83.28,0.0475,0.6,1,1557591387295,19597122,52
2019-05-11 16:20:04.120,0.4,buy,6980.14,BTC-31MAY19-7500-C,85.48,0.05,0.4,0,1557591604120,19600011,53
2019-05-11 16:20:04.120,0.6,buy,6980.14,BTC-31MAY19-7500-C,85.48,0.05,0.6,1,1557591604120,19600012,54
2019-05-11 17:33:14.835,1.0,buy,6973.15,BTC-31MAY19-7500-C,81.48,0.046,1.0,2,1557595994835,19616018,55
2019-05-11 18:05:43.392,4.0,buy,6977.69,BTC-31MAY19-7500-C,81.28,0.046,4.0,3,1557597943392,19618698,56
2019-05-11 18:12:54.764,0.4,buy,6995.31,BTC-31MAY19-7500-C,84.81,0.05,0.4,0,1557598374764,19619714,57
2019-05-11 18:12:54.767,0.6,sell,6995.31,BTC-31MAY19-7500-C,84.81,0.05,0.6,1,1557598374767,19619715,58
2019-05-11 18:39:41.605,0.1,sell,6988.31,BTC-31MAY19-7500-C,78.48,0.044000000000000004,0.1,2,1557599981605,19626983,59
2019-05-11 22:35:32.308,0.4,buy,7330.4,BTC-31MAY19-7500-C,85.65,0.0685,0.4,0,1557614132308,19674784,60
2019-05-11 22:35:41.985,1.0,buy,7331.41,BTC-31MAY19-7500-C,85.58,0.0685,1.0,1,1557614141985,19674931,61
2019-05-11 22:50:32.185,1.0,buy,7244.34,BTC-31MAY19-7500-C,92.1,0.0695,1.0,0,1557615032185,19686959,62
2019-05-11 23:02:51.881,7.6,buy,7281.55,BTC-31MAY19-7500-C,89.29,0.069,7.6,2,1557615771881,19691478,63
2019-05-11 23:22:16.710,0.4,sell,7367.93,BTC-31MAY19-7500-C,89.32,0.07400000000000001,0.4,0,1557616936710,19707869,64
2019-05-11 23:22:16.710,0.6,sell,7367.93,BTC-31MAY19-7500-C,87.69,0.0725,0.6,2,1557616936710,19707870,65
2019-05-11 23:39:15.420,0.4,buy,7381.55,BTC-31MAY19-7500-C,98.28,0.083,0.4,0,1557617955420,19717091,66
2019-05-12 00:44:25.463,0.4,buy,7066.52,BTC-31MAY19-7500-C,103.51,0.07,0.4,2,1557621865463,19760671,67
2019-05-12 00:44:25.465,4.6000000000000005,sell,7066.52,BTC-31MAY19-7500-C,103.51,0.07,4.6000000000000005,3,1557621865465,19760672,68
2019-05-12 01:27:01.947,0.4,sell,7126.98,BTC-31MAY19-7500-C,90.67,0.0615,0.4,2,1557624421947,19776131,69
2019-05-12 05:53:22.383,0.4,buy,7349.41,BTC-31MAY19-7500-C,94.43,0.077,0.4,0,1557640402383,19816688,70
2019-05-12 05:53:22.383,0.6,buy,7349.41,BTC-31MAY19-7500-C,96.07,0.0785,0.6,0,1557640402383,19816689,71
2019-05-12 06:24:21.964,1.0,sell,7385.7,BTC-31MAY19-7500-C,97.09,0.0815,1.0,0,1557642261964,19820948,72
2019-05-12 06:29:54.469,0.4,buy,7404.42,BTC-31MAY19-7500-C,97.53,0.083,0.4,0,1557642594469,19822526,73
2019-05-12 06:30:18.008,4.6000000000000005,sell,7391.31,BTC-31MAY19-7500-C,98.38,0.083,4.6000000000000005,1,1557642618008,19822638,74
2019-05-12 06:32:12.455,0.4,buy,7406.6,BTC-31MAY19-7500-C,100.14,0.0855,0.4,0,1557642732455,19823006,75
2019-05-12 06:32:19.229,1.6,sell,7405.36,BTC-31MAY19-7500-C,100.22,0.0855,1.6,1,1557642739229,19823059,76
2019-05-12 06:44:01.429,2.0,buy,7377.64,BTC-31MAY19-7500-C,100.39,0.084,2.0,2,1557643441429,19825686,77
2019-05-12 07:42:52.765,0.1,buy,7520.03,BTC-31MAY19-7500-C,99.37,0.0915,0.1,0,1557646972765,19838993,78
2019-05-12 09:00:30.306,0.4,buy,7442.57,BTC-31MAY19-7500-C,100.26,0.0875,0.4,2,1557651630306,19870237,79
2019-05-12 09:26:14.694,0.1,buy,7539.31,BTC-31MAY19-7500-C,91.03,0.085,0.1,2,1557653174694,19875971,80
2019-05-12 10:35:35.385,1.0,sell,7298.15,BTC-31MAY19-7500-C,83.31,0.0635,1.0,2,1557657335385,19909132,81
2019-05-12 11:11:34.410,2.0,sell,7253.32,BTC-31MAY19-7500-C,84.51,0.062,2.0,2,1557659494410,19925634,82
2019-05-12 15:47:12.291,0.1,sell,6781.71,BTC-31MAY19-7500-C,77.06,0.032,0.1,2,1557676032291,20014898,83
2019-05-12 22:15:02.681,5.6000000000000005,sell,7082.61,BTC-31MAY19-7500-C,76.65,0.045,5.6000000000000005,0,1557699302681,20088427,84
2019-05-12 22:17:00.540,4.6000000000000005,sell,7044.26,BTC-31MAY19-7500-C,74.81,0.0415,4.6000000000000005,2,1557699420540,20089012,86
2019-05-12 22:17:00.540,0.4,sell,7044.26,BTC-31MAY19-7500-C,75.97,0.0425,0.4,2,1557699420540,20089011,85
2019-05-12 22:18:10.450,0.4,sell,7029.71,BTC-31MAY19-7500-C,73.89,0.04,0.4,2,1557699490450,20090184,87
2019-05-12 22:18:10.450,6.1000000000000005,sell,7029.71,BTC-31MAY19-7500-C,73.89,0.04,6.1000000000000005,3,1557699490450,20090185,88
2019-05-12 22:18:35.564,0.4,buy,7021.01,BTC-31MAY19-7500-C,80.79,0.0455,0.4,0,1557699515564,20090425,89
2019-05-12 22:27:21.810,0.4,buy,6961.21,BTC-31MAY19-7500-C,84.2,0.0455,0.4,1,1557700041810,20092828,90
2019-05-12 22:29:18.008,0.4,buy,6943.57,BTC-31MAY19-7500-C,85.78,0.046,0.4,0,1557700158008,20094010,91
2019-05-12 22:29:25.031,3.0,buy,6935.2,BTC-31MAY19-7500-C,86.25,0.046,3.0,1,1557700165031,20094067,92
2019-05-13 02:37:02.922,2.0,sell,7012.14,BTC-31MAY19-7500-C,80.53,0.0445,2.0,2,1557715022922,20123472,93
2019-05-13 09:10:58.285,0.1,buy,7085.68,BTC-31MAY19-7500-C,84.4,0.051,0.1,0,1557738658285,20147331,94
2019-05-13 11:35:50.237,0.4,buy,7253.77,BTC-31MAY19-7500-C,84.58,0.06,0.4,0,1557747350237,20160660,95
2019-05-13 11:40:40.775,1.6,buy,7295.34,BTC-31MAY19-7500-C,88.16,0.0655,1.6,0,1557747640775,20162350,97
2019-05-13 11:40:40.775,0.4,buy,7295.34,BTC-31MAY19-7500-C,87.59,0.065,0.4,0,1557747640775,20162349,96
2019-05-13 12:08:04.567,0.4,buy,7291.1,BTC-31MAY19-7500-C,87.35,0.0645,0.4,2,1557749284567,20168655,98
2019-05-13 12:08:04.567,3.6,buy,7291.1,BTC-31MAY19-7500-C,88.48,0.0655,3.6,0,1557749284567,20168656,99
2019-05-13 12:09:19.859,0.4,buy,7284.93,BTC-31MAY19-7500-C,88.88,0.0655,0.4,1,1557749359859,20168779,100
2019-05-13 12:09:19.859,3.5,buy,7284.93,BTC-31MAY19-7500-C,90.02,0.0665,3.5,0,1557749359859,20168780,101
2019-05-13 12:10:51.989,0.4,buy,7297.32,BTC-31MAY19-7500-C,90.36,0.0675,0.4,0,1557749451989,20169004,102
2019-05-13 12:10:51.991,8.6,sell,7297.32,BTC-31MAY19-7500-C,90.92,0.068,8.6,0,1557749451991,20169005,103
2019-05-13 12:12:02.235,0.2,buy,7285.82,BTC-31MAY19-7500-C,91.67,0.068,0.2,1,1557749522235,20169115,104
2019-05-13 13:08:42.139,0.1,buy,7362.85,BTC-31MAY19-7500-C,90.12,0.071,0.1,0,1557752922139,20180090,105
2019-05-13 14:29:05.324,1.0,buy,7423.88,BTC-31MAY19-7500-C,90.13,0.0745,1.0,0,1557757745324,20192914,106
2019-05-13 14:30:19.978,0.2,buy,7430.51,BTC-31MAY19-7500-C,90.25,0.075,0.2,0,1557757819978,20193056,107
2019-05-13 14:33:13.420,0.5,buy,7451.29,BTC-31MAY19-7500-C,90.54,0.0765,0.5,0,1557757993420,20193726,108
2019-05-13 14:40:24.605,1.0,buy,7507.36,BTC-31MAY19-7500-C,90.64,0.08,1.0,0,1557758424605,20197071,109
2019-05-13 14:42:51.144,0.3,buy,7488.05,BTC-31MAY19-7500-C,89.71,0.078,0.3,2,1557758571144,20198004,110
2019-05-13 14:51:35.820,0.7000000000000001,sell,7537.37,BTC-31MAY19-7500-C,90.83,0.08199999999999999,0.7000000000000001,0,1557759095820,20200573,111
2019-05-13 15:07:32.934,0.4,buy,7538.95,BTC-31MAY19-7500-C,90.17,0.0815,0.4,2,1557760052934,20206011,112
2019-05-13 15:07:33.477,0.7000000000000001,sell,7539.07,BTC-31MAY19-7500-C,90.16,0.0815,0.7000000000000001,3,1557760053477,20206018,113
2019-05-13 15:08:53.505,0.4,sell,7681.59,BTC-31MAY19-7500-C,84.88,0.086,0.4,0,1557760133505,20209305,114
2019-05-13 15:08:53.505,0.6,sell,7681.59,BTC-31MAY19-7500-C,84.29,0.0855,0.6,2,1557760133505,20209306,115
2019-05-13 15:15:59.266,2.8000000000000003,buy,7843.79,BTC-31MAY19-7500-C,90.51,0.1015,2.8000000000000003,0,1557760559266,20223132,116
2019-05-13 15:54:13.369,5.0,sell,7794.78,BTC-31MAY19-7500-C,99.21,0.1055,5.0,0,1557762853369,20246444,117
2019-05-13 15:55:33.118,0.2,sell,7818.12,BTC-31MAY19-7500-C,99.78,0.1075,0.2,0,1557762933118,20246723,118
2019-05-13 15:55:55.638,5.0,buy,7819.81,BTC-31MAY19-7500-C,100.25,0.10800000000000001,5.0,0,1557762955638,20246753,119
2019-05-13 16:02:45.696,0.4,buy,7851.89,BTC-31MAY19-7500-C,101.94,0.1115,0.4,0,1557763365696,20249041,120
2019-05-13 16:02:45.698,9.6,sell,7851.89,BTC-31MAY19-7500-C,104.94,0.114,9.6,0,1557763365698,20249042,121
2019-05-13 16:03:57.165,0.8,sell,7884.94,BTC-31MAY19-7500-C,103.56,0.115,0.8,0,1557763437165,20249356,122
2019-05-13 16:06:12.714,1.0,sell,7924.82,BTC-31MAY19-7500-C,105.24,0.11900000000000001,1.0,0,1557763572714,20251101,123
2019-05-13 16:10:47.263,6.9,sell,7830.27,BTC-31MAY19-7500-C,102.45,0.1105,6.9,2,1557763847263,20254239,124
2019-05-13 16:10:47.309,3.3000000000000003,sell,7830.27,BTC-31MAY19-7500-C,102.45,0.1105,3.3000000000000003,3,1557763847309,20254244,125
2019-05-13 16:27:33.103,0.4,buy,7865.49,BTC-31MAY19-7500-C,108.73,0.118,0.4,0,1557764853103,20260243,126
2019-05-13 17:30:48.154,1.0,sell,7828.76,BTC-31MAY19-7500-C,106.91,0.114,1.0,2,1557768648154,20281261,127
2019-05-13 17:57:04.289,2.0,buy,7815.9,BTC-31MAY19-7500-C,100.79,0.10800000000000001,2.0,2,1557770224289,20287845,128
2019-05-13 18:09:25.291,0.4,buy,7790.38,BTC-31MAY19-7500-C,97.44,0.1035,0.4,2,1557770965291,20290247,129
2019-05-13 18:09:25.627,0.4,buy,7790.38,BTC-31MAY19-7500-C,97.44,0.1035,0.4,3,1557770965627,20290268,130
2019-05-13 18:09:25.713,0.4,buy,7790.38,BTC-31MAY19-7500-C,97.44,0.1035,0.4,3,1557770965713,20290275,131
2019-05-13 18:09:26.870,0.4,buy,7789.42,BTC-31MAY19-7500-C,97.51,0.1035,0.4,3,1557770966870,20290304,132
2019-05-13 18:09:26.942,0.4,buy,7789.42,BTC-31MAY19-7500-C,97.51,0.1035,0.4,3,1557770966942,20290310,133
2019-05-13 18:09:26.961,0.4,buy,7789.42,BTC-31MAY19-7500-C,97.51,0.1035,0.4,3,1557770966961,20290311,134
2019-05-13 18:09:27.423,0.4,buy,7796.99,BTC-31MAY19-7500-C,96.92,0.1035,0.4,3,1557770967423,20290316,135
2019-05-13 18:09:27.694,0.2,buy,7796.99,BTC-31MAY19-7500-C,96.92,0.1035,0.2,3,1557770967694,20290320,136
2019-05-13 19:58:13.762,0.3,buy,7917.9,BTC-31MAY19-7500-C,105.06,0.11800000000000001,0.3,0,1557777493762,20301490,137
2019-05-14 00:04:38.703,0.4,buy,7810.37,BTC-31MAY19-7500-C,113.36,0.1175,0.4,2,1557792278703,20371466,138
2019-05-14 00:04:38.705,0.6,sell,7810.37,BTC-31MAY19-7500-C,113.96,0.11800000000000001,0.6,0,1557792278705,20371467,139
2019-05-14 00:24:10.688,1.0,buy,7927.37,BTC-31MAY19-7500-C,116.48,0.1275,1.0,0,1557793450688,20374820,140
2019-05-14 07:49:19.445,1.0,sell,8226.62,BTC-31MAY19-7500-C,102.4,0.1355,1.0,0,1557820159445,20454950,141
2019-05-14 08:40:37.393,0.2,sell,8181.42,BTC-31MAY19-7500-C,108.56,0.13699999999999998,0.2,0,1557823237393,20471098,142
2019-05-14 08:48:47.386,0.3,buy,8129.26,BTC-31MAY19-7500-C,115.03,0.1385,0.3,0,1557823727386,20474477,143
2019-05-14 08:55:52.838,0.3,sell,7910.06,BTC-31MAY19-7500-C,109.82,0.12,0.3,2,1557824152838,20479238,144
2019-05-14 09:06:53.736,2.0,sell,8089.47,BTC-31MAY19-7500-C,99.82,0.124,2.0,0,1557824813736,20484159,145
2019-05-14 16:38:02.557,0.1,buy,7982.4,BTC-31MAY19-7500-C,102.36,0.11800000000000001,0.1,2,1557851882557,20558573,146
2019-05-14 19:16:38.812,0.1,sell,7712.67,BTC-31MAY19-7500-C,99.91,0.098,0.1,2,1557861398812,20594637,147
2019-05-14 19:17:10.295,0.5,sell,7720.29,BTC-31MAY19-7500-C,92.64,0.0925,0.5,2,1557861430295,20594981,148
2019-05-15 00:40:19.321,1.0,sell,8021.1,BTC-31MAY19-7500-C,109.73,0.1255,1.0,0,1557880819321,20649642,149
2019-05-15 00:42:51.610,0.2,buy,7995.76,BTC-31MAY19-7500-C,109.96,0.124,0.2,2,1557880971610,20650156,150
2019-05-15 00:43:28.863,0.2,sell,7993.04,BTC-31MAY19-7500-C,107.63,0.122,0.2,2,1557881008863,20650553,151
2019-05-15 08:07:37.141,0.3,sell,7890.49,BTC-31MAY19-7500-C,108.37,0.115,0.3,2,1557907657141,20681722,152
2019-05-15 09:56:28.814,15.0,buy,8059.06,BTC-31MAY19-7500-C,113.64,0.13,15.0,0,1557914188814,20690946,153
2019-05-15 09:56:39.524,15.0,buy,8058.65,BTC-31MAY19-7500-C,114.99,0.131,15.0,0,1557914199524,20690950,154
2019-05-15 09:56:50.890,15.0,sell,8058.02,BTC-31MAY19-7500-C,117.01,0.1325,15.0,0,1557914210890,20690958,155
2019-05-15 09:56:59.017,15.0,buy,8058.0,BTC-31MAY19-7500-C,117.67,0.133,15.0,0,1557914219017,20690967,156
2019-05-15 09:58:06.768,15.0,sell,8054.72,BTC-31MAY19-7500-C,114.02,0.13,15.0,2,1557914286768,20691019,157
2019-05-15 10:00:13.262,0.2,sell,8084.43,BTC-31MAY19-7500-C,112.75,0.131,0.2,0,1557914413262,20691237,158
2019-05-15 10:00:19.027,0.2,sell,8084.69,BTC-31MAY19-7500-C,112.73,0.131,0.2,1,1557914419027,20691249,159
2019-05-15 10:33:05.534,0.2,sell,8103.46,BTC-31MAY19-7500-C,111.15,0.131,0.2,1,1557916385534,20697216,160
2019-05-15 10:34:37.896,0.1,sell,8106.41,BTC-31MAY19-7500-C,110.89,0.131,0.1,1,1557916477896,20697432,161
2019-05-15 10:34:44.941,14.3,sell,8102.15,BTC-31MAY19-7500-C,111.27,0.131,14.3,1,1557916484941,20697451,162
2019-05-15 10:36:56.950,15.0,sell,8096.7,BTC-31MAY19-7500-C,110.44,0.13,15.0,2,1557916616950,20697568,163
2019-05-15 10:37:40.211,0.1,sell,8091.04,BTC-31MAY19-7500-C,110.28,0.1295,0.1,2,1557916660211,20697618,164
2019-05-15 10:38:15.854,14.9,sell,8087.4,BTC-31MAY19-7500-C,110.6,0.1295,14.9,3,1557916695854,20697655,165
2019-05-15 10:57:54.275,0.2,sell,8082.02,BTC-31MAY19-7500-C,117.72,0.1345,0.2,0,1557917874275,20698762,166
2019-05-15 11:25:53.337,0.2,sell,7994.44,BTC-31MAY19-7500-C,116.15,0.1275,0.2,2,1557919553337,20701548,167
2019-05-15 12:08:00.011,0.2,sell,7926.17,BTC-31MAY19-7500-C,115.54,0.1225,0.2,2,1557922080011,20706318,168
2019-05-15 13:16:21.910,5.0,sell,7931.35,BTC-31MAY19-7500-C,115.28,0.1225,5.0,3,1557926181910,20717318,169
2019-05-15 13:18:04.088,5.0,sell,7926.05,BTC-31MAY19-7500-C,115.73,0.1225,5.0,3,1557926284088,20717696,170
2019-05-15 13:18:18.834,5.0,sell,7916.12,BTC-31MAY19-7500-C,116.55,0.1225,5.0,3,1557926298834,20717757,171
2019-05-15 13:42:32.006,2.0,sell,7961.05,BTC-31MAY19-7500-C,109.62,0.12,2.0,2,1557927752006,20720390,172
2019-05-15 14:59:48.207,10.0,sell,7946.26,BTC-31MAY19-7500-C,111.07,0.12,10.0,3,1557932388207,20727494,173
2019-05-15 14:59:51.351,3.0,sell,7946.89,BTC-31MAY19-7500-C,111.01,0.12,3.0,3,1557932391351,20727500,174
2019-05-15 17:21:29.890,0.2,sell,8037.72,BTC-31MAY19-7500-C,103.39,0.12,0.2,3,1557940889890,20743599,175
2019-05-16 04:50:29.765,2.5,sell,7879.1,BTC-31MAY19-7500-C,96.08,0.1025,2.5,2,1557982229765,20860736,176
2019-05-16 19:50:01.841,1.0,sell,7810.33,BTC-31MAY19-7500-C,101.59,0.1005,1.0,2,1558036201841,20970203,177
2019-05-16 19:50:07.143,1.0,sell,7808.71,BTC-31MAY19-7500-C,101.73,0.1005,1.0,3,1558036207143,20970211,178
2019-05-16 19:50:13.353,1.0,buy,7806.72,BTC-31MAY19-7500-C,101.91,0.1005,1.0,3,1558036213353,20970225,179
2019-05-16 19:50:15.691,1.0,sell,7806.72,BTC-31MAY19-7500-C,101.25,0.1,1.0,2,1558036215691,20970230,180
2019-05-17 01:12:15.040,2.0,sell,7837.36,BTC-31MAY19-7500-C,99.32,0.1,2.0,3,1558055535040,21007246,181
2019-05-17 04:43:10.375,4.0,sell,7276.73,BTC-31MAY19-7500-C,103.6,0.068,4.0,2,1558068190375,21102191,182
2019-05-17 13:02:05.852,7.0,buy,7128.13,BTC-31MAY19-7500-C,104.5,0.0595,7.0,2,1558098125852,21173560,183
2019-05-17 14:31:06.465,0.2,sell,7180.33,BTC-31MAY19-7500-C,107.57,0.0645,0.2,0,1558103466465,21183320,184
2019-05-17 18:50:03.997,1.0,buy,7101.06,BTC-31MAY19-7500-C,107.99,0.06,1.0,2,1558119003997,21218781,185
2019-05-17 21:03:22.635,1.0,buy,7179.84,BTC-31MAY19-7500-C,103.43,0.0605,1.0,0,1558127002635,21231539,186
2019-05-17 21:14:21.245,15.0,buy,7227.59,BTC-31MAY19-7500-C,100.66,0.061,15.0,0,1558127661245,21233752,187
2019-05-17 21:14:21.502,2.0,buy,7227.59,BTC-31MAY19-7500-C,100.66,0.061,2.0,1,1558127661502,21233753,188
2019-05-17 21:14:23.784,0.5,buy,7227.38,BTC-31MAY19-7500-C,100.68,0.061,0.5,1,1558127663784,21233760,189
2019-05-17 21:14:24.005,2.1,buy,7227.38,BTC-31MAY19-7500-C,100.68,0.061,2.1,1,1558127664005,21233761,190
2019-05-17 21:14:31.900,1.8,buy,7233.91,BTC-31MAY19-7500-C,100.21,0.061,1.8,1,1558127671900,21233850,191
2019-05-17 21:14:32.275,2.3000000000000003,buy,7233.91,BTC-31MAY19-7500-C,100.21,0.061,2.3000000000000003,1,1558127672275,21233854,192
2019-05-17 21:14:33.271,2.1,buy,7234.5,BTC-31MAY19-7500-C,100.16,0.061,2.1,1,1558127673271,21233863,193
2019-05-17 21:14:34.665,1.5,buy,7235.91,BTC-31MAY19-7500-C,100.06,0.061,1.5,1,1558127674665,21233884,194
2019-05-17 21:14:35.487,2.0,buy,7235.83,BTC-31MAY19-7500-C,100.07,0.061,2.0,1,1558127675487,21233905,195
2019-05-17 21:14:36.408,2.0,buy,7235.83,BTC-31MAY19-7500-C,100.07,0.061,2.0,1,1558127676408,21233936,196
2019-05-17 21:14:38.184,2.0,buy,7239.39,BTC-31MAY19-7500-C,99.81,0.061,2.0,1,1558127678184,21233948,197
2019-05-17 21:15:27.924,12.0,sell,7244.39,BTC-31MAY19-7500-C,98.78,0.0605,12.0,2,1558127727924,21234104,198
2019-05-17 21:15:27.924,5.0,sell,7244.39,BTC-31MAY19-7500-C,98.78,0.0605,5.0,3,1558127727924,21234105,199
2019-05-17 21:15:27.924,2.7,sell,7244.39,BTC-31MAY19-7500-C,98.78,0.0605,2.7,3,1558127727924,21234106,200
2019-05-17 21:15:28.083,5.3,buy,7244.39,BTC-31MAY19-7500-C,98.78,0.0605,5.3,3,1558127728083,21234107,201
2019-05-18 04:12:13.057,1.0,sell,7392.66,BTC-31MAY19-7500-C,96.51,0.0665,1.0,0,1558152733057,21265184,202
2019-05-18 08:30:02.158,0.2,sell,7371.84,BTC-31MAY19-7500-C,100.81,0.068,0.2,0,1558168202158,21283378,203
2019-05-19 01:09:17.413,10.0,buy,7365.83,BTC-31MAY19-7500-C,107.51,0.0705,10.0,0,1558228157413,21327644,204
2019-05-19 04:40:19.227,2.0,sell,7885.97,BTC-31MAY19-7500-C,110.25,0.105,2.0,0,1558240819227,21369783,205
2019-05-19 04:44:36.083,0.1,sell,7901.66,BTC-31MAY19-7500-C,115.31,0.1095,0.1,0,1558241076083,21370269,206
2019-05-19 11:48:55.799,10.0,sell,8034.22,BTC-31MAY19-7500-C,102.17,0.109,10.0,2,1558266535799,21402029,207
2019-05-19 16:56:32.204,1.0,sell,7925.94,BTC-31MAY19-7500-C,103.27,0.1015,1.0,2,1558284992204,21437716,208
2019-05-19 19:43:29.054,0.2,sell,7982.36,BTC-31MAY19-7500-C,103.1,0.105,0.2,0,1558295009054,21448697,209
2019-05-19 22:39:57.928,0.1,buy,8209.64,BTC-31MAY19-7500-C,101.43,0.12,0.1,0,1558305597928,21463488,210
2019-05-20 04:25:39.543,1.9,sell,8050.97,BTC-31MAY19-7500-C,110.59,0.1135,1.9,2,1558326339543,21526647,211
2019-05-20 09:23:24.902,0.7000000000000001,sell,7853.17,BTC-31MAY19-7500-C,97.25,0.0905,0.7000000000000001,2,1558344204902,21557142,212
2019-05-20 14:04:17.515,6.0,buy,7755.03,BTC-31MAY19-7500-C,109.92,0.0915,6.0,0,1558361057515,21590871,213
2019-05-20 14:04:18.895,6.0,buy,7754.97,BTC-31MAY19-7500-C,110.69,0.092,6.0,0,1558361058895,21590872,214
2019-05-20 14:04:31.525,6.0,buy,7758.28,BTC-31MAY19-7500-C,111.87,0.09300000000000001,6.0,0,1558361071525,21590886,215
2019-05-21 15:28:11.198,1.0,buy,7965.14,BTC-31MAY19-7500-C,100.05,0.0965,1.0,0,1558452491198,21703644,216
2019-05-21 20:37:28.706,1.0,sell,8068.33,BTC-31MAY19-7500-C,101.96,0.1045,1.0,0,1558471048706,21723622,217
2019-05-22 01:17:02.172,1.0,sell,8002.68,BTC-31MAY19-7500-C,94.73,0.095,1.0,2,1558487822172,21739005,218
2019-05-22 10:02:00.324,3.5,sell,7875.49,BTC-31MAY19-7500-C,96.39,0.0855,3.5,2,1558519320324,21756088,219
2019-05-22 15:50:03.315,0.6,sell,7978.8,BTC-31MAY19-7500-C,94.83,0.0915,0.6,0,1558540203315,21785932,220
2019-05-22 20:19:00.276,12.0,buy,7838.56,BTC-31MAY19-7500-C,96.43,0.0815,12.0,2,1558556340276,21804161,221
2019-05-22 22:06:12.259,12.0,buy,7532.66,BTC-31MAY19-7500-C,95.74,0.06,12.0,2,1558562772259,21832972,222
2019-05-23 00:49:06.833,2.0,buy,7643.62,BTC-31MAY19-7500-C,91.68,0.0645,2.0,0,1558572546833,21857834,223
2019-05-23 05:43:56.283,0.2,buy,7610.46,BTC-31MAY19-7500-C,90.66,0.061,0.2,2,1558590236283,21870232,224
2019-05-23 11:31:37.383,1.0,sell,7613.54,BTC-31MAY19-7500-C,85.61,0.0575,1.0,2,1558611097383,21893746,225
2019-05-24 07:34:27.311,5.0,sell,7880.16,BTC-31MAY19-7500-C,85.09,0.07400000000000001,5.0,0,1558683267311,21968147,226
2019-05-24 08:21:16.335,3.0,buy,7997.86,BTC-31MAY19-7500-C,87.9,0.0845,3.0,0,1558686076335,21971800,227
2019-05-24 11:23:35.170,0.1,sell,8022.86,BTC-31MAY19-7500-C,98.5,0.091,0.1,0,1558697015170,21982515,228
2019-05-24 12:38:23.730,0.6,buy,8027.13,BTC-31MAY19-7500-C,98.16,0.091,0.6,1,1558701503730,21987276,229
2019-05-24 12:49:34.159,0.2,buy,8029.61,BTC-31MAY19-7500-C,98.88,0.0915,0.2,0,1558702174159,21987487,230
2019-05-24 15:11:33.505,2.0,sell,8101.3,BTC-31MAY19-7500-C,127.79,0.11,2.0,0,1558710693505,21995044,231
2019-05-24 18:43:36.674,5.0,sell,8077.96,BTC-31MAY19-7500-C,88.5,0.09,5.0,2,1558723416674,22011514,232
2019-05-24 18:44:33.297,0.1,buy,8077.1,BTC-31MAY19-7500-C,88.67,0.09,0.1,3,1558723473297,22011528,233
2019-05-24 18:44:36.357,4.0,buy,8077.1,BTC-31MAY19-7500-C,88.67,0.09,4.0,3,1558723476357,22011530,234
2019-05-24 18:47:00.951,2.9,buy,8070.99,BTC-31MAY19-7500-C,87.51,0.08900000000000001,2.9,2,1558723620951,22011630,235
2019-05-24 18:47:02.901,2.1,buy,8071.02,BTC-31MAY19-7500-C,87.5,0.08900000000000001,2.1,3,1558723622901,22011632,236
2019-05-24 18:48:52.421,5.0,buy,8073.21,BTC-31MAY19-7500-C,87.08,0.08900000000000001,5.0,3,1558723732421,22011658,237
2019-05-24 18:54:07.477,0.9,buy,8080.69,BTC-31MAY19-7500-C,84.42,0.0885,0.9,2,1558724047477,22011804,238
2019-05-24 19:11:35.819,0.2,sell,8014.6,BTC-31MAY19-7500-C,93.5,0.087,0.2,2,1558725095819,22013169,239
2019-05-24 19:15:02.466,0.4,sell,8026.27,BTC-31MAY19-7500-C,98.14,0.09,0.4,0,1558725302466,22013524,240
2019-05-24 19:22:04.334,0.2,sell,8041.15,BTC-31MAY19-7500-C,100.03,0.092,0.2,0,1558725724334,22013962,241
2019-05-24 19:24:48.488,0.4,sell,8048.93,BTC-31MAY19-7500-C,100.92,0.09300000000000001,0.4,0,1558725888488,22014138,242
2019-05-24 19:26:52.004,0.1,sell,8048.55,BTC-31MAY19-7500-C,99.88,0.0925,0.1,2,1558726012004,22014216,243
2019-05-25 10:27:38.258,0.4,sell,8093.31,BTC-31MAY19-7500-C,92.63,0.091,0.4,2,1558780058258,22048652,244
2019-05-25 11:15:35.950,0.4,buy,8141.13,BTC-31MAY19-7500-C,92.96,0.095,0.4,0,1558782935950,22051061,245
2019-05-25 11:15:53.213,4.6000000000000005,buy,8144.47,BTC-31MAY19-7500-C,92.22,0.095,4.6000000000000005,1,1558782953213,22051114,246
2019-05-25 16:28:32.800,0.4,sell,8033.98,BTC-31MAY19-7500-C,89.32,0.084,0.4,2,1558801712800,22063462,247
2019-05-25 16:29:16.911,0.4,buy,8033.51,BTC-31MAY19-7500-C,86.88,0.083,0.4,2,1558801756911,22063499,248
2019-05-25 16:29:17.824,5.0,buy,8034.88,BTC-31MAY19-7500-C,86.58,0.083,5.0,3,1558801757824,22063506,249
2019-05-25 16:29:19.674,3.3000000000000003,buy,8036.19,BTC-31MAY19-7500-C,86.3,0.083,3.3000000000000003,3,1558801759674,22063508,250
2019-05-25 16:30:53.278,3.4,buy,8039.88,BTC-31MAY19-7500-C,85.51,0.083,3.4,3,1558801853278,22063585,251
2019-05-25 16:30:55.921,0.4,buy,8039.97,BTC-31MAY19-7500-C,85.49,0.083,0.4,3,1558801855921,22063593,252
2019-05-25 16:31:16.669,5.0,buy,8050.18,BTC-31MAY19-7500-C,83.23,0.083,5.0,3,1558801876669,22063614,253
2019-05-25 16:31:16.687,5.0,buy,8050.18,BTC-31MAY19-7500-C,83.23,0.083,5.0,3,1558801876687,22063615,254
2019-05-25 16:31:16.716,5.0,buy,8050.18,BTC-31MAY19-7500-C,83.23,0.083,5.0,3,1558801876716,22063616,255
2019-05-25 16:31:17.327,2.1,buy,8050.15,BTC-31MAY19-7500-C,83.24,0.083,2.1,3,1558801877327,22063622,256
2019-05-26 19:30:49.559,0.1,buy,8286.76,BTC-31MAY19-7500-C,114.69,0.11,0.1,0,1558899049559,22123957,257
2019-05-26 19:47:33.675,2.0,sell,8396.73,BTC-31MAY19-7500-C,120.97,0.121,2.0,0,1558900053675,22152511,258
2019-05-26 22:28:49.261,1.1,sell,8675.05,BTC-31MAY19-7500-C,106.51,0.141,1.1,0,1558909729261,22220357,259
2019-05-26 22:30:17.587,0.4,buy,8667.86,BTC-31MAY19-7500-C,119.34,0.14300000000000002,0.4,0,1558909817587,22221167,260
2019-05-26 22:31:46.557,0.4,buy,8691.0,BTC-31MAY19-7500-C,114.76,0.14400000000000002,0.4,0,1558909906557,22221741,261
2019-05-26 22:32:00.235,0.2,buy,8696.46,BTC-31MAY19-7500-C,112.42,0.14400000000000002,0.2,1,1558909920235,22221803,262
2019-05-26 22:37:38.332,1.5,sell,8661.78,BTC-31MAY19-7500-C,104.81,0.1395,1.5,2,1558910258332,22222784,263
2019-05-26 22:39:20.691,0.4,buy,8644.59,BTC-31MAY19-7500-C,104.92,0.138,0.4,2,1558910360691,22223284,264
2019-05-26 22:39:21.706,0.1,buy,8644.65,BTC-31MAY19-7500-C,104.89,0.138,0.1,3,1558910361706,22223294,265
2019-05-26 22:43:23.114,0.4,sell,8652.92,BTC-31MAY19-7500-C,108.91,0.1395,0.4,0,1558910603114,22223797,266
2019-05-26 22:43:23.431,1.6,buy,8652.72,BTC-31MAY19-7500-C,109.0,0.1395,1.6,1,1558910603431,22223799,267
2019-05-27 01:59:33.941,1.0,buy,8839.74,BTC-31MAY19-7500-C,138.53,0.161,1.0,0,1558922373941,22261901,268
2019-05-27 15:13:00.262,0.5,buy,8861.13,BTC-31MAY19-7500-C,139.33,0.161,0.5,1,1558969980262,22310123,269
2019-05-27 16:55:54.876,0.6,sell,8725.73,BTC-31MAY19-7500-C,131.82,0.14800000000000002,0.6,2,1558976154876,22335345,270
2019-05-27 16:57:53.280,0.6,sell,8703.93,BTC-31MAY19-7500-C,125.72,0.145,0.6,2,1558976273280,22335807,271
2019-05-27 16:57:53.283,0.1,buy,8703.93,BTC-31MAY19-7500-C,125.72,0.145,0.1,3,1558976273283,22335808,272
2019-05-27 20:47:52.101,0.6,sell,8778.39,BTC-31MAY19-7500-C,122.8,0.1505,0.6,0,1558990072101,22356256,273
2019-05-28 15:38:40.882,8.0,buy,8696.08,BTC-31MAY19-7500-C,159.23,0.1465,8.0,2,1559057920882,22421643,274
2019-05-29 14:41:07.743,0.4,sell,8709.83,BTC-31MAY19-7500-C,160.28,0.14300000000000002,0.4,2,1559140867743,22519684,275
2019-05-29 14:41:12.506,0.4,sell,8708.5,BTC-31MAY19-7500-C,161.45,0.14300000000000002,0.4,3,1559140872506,22519702,276
2019-05-29 14:41:13.503,0.2,sell,8708.49,BTC-31MAY19-7500-C,161.46,0.14300000000000002,0.2,3,1559140873503,22519704,277
2019-05-29 15:15:09.479,0.1,buy,8723.14,BTC-31MAY19-7500-C,148.25,0.14300000000000002,0.1,3,1559142909479,22521874,278
2019-05-29 16:53:35.512,3.9,sell,8744.52,BTC-31MAY19-7500-C,128.74,0.1435,3.9,0,1559148815512,22528770,279
2019-05-30 20:30:03.083,0.1,sell,8493.28,BTC-31MAY19-7500-C,500.0,0.15,0.1,0,1559248203083,22691347,280
2019-05-30 21:23:30.804,0.4,sell,8212.64,BTC-31MAY19-7500-C,0.0,0.086,0.4,2,1559251410804,22710271,281
2019-05-30 21:25:19.799,6.0,sell,8156.03,BTC-31MAY19-7500-C,0.0,0.0785,6.0,2,1559251519799,22713153,282
2019-05-30 21:25:31.625,6.0,sell,8139.46,BTC-31MAY19-7500-C,0.0,0.0745,6.0,2,1559251531625,22713928,283
2019-05-31 03:33:56.182,1.0,sell,8241.06,BTC-31MAY19-7500-C,251.69,0.091,1.0,0,1559273636182,22765835,284
