date_utc,amount,direction,indexPrice,instrument,iv,price,quantity,tickDirection,timeStamp,tradeId,tradeSeq
2019-05-03 08:19:32.244,0.1,sell,5574.38,BTC-17MAY19-6000-C,48.73,0.0125,0.1,1,1556871572244,18618928,1
2019-05-03 08:29:06.935,0.3,sell,5570.57,BTC-17MAY19-6000-C,60.04,0.0195,0.3,0,1556872146935,18619235,2
2019-05-03 08:41:49.588,0.5,sell,5633.55,BTC-17MAY19-6000-C,50.27,0.016,0.5,2,1556872909588,18623503,3
2019-05-03 09:56:09.010,0.1,sell,5781.41,BTC-17MAY19-6000-C,53.91,0.0265,0.1,0,1556877369010,18653461,4
2019-05-03 20:30:06.245,0.3,sell,5692.29,BTC-17MAY19-6000-C,57.13,0.023,0.3,2,1556915406245,18706966,5
2019-05-04 01:54:16.077,1.0,buy,5795.0,BTC-17MAY19-6000-C,56.83,0.0285,1.0,0,1556934856077,18733416,6
2019-05-04 01:54:47.902,0.5,buy,5798.88,BTC-17MAY19-6000-C,57.18,0.029,0.5,0,1556934887902,18733546,7
2019-05-04 13:49:32.952,0.1,sell,5556.96,BTC-17MAY19-6000-C,63.07,0.019,0.1,2,1556977772952,18770885,8
2019-05-04 18:04:44.486,10.0,sell,5586.36,BTC-17MAY19-6000-C,59.71,0.018000000000000002,10.0,2,1556993084486,18789770,9
2019-05-04 19:58:29.944,13.4,buy,5610.69,BTC-17MAY19-6000-C,58.06,0.018000000000000002,13.4,3,1556999909944,18794224,10
2019-05-04 20:08:39.855,0.5,buy,5626.77,BTC-17MAY19-6000-C,56.86,0.018000000000000002,0.5,3,1557000519855,18795298,11
2019-05-04 20:08:46.007,0.5,buy,5627.16,BTC-17MAY19-6000-C,56.83,0.018000000000000002,0.5,3,1557000526007,18795300,12
2019-05-04 20:08:47.552,0.5,buy,5627.16,BTC-17MAY19-6000-C,56.83,0.018000000000000002,0.5,3,1557000527552,18795301,13
2019-05-04 20:08:49.385,0.5,buy,5627.91,BTC-17MAY19-6000-C,56.78,0.018000000000000002,0.5,3,1557000529385,18795322,14
2019-05-04 20:09:38.659,0.5,buy,5631.4,BTC-17MAY19-6000-C,56.51,0.018000000000000002,0.5,3,1557000578659,18795340,15
2019-05-04 20:10:12.146,0.5,buy,5631.73,BTC-17MAY19-6000-C,56.49,0.018000000000000002,0.5,3,1557000612146,18795354,16
2019-05-04 20:13:52.067,0.5,buy,5636.21,BTC-17MAY19-6000-C,56.15,0.018000000000000002,0.5,3,1557000832067,18795646,17
2019-05-04 20:13:56.679,0.5,buy,5636.21,BTC-17MAY19-6000-C,56.15,0.018000000000000002,0.5,3,1557000836679,18795655,18
2019-05-04 20:14:12.114,0.5,buy,5636.75,BTC-17MAY19-6000-C,56.11,0.018000000000000002,0.5,3,1557000852114,18795676,19
2019-05-04 20:14:13.396,0.5,buy,5636.75,BTC-17MAY19-6000-C,56.11,0.018000000000000002,0.5,3,1557000853396,18795679,20
2019-05-04 20:14:26.791,6.6000000000000005,buy,5639.46,BTC-17MAY19-6000-C,55.9,0.018000000000000002,6.6000000000000005,3,1557000866791,18795697,21
2019-05-05 20:59:12.109,3.0,buy,5762.42,BTC-17MAY19-6000-C,57.4,0.024,3.0,0,1557089952109,18899870,22
2019-05-05 21:02:06.371,0.1,buy,5777.82,BTC-17MAY19-6000-C,57.53,0.025,0.1,0,1557090126371,18900535,23
2019-05-06 00:15:46.146,2.0,buy,5727.45,BTC-17MAY19-6000-C,63.89,0.026,2.0,0,1557101746146,18909133,24
2019-05-06 00:57:59.769,1.0,sell,5651.45,BTC-17MAY19-6000-C,61.89,0.0205,1.0,2,1557104279769,18913589,25
2019-05-06 06:40:30.288,0.1,sell,5621.53,BTC-17MAY19-6000-C,59.18,0.017,0.1,2,1557124830288,18935779,26
2019-05-06 06:40:30.288,0.9,sell,5621.53,BTC-17MAY19-6000-C,59.18,0.017,0.9,3,1557124830288,18935780,27
2019-05-06 06:40:56.262,1.0,sell,5621.94,BTC-17MAY19-6000-C,59.14,0.017,1.0,3,1557124856262,18935781,28
2019-05-06 13:19:45.774,0.1,buy,5628.99,BTC-17MAY19-6000-C,65.25,0.0205,0.1,0,1557148785774,18951639,29
2019-05-06 14:13:59.570,0.1,buy,5659.22,BTC-17MAY19-6000-C,62.81,0.0205,0.1,1,1557152039570,18952881,30
2019-05-06 16:06:13.007,19.0,buy,5689.24,BTC-17MAY19-6000-C,64.51,0.023,19.0,0,1557158773007,18958730,31
2019-05-06 17:04:23.435,4.0,buy,5717.85,BTC-17MAY19-6000-C,65.26,0.025,4.0,1,1557162263435,18965076,33
2019-05-06 17:04:23.435,6.0,buy,5717.85,BTC-17MAY19-6000-C,65.26,0.025,6.0,0,1557162263435,18965075,32
2019-05-06 17:05:18.625,6.0,buy,5720.14,BTC-17MAY19-6000-C,65.84,0.0255,6.0,0,1557162318625,18965101,34
2019-05-06 17:05:28.331,6.0,buy,5720.37,BTC-17MAY19-6000-C,66.61,0.026,6.0,0,1557162328331,18965102,35
2019-05-06 22:25:00.731,0.1,buy,5701.51,BTC-17MAY19-6000-C,64.22,0.023,0.1,2,1557181500731,18985131,36
2019-05-07 00:15:26.609,1.4,buy,5737.62,BTC-17MAY19-6000-C,61.18,0.023,1.4,3,1557188126609,18988812,37
2019-05-07 02:33:51.252,0.5,buy,5848.67,BTC-17MAY19-6000-C,60.1,0.029,0.5,0,1557196431252,19000741,38
2019-05-07 02:35:11.363,0.1,buy,5849.62,BTC-17MAY19-6000-C,61.53,0.03,0.1,0,1557196511363,19001103,39
2019-05-07 02:59:57.256,0.1,buy,5912.21,BTC-17MAY19-6000-C,62.53,0.035,0.1,0,1557197997256,19009843,40
2019-05-07 03:10:55.045,1.5,sell,5903.03,BTC-17MAY19-6000-C,62.8,0.0345,1.5,2,1557198655045,19016839,41
2019-05-07 03:30:11.930,3.0,buy,5905.15,BTC-17MAY19-6000-C,67.88,0.038,3.0,0,1557199811930,19020091,42
2019-05-07 03:37:43.355,1.0,buy,5894.69,BTC-17MAY19-6000-C,68.29,0.0375,1.0,2,1557200263355,19020604,43
2019-05-07 04:39:06.802,1.0,buy,5865.52,BTC-17MAY19-6000-C,68.52,0.0355,1.0,2,1557203946802,19025163,44
2019-05-07 08:17:38.988,5.0,buy,5873.26,BTC-17MAY19-6000-C,68.22,0.0355,5.0,3,1557217058988,19033467,45
2019-05-07 09:06:00.973,1.0,sell,5867.99,BTC-17MAY19-6000-C,63.52,0.032,1.0,2,1557219960973,19034386,46
2019-05-07 09:22:08.697,0.5,buy,5893.21,BTC-17MAY19-6000-C,67.74,0.0365,0.5,0,1557220928697,19035384,47
2019-05-07 09:53:24.976,2.3000000000000003,buy,5909.81,BTC-17MAY19-6000-C,65.98,0.0365,2.3000000000000003,1,1557222804976,19036786,48
2019-05-07 11:48:20.227,0.2,sell,5885.64,BTC-17MAY19-6000-C,61.99,0.032,0.2,2,1557229700227,19039220,49
2019-05-07 12:47:04.635,0.5,buy,5916.71,BTC-17MAY19-6000-C,63.31,0.035,0.5,0,1557233224635,19040759,50
2019-05-07 19:12:10.198,1.0,sell,5842.28,BTC-17MAY19-6000-C,67.67,0.032,1.0,2,1557256330198,19072263,51
2019-05-07 23:50:21.897,1.0,sell,5807.95,BTC-17MAY19-6000-C,63.12,0.0265,1.0,2,1557273021897,19092989,52
2019-05-07 23:57:25.514,1.0,sell,5765.37,BTC-17MAY19-6000-C,64.14,0.0245,1.0,2,1557273445514,19100036,53
2019-05-08 00:06:17.445,1.0,sell,5718.8,BTC-17MAY19-6000-C,62.75,0.021,1.0,2,1557273977445,19109806,54
2019-05-08 06:27:30.297,4.0,buy,5827.98,BTC-17MAY19-6000-C,68.51,0.0305,4.0,0,1557296850297,19132907,55
2019-05-08 08:03:19.853,0.3,sell,5822.67,BTC-17MAY19-6000-C,66.87,0.028999999999999998,0.3,2,1557302599853,19135473,56
2019-05-08 12:54:48.366,0.3,buy,5844.25,BTC-17MAY19-6000-C,67.76,0.0305,0.3,0,1557320088366,19146911,57
2019-05-08 12:55:05.843,0.3,buy,5843.73,BTC-17MAY19-6000-C,67.82,0.0305,0.3,1,1557320105843,19146912,58
2019-05-08 12:59:07.498,0.3,sell,5846.86,BTC-17MAY19-6000-C,61.71,0.027000000000000003,0.3,2,1557320347498,19147053,59
2019-05-08 13:32:36.809,1.0,buy,5853.36,BTC-17MAY19-6000-C,68.5,0.0315,1.0,0,1557322356809,19147802,60
2019-05-08 13:34:25.496,1.0,buy,5850.51,BTC-17MAY19-6000-C,68.82,0.0315,1.0,1,1557322465496,19147835,61
2019-05-08 22:43:03.734,0.2,sell,5933.71,BTC-17MAY19-6000-C,54.76,0.027999999999999997,0.2,2,1557355383734,19176379,62
2019-05-08 22:43:34.827,0.3,sell,5933.32,BTC-17MAY19-6000-C,54.81,0.027999999999999997,0.3,3,1557355414827,19176396,63
2019-05-08 22:45:07.251,0.3,buy,5933.38,BTC-17MAY19-6000-C,59.78,0.031,0.3,0,1557355507251,19176459,64
2019-05-08 23:15:47.805,1.0,buy,5932.49,BTC-17MAY19-6000-C,60.8,0.0315,1.0,0,1557357347805,19178270,65
2019-05-09 00:00:03.871,1.0,sell,5945.67,BTC-17MAY19-6000-C,63.43,0.034,1.0,0,1557360003871,19191853,66
2019-05-09 00:09:44.139,6.0,sell,5946.82,BTC-17MAY19-6000-C,60.82,0.0325,6.0,2,1557360584139,19193996,67
2019-05-09 00:53:53.420,0.1,buy,5981.02,BTC-17MAY19-6000-C,62.38,0.036000000000000004,0.1,0,1557363233420,19197708,68
2019-05-09 00:53:53.422,0.9,sell,5981.02,BTC-17MAY19-6000-C,62.38,0.036000000000000004,0.9,1,1557363233422,19197710,69
2019-05-09 00:57:44.300,0.1,buy,5998.75,BTC-17MAY19-6000-C,62.55,0.0375,0.1,1,1557363464300,19198879,71
2019-05-09 00:57:44.300,0.1,buy,5998.75,BTC-17MAY19-6000-C,62.55,0.0375,0.1,0,1557363464300,19198878,70
2019-05-09 00:57:47.090,10.0,sell,6003.72,BTC-17MAY19-6000-C,63.55,0.0385,10.0,0,1557363467090,19199131,72
2019-05-09 00:58:17.521,0.1,buy,6040.27,BTC-17MAY19-6000-C,60.2,0.0395,0.1,0,1557363497521,19200254,73
2019-05-09 00:58:27.510,0.1,buy,6043.32,BTC-17MAY19-6000-C,60.61,0.04,0.1,0,1557363507510,19200458,74
2019-05-09 01:02:48.198,2.0,buy,6030.08,BTC-17MAY19-6000-C,59.13,0.038,2.0,2,1557363768198,19203875,75
2019-05-09 01:09:33.470,0.1,buy,6068.17,BTC-17MAY19-6000-C,61.28,0.0425,0.1,0,1557364173470,19206319,76
2019-05-09 02:41:00.764,0.1,buy,6055.27,BTC-17MAY19-6000-C,63.38,0.0425,0.1,1,1557369660764,19216724,77
2019-05-09 02:41:00.767,0.9,sell,6055.27,BTC-17MAY19-6000-C,63.38,0.0425,0.9,1,1557369660767,19216725,78
2019-05-09 04:58:26.421,0.8,buy,6055.49,BTC-17MAY19-6000-C,61.17,0.040999999999999995,0.8,2,1557377906421,19220400,79
2019-05-09 05:10:45.806,0.1,buy,6082.68,BTC-17MAY19-6000-C,61.45,0.0435,0.1,0,1557378645806,19221569,80
2019-05-09 06:44:22.291,1.0,buy,6062.65,BTC-17MAY19-6000-C,61.26,0.0415,1.0,2,1557384262291,19225387,81
2019-05-09 07:29:03.631,18.0,buy,6068.27,BTC-17MAY19-6000-C,63.12,0.043,18.0,0,1557386943631,19226471,82
2019-05-09 07:31:42.088,10.0,buy,6067.69,BTC-17MAY19-6000-C,64.07,0.0435,10.0,0,1557387102088,19226498,83
2019-05-09 07:34:19.374,25.0,sell,6061.34,BTC-17MAY19-6000-C,64.15,0.043,25.0,2,1557387259374,19226569,84
2019-05-09 08:39:32.409,0.7000000000000001,sell,6060.97,BTC-17MAY19-6000-C,59.23,0.04,0.7000000000000001,2,1557391172409,19228642,85
2019-05-09 08:47:15.552,0.3,buy,6058.03,BTC-17MAY19-6000-C,63.12,0.042,0.3,0,1557391635552,19228886,86
2019-05-09 08:49:03.142,3.0,buy,6061.02,BTC-17MAY19-6000-C,63.55,0.0425,3.0,0,1557391743142,19228954,87
2019-05-09 09:30:52.505,0.2,sell,6040.97,BTC-17MAY19-6000-C,58.01,0.0375,0.2,2,1557394252505,19232686,88
2019-05-09 09:52:17.029,0.1,buy,6052.26,BTC-17MAY19-6000-C,61.57,0.0405,0.1,0,1557395537029,19233229,89
2019-05-09 10:37:44.231,0.2,buy,6059.65,BTC-17MAY19-6000-C,61.47,0.040999999999999995,0.2,0,1557398264231,19233870,90
2019-05-09 10:54:56.396,5.3,buy,6048.0,BTC-17MAY19-6000-C,60.64,0.0395,5.3,2,1557399296396,19234337,91
2019-05-09 11:05:46.342,0.4,buy,6038.89,BTC-17MAY19-6000-C,60.28,0.0385,0.4,2,1557399946342,19234585,92
2019-05-09 12:30:33.505,1.0,buy,6014.57,BTC-17MAY19-6000-C,62.25,0.0375,1.0,2,1557405033505,19241331,93
2019-05-09 13:39:04.865,1.0,buy,6000.36,BTC-17MAY19-6000-C,60.12,0.035,1.0,2,1557409144865,19248014,94
2019-05-09 16:20:41.378,0.2,buy,6018.84,BTC-17MAY19-6000-C,60.55,0.0365,0.2,0,1557418841378,19252988,95
2019-05-09 17:03:23.574,0.2,sell,6044.13,BTC-17MAY19-6000-C,57.85,0.037000000000000005,0.2,0,1557421403574,19255022,96
2019-05-09 17:13:40.725,0.1,buy,6047.62,BTC-17MAY19-6000-C,59.99,0.0385,0.1,0,1557422020725,19255366,97
2019-05-09 17:28:49.314,0.2,sell,6040.51,BTC-17MAY19-6000-C,57.58,0.0365,0.2,2,1557422929314,19255708,98
2019-05-09 18:02:31.843,0.1,sell,6055.53,BTC-17MAY19-6000-C,57.17,0.0375,0.1,0,1557424951843,19256781,99
2019-05-09 18:03:40.685,0.1,sell,6061.65,BTC-17MAY19-6000-C,57.12,0.038,0.1,0,1557425020685,19256824,100
2019-05-09 18:04:04.708,0.3,sell,6061.36,BTC-17MAY19-6000-C,57.16,0.038,0.3,1,1557425044708,19256844,101
2019-05-09 18:13:11.657,0.1,buy,6062.74,BTC-17MAY19-6000-C,57.86,0.0385,0.1,0,1557425591657,19257030,102
2019-05-09 18:14:22.999,0.1,buy,6068.72,BTC-17MAY19-6000-C,57.82,0.039,0.1,0,1557425662999,19257138,103
2019-05-09 18:52:37.836,0.2,buy,6058.88,BTC-17MAY19-6000-C,60.32,0.0395,0.2,0,1557427957836,19259076,104
2019-05-09 20:15:52.284,0.3,sell,6067.27,BTC-17MAY19-6000-C,56.6,0.038,0.3,2,1557432952284,19261743,105
2019-05-09 21:28:44.322,0.1,buy,6091.08,BTC-17MAY19-6000-C,55.67,0.0395,0.1,0,1557437324322,19265054,106
2019-05-09 21:28:50.303,0.1,buy,6091.93,BTC-17MAY19-6000-C,56.43,0.04,0.1,0,1557437330303,19265059,107
2019-05-09 21:29:52.597,0.1,buy,6094.83,BTC-17MAY19-6000-C,56.87,0.0405,0.1,0,1557437392597,19265114,108
2019-05-09 21:34:21.443,0.1,buy,6106.84,BTC-17MAY19-6000-C,55.8,0.040999999999999995,0.1,0,1557437661443,19266307,109
2019-05-09 21:35:02.649,0.3,sell,6115.95,BTC-17MAY19-6000-C,54.26,0.040999999999999995,0.3,1,1557437702649,19267130,110
2019-05-09 22:09:06.454,0.5,buy,6115.91,BTC-17MAY19-6000-C,56.18,0.042,0.5,0,1557439746454,19271693,111
2019-05-09 22:11:45.365,0.5,buy,6127.91,BTC-17MAY19-6000-C,55.04,0.0425,0.5,0,1557439905365,19271955,112
2019-05-09 22:12:22.704,0.5,buy,6133.94,BTC-17MAY19-6000-C,54.91,0.043,0.5,0,1557439942704,19272051,113
2019-05-09 22:15:32.642,0.5,buy,6138.93,BTC-17MAY19-6000-C,54.97,0.0435,0.5,0,1557440132642,19272407,114
2019-05-09 22:31:20.525,0.1,sell,6134.52,BTC-17MAY19-6000-C,53.93,0.0425,0.1,2,1557441080525,19273324,115
2019-05-09 22:35:35.207,1.0,buy,6143.46,BTC-17MAY19-6000-C,55.14,0.044000000000000004,1.0,0,1557441335207,19273534,116
2019-05-09 22:39:24.191,1.0,buy,6144.07,BTC-17MAY19-6000-C,56.91,0.045,1.0,0,1557441564191,19273931,117
2019-05-09 22:46:18.992,0.1,sell,6154.36,BTC-17MAY19-6000-C,57.89,0.0465,0.1,0,1557441978992,19274712,118
2019-05-09 23:25:55.453,0.3,sell,6137.42,BTC-17MAY19-6000-C,54.49,0.043,0.3,2,1557444355453,19279674,119
2019-05-09 23:44:04.526,0.6,sell,6159.77,BTC-17MAY19-6000-C,54.23,0.045,0.6,0,1557445444526,19280399,120
2019-05-10 01:10:25.237,2.0,buy,6135.51,BTC-17MAY19-6000-C,59.76,0.0455,2.0,0,1557450625237,19285152,121
2019-05-10 01:10:25.237,4.0,buy,6135.51,BTC-17MAY19-6000-C,59.76,0.0455,4.0,1,1557450625237,19285153,122
2019-05-10 01:59:19.482,0.1,buy,6172.48,BTC-17MAY19-6000-C,60.81,0.0495,0.1,0,1557453559482,19288309,123
2019-05-10 02:17:57.977,1.0,buy,6188.7,BTC-17MAY19-6000-C,58.78,0.05,1.0,0,1557454677977,19291144,124
2019-05-10 02:17:57.977,3.0,buy,6188.7,BTC-17MAY19-6000-C,58.78,0.05,3.0,1,1557454677977,19291145,125
2019-05-10 02:30:13.795,1.0,sell,6211.13,BTC-17MAY19-6000-C,54.36,0.05,1.0,1,1557455413795,19295100,126
2019-05-10 02:49:09.538,1.0,buy,6253.29,BTC-17MAY19-6000-C,55.65,0.055,1.0,0,1557456549538,19298620,127
2019-05-10 03:17:20.675,1.0,buy,6303.2,BTC-17MAY19-6000-C,54.93,0.06,1.0,0,1557458240675,19304031,128
2019-05-10 03:25:39.975,1.0,buy,6296.04,BTC-17MAY19-6000-C,58.87,0.061,1.0,0,1557458739975,19306670,129
2019-05-10 03:31:11.438,1.0,buy,6267.22,BTC-17MAY19-6000-C,61.08,0.059000000000000004,1.0,2,1557459071438,19308618,130
2019-05-10 03:37:33.372,1.0,buy,6286.56,BTC-17MAY19-6000-C,59.99,0.0605,1.0,0,1557459453372,19309196,131
2019-05-10 03:38:19.929,1.0,buy,6286.3,BTC-17MAY19-6000-C,60.05,0.0605,1.0,1,1557459499929,19309240,132
2019-05-10 03:55:38.415,0.7000000000000001,buy,6281.06,BTC-17MAY19-6000-C,61.27,0.0605,0.7000000000000001,1,1557460538415,19311030,133
2019-05-10 04:44:40.065,1.0,sell,6266.54,BTC-17MAY19-6000-C,62.48,0.0595,1.0,2,1557463480065,19319508,134
2019-05-10 05:34:06.034,2.0,sell,6273.15,BTC-17MAY19-6000-C,55.86,0.057,2.0,2,1557466446034,19324716,135
2019-05-10 08:02:52.633,0.5,buy,6321.04,BTC-17MAY19-6000-C,62.61,0.065,0.5,0,1557475372633,19336466,136
2019-05-10 08:05:51.144,0.2,buy,6331.01,BTC-17MAY19-6000-C,60.19,0.065,0.2,1,1557475551144,19336694,137
2019-05-10 08:48:18.875,0.3,buy,6275.84,BTC-17MAY19-6000-C,63.32,0.0605,0.3,2,1557478098875,19342711,138
2019-05-10 09:17:33.772,1.0,sell,6269.67,BTC-17MAY19-6000-C,54.01,0.0555,1.0,2,1557479853772,19344796,139
2019-05-10 10:05:21.658,0.5,buy,6306.41,BTC-17MAY19-6000-C,54.06,0.0595,0.5,0,1557482721658,19347419,140
2019-05-10 13:21:38.623,0.4,buy,6282.6,BTC-17MAY19-6000-C,54.89,0.057,0.4,2,1557494498623,19357662,141
2019-05-10 14:56:51.426,1.0,buy,6251.03,BTC-17MAY19-6000-C,59.31,0.0555,1.0,2,1557500211426,19364174,142
2019-05-10 16:38:02.588,0.3,buy,6354.98,BTC-17MAY19-6000-C,55.23,0.065,0.3,0,1557506282588,19373446,143
2019-05-10 16:40:22.509,3.0,sell,6374.08,BTC-17MAY19-6000-C,54.72,0.067,3.0,0,1557506422509,19374311,144
2019-05-10 16:51:12.266,1.0,buy,6403.88,BTC-17MAY19-6000-C,50.44,0.069,1.0,0,1557507072266,19377006,145
2019-05-10 16:51:18.317,1.0,buy,6407.42,BTC-17MAY19-6000-C,52.17,0.07,1.0,0,1557507078317,19377105,146
2019-05-10 16:52:25.717,1.0,buy,6423.57,BTC-17MAY19-6000-C,52.39,0.07200000000000001,1.0,0,1557507145717,19377890,147
2019-05-10 16:55:31.051,4.0,sell,6386.05,BTC-17MAY19-6000-C,49.38,0.0665,4.0,2,1557507331051,19379882,148
2019-05-10 18:14:36.208,2.0,sell,6380.37,BTC-17MAY19-6000-C,48.64,0.0655,2.0,2,1557512076208,19388759,149
2019-05-10 18:54:19.455,1.1,sell,6407.82,BTC-17MAY19-6000-C,58.12,0.07200000000000001,1.1,0,1557514459455,19390694,150
2019-05-10 18:54:54.721,3.9,sell,6401.79,BTC-17MAY19-6000-C,54.47,0.07,3.9,2,1557514494721,19390816,151
2019-05-10 20:05:58.311,0.1,buy,6370.43,BTC-17MAY19-6000-C,62.89,0.0695,0.1,2,1557518758311,19395524,152
2019-05-10 21:45:17.382,2.0,buy,6333.8,BTC-17MAY19-6000-C,52.02,0.061,2.0,2,1557524717382,19410887,153
2019-05-11 01:53:20.299,1.0,buy,6447.68,BTC-17MAY19-6000-C,54.27,0.075,1.0,0,1557539600299,19423043,154
2019-05-11 03:00:36.335,1.0,buy,6528.96,BTC-17MAY19-6000-C,54.79,0.085,1.0,0,1557543636335,19433872,155
2019-05-11 03:15:33.734,0.4,sell,6544.14,BTC-17MAY19-6000-C,57.4,0.0875,0.4,0,1557544533734,19436330,156
2019-05-11 03:15:56.141,0.4,buy,6547.31,BTC-17MAY19-6000-C,59.77,0.0885,0.4,0,1557544556141,19436347,157
2019-05-11 03:16:40.645,0.7000000000000001,buy,6548.72,BTC-17MAY19-6000-C,66.28,0.0905,0.7000000000000001,0,1557544600645,19436393,158
2019-05-11 03:38:27.909,0.4,buy,6538.12,BTC-17MAY19-6000-C,60.24,0.0875,0.4,2,1557545907909,19438729,159
2019-05-11 03:40:39.139,0.2,buy,6552.17,BTC-17MAY19-6000-C,57.57,0.0885,0.2,0,1557546039139,19438933,160
2019-05-11 04:04:03.900,0.4,sell,6573.97,BTC-17MAY19-6000-C,0.0,0.086,0.4,2,1557547443900,19442297,161
2019-05-11 04:04:07.638,0.4,buy,6573.86,BTC-17MAY19-6000-C,0.0,0.086,0.4,3,1557547447638,19442305,162
2019-05-11 04:04:07.733,0.4,buy,6573.86,BTC-17MAY19-6000-C,0.0,0.086,0.4,3,1557547447733,19442309,163
2019-05-11 04:04:12.991,1.8,buy,6573.71,BTC-17MAY19-6000-C,0.0,0.086,1.8,3,1557547452991,19442315,164
2019-05-11 04:24:30.541,0.4,buy,6535.81,BTC-17MAY19-6000-C,51.39,0.085,0.4,2,1557548670541,19443937,165
2019-05-11 04:24:40.864,0.4,buy,6535.18,BTC-17MAY19-6000-C,53.94,0.0855,0.4,0,1557548680864,19443947,166
2019-05-11 04:25:05.632,0.4,buy,6543.08,BTC-17MAY19-6000-C,54.03,0.0865,0.4,0,1557548705632,19443978,167
2019-05-11 04:35:34.282,0.4,buy,6593.41,BTC-17MAY19-6000-C,49.93,0.092,0.4,0,1557549334282,19445380,168
2019-05-11 04:35:35.265,0.4,buy,6593.58,BTC-17MAY19-6000-C,49.81,0.092,0.4,1,1557549335265,19445416,169
2019-05-11 04:35:35.642,0.4,buy,6593.58,BTC-17MAY19-6000-C,49.81,0.092,0.4,1,1557549335642,19445419,170
2019-05-11 04:35:35.691,0.1,buy,6593.58,BTC-17MAY19-6000-C,49.81,0.092,0.1,1,1557549335691,19445421,171
2019-05-11 04:38:20.866,1.0,buy,6614.99,BTC-17MAY19-6000-C,48.3,0.0945,1.0,0,1557549500866,19446516,172
2019-05-11 04:38:26.471,1.0,buy,6616.89,BTC-17MAY19-6000-C,49.99,0.095,1.0,0,1557549506471,19446581,173
2019-05-11 04:43:35.833,0.4,buy,6637.48,BTC-17MAY19-6000-C,52.43,0.098,0.4,0,1557549815833,19448173,174
2019-05-11 04:43:43.120,0.4,buy,6642.39,BTC-17MAY19-6000-C,48.17,0.098,0.4,1,1557549823120,19448334,175
2019-05-11 04:43:44.207,0.2,buy,6640.73,BTC-17MAY19-6000-C,49.73,0.098,0.2,1,1557549824207,19448353,176
2019-05-11 04:47:17.338,0.4,sell,6666.02,BTC-17MAY19-6000-C,0.0,0.0995,0.4,0,1557550037338,19450660,177
2019-05-11 04:47:24.329,0.4,buy,6667.82,BTC-17MAY19-6000-C,0.0,0.0995,0.4,1,1557550044329,19450735,178
2019-05-11 04:47:27.657,0.2,buy,6668.53,BTC-17MAY19-6000-C,0.0,0.0995,0.2,1,1557550047657,19450845,179
2019-05-11 04:49:36.295,0.4,buy,6744.54,BTC-17MAY19-6000-C,0.0,0.11,0.4,0,1557550176295,19453289,180
2019-05-11 04:49:37.616,0.4,buy,6747.29,BTC-17MAY19-6000-C,0.0,0.11,0.4,1,1557550177616,19453355,181
2019-05-11 04:49:37.764,0.2,buy,6747.29,BTC-17MAY19-6000-C,0.0,0.11,0.2,1,1557550177764,19453360,182
2019-05-11 04:52:14.315,0.4,buy,6686.1,BTC-17MAY19-6000-C,0.0,0.101,0.4,2,1557550334315,19456729,183
2019-05-11 04:52:17.625,0.4,buy,6687.67,BTC-17MAY19-6000-C,0.0,0.095,0.4,2,1557550337625,19456799,184
2019-05-11 04:52:17.687,0.4,buy,6687.67,BTC-17MAY19-6000-C,0.0,0.095,0.4,3,1557550337687,19456801,185
2019-05-11 04:52:20.616,0.4,buy,6689.46,BTC-17MAY19-6000-C,0.0,0.095,0.4,3,1557550340616,19456817,186
2019-05-11 04:52:20.649,0.4,buy,6689.46,BTC-17MAY19-6000-C,0.0,0.095,0.4,3,1557550340649,19456819,187
2019-05-11 04:52:21.062,0.4,buy,6690.69,BTC-17MAY19-6000-C,0.0,0.095,0.4,3,1557550341062,19456824,188
2019-05-11 04:52:24.012,0.1,buy,6691.82,BTC-17MAY19-6000-C,0.0,0.095,0.1,3,1557550344012,19456847,189
2019-05-11 04:56:47.596,0.1,buy,6702.6,BTC-17MAY19-6000-C,57.78,0.107,0.1,0,1557550607596,19458925,190
2019-05-11 05:05:04.676,0.4,buy,6674.61,BTC-17MAY19-6000-C,54.57,0.10300000000000001,0.4,2,1557551104676,19463596,191
2019-05-11 06:11:30.811,0.4,buy,6830.03,BTC-17MAY19-6000-C,0.0,0.12,0.4,0,1557555090811,19482999,192
2019-05-11 06:11:31.051,0.4,buy,6830.03,BTC-17MAY19-6000-C,0.0,0.12,0.4,1,1557555091051,19483002,193
2019-05-11 06:11:31.859,0.2,buy,6831.65,BTC-17MAY19-6000-C,0.0,0.12,0.2,1,1557555091859,19483014,194
2019-05-11 06:22:57.677,0.4,buy,6905.58,BTC-17MAY19-6000-C,0.0,0.13,0.4,0,1557555777677,19491874,195
2019-05-11 06:23:06.393,0.6,buy,6907.84,BTC-17MAY19-6000-C,0.0,0.13,0.6,1,1557555786393,19492076,196
2019-05-11 06:26:35.976,0.6,buy,6896.87,BTC-17MAY19-6000-C,52.55,0.1305,0.6,0,1557555995976,19495646,197
2019-05-11 08:04:59.903,0.2,sell,6808.47,BTC-17MAY19-6000-C,98.21,0.1285,0.2,2,1557561899903,19530323,198
2019-05-11 08:11:01.320,0.4,buy,6786.55,BTC-17MAY19-6000-C,0.0,0.1135,0.4,2,1557562261320,19530797,199
2019-05-11 08:11:01.325,0.6,buy,6786.55,BTC-17MAY19-6000-C,0.0,0.1135,0.6,3,1557562261325,19530798,200
2019-05-11 08:11:18.165,0.4,buy,6783.4,BTC-17MAY19-6000-C,0.0,0.115,0.4,0,1557562278165,19530840,201
2019-05-11 08:11:22.449,0.4,buy,6782.69,BTC-17MAY19-6000-C,0.0,0.115,0.4,1,1557562282449,19530843,202
2019-05-11 08:11:27.397,0.2,buy,6776.68,BTC-17MAY19-6000-C,52.58,0.1155,0.2,0,1557562287397,19530923,203
2019-05-11 08:56:39.242,0.3,sell,6681.86,BTC-17MAY19-6000-C,89.1,0.11199999999999999,0.3,2,1557564999242,19539513,204
2019-05-11 10:39:03.402,0.2,sell,6831.98,BTC-17MAY19-6000-C,87.48,0.128,0.2,0,1557571143402,19551695,205
2019-05-11 10:39:09.283,0.1,sell,6828.59,BTC-17MAY19-6000-C,89.03,0.128,0.1,1,1557571149283,19551718,206
2019-05-11 10:54:39.043,1.0,buy,6837.72,BTC-17MAY19-6000-C,89.06,0.129,1.0,0,1557572079043,19553742,207
2019-05-11 11:54:26.908,0.1,sell,6800.45,BTC-17MAY19-6000-C,102.47,0.1285,0.1,2,1557575666908,19558446,208
2019-05-11 11:55:43.860,0.1,sell,6794.82,BTC-17MAY19-6000-C,104.47,0.1285,0.1,3,1557575743860,19558561,209
2019-05-11 12:08:54.798,0.1,buy,6772.45,BTC-17MAY19-6000-C,93.93,0.12300000000000001,0.1,2,1557576534798,19560099,210
2019-05-11 12:12:45.915,0.1,sell,6746.29,BTC-17MAY19-6000-C,89.9,0.11900000000000001,0.1,2,1557576765915,19561216,211
2019-05-11 12:43:45.028,1.0,sell,6748.51,BTC-17MAY19-6000-C,79.44,0.1165,1.0,2,1557578625028,19564485,212
2019-05-11 14:06:49.816,1.0,sell,6803.46,BTC-17MAY19-6000-C,75.92,0.122,1.0,0,1557583609816,19569979,213
2019-05-11 16:47:59.291,0.4,sell,6958.04,BTC-17MAY19-6000-C,76.9,0.14,0.4,0,1557593279291,19607098,214
2019-05-11 17:00:01.769,3.0,buy,6928.5,BTC-17MAY19-6000-C,97.63,0.1405,3.0,0,1557594001769,19610982,215
2019-05-11 21:56:44.314,1.0,buy,7049.87,BTC-17MAY19-6000-C,72.37,0.15,1.0,0,1557611804314,19645255,216
2019-05-11 22:05:58.017,1.0,buy,7219.76,BTC-17MAY19-6000-C,80.95,0.17,1.0,0,1557612358017,19653577,217
2019-05-11 22:37:47.174,0.1,sell,7284.29,BTC-17MAY19-6000-C,135.22,0.185,0.1,0,1557614267174,19677207,218
2019-05-11 22:38:33.192,0.1,sell,7284.84,BTC-17MAY19-6000-C,91.27,0.17800000000000002,0.1,2,1557614313192,19678164,219
2019-05-11 23:10:03.401,0.2,buy,7348.63,BTC-17MAY19-6000-C,129.01,0.19,0.2,0,1557616203401,19694956,220
2019-05-11 23:10:05.243,0.2,buy,7353.48,BTC-17MAY19-6000-C,126.41,0.19,0.2,1,1557616205243,19695037,221
2019-05-11 23:10:05.577,0.2,buy,7353.48,BTC-17MAY19-6000-C,126.41,0.19,0.2,1,1557616205577,19695048,222
2019-05-11 23:10:08.341,0.2,buy,7357.3,BTC-17MAY19-6000-C,124.27,0.19,0.2,1,1557616208341,19695173,223
2019-05-11 23:10:10.611,0.2,buy,7357.75,BTC-17MAY19-6000-C,124.01,0.19,0.2,1,1557616210611,19695252,224
2019-05-11 23:41:17.620,0.1,buy,7348.56,BTC-17MAY19-6000-C,0.0,0.182,0.1,2,1557618077620,19718079,225
2019-05-12 02:32:20.672,0.2,sell,7247.94,BTC-17MAY19-6000-C,130.62,0.18,0.2,2,1557628340672,19788427,226
2019-05-12 02:32:23.876,0.2,sell,7247.87,BTC-17MAY19-6000-C,130.66,0.18,0.2,3,1557628343876,19788430,227
2019-05-12 02:32:24.026,0.2,sell,7247.87,BTC-17MAY19-6000-C,130.66,0.18,0.2,3,1557628344026,19788433,228
2019-05-12 02:32:24.128,0.2,sell,7247.87,BTC-17MAY19-6000-C,130.66,0.18,0.2,3,1557628344128,19788435,229
2019-05-12 02:32:24.282,0.2,sell,7247.87,BTC-17MAY19-6000-C,130.66,0.18,0.2,3,1557628344282,19788437,230
2019-05-12 05:12:24.199,4.0,sell,7226.64,BTC-17MAY19-6000-C,104.41,0.17300000000000001,4.0,2,1557637944199,19809043,231
2019-05-12 05:21:18.606,1.0,sell,7231.24,BTC-17MAY19-6000-C,100.76,0.17300000000000001,1.0,3,1557638478606,19809722,232
2019-05-12 05:51:25.043,0.1,sell,7352.03,BTC-17MAY19-6000-C,145.99,0.193,0.1,0,1557640285043,19816198,233
2019-05-12 05:51:32.594,0.9,sell,7351.47,BTC-17MAY19-6000-C,146.25,0.193,0.9,1,1557640292594,19816250,234
2019-05-12 07:09:11.591,1.0,buy,7480.81,BTC-17MAY19-6000-C,109.76,0.2,1.0,0,1557644951591,19829643,235
2019-05-12 07:49:42.747,1.0,sell,7523.65,BTC-17MAY19-6000-C,0.0,0.2015,1.0,0,1557647382747,19840683,236
2019-05-12 07:50:19.494,3.0,sell,7526.07,BTC-17MAY19-6000-C,0.0,0.2015,3.0,1,1557647419494,19840781,237
