date_utc,amount,direction,indexPrice,instrument,iv,price,quantity,tickDirection,timeStamp,tradeId,tradeSeq
2019-05-11 12:25:24.839,0.2,buy,6776.88,BTC-31MAY19-8500-C,81.37,0.012,0.2,1,1557577524839,19563234,1
2019-05-11 12:25:24.839,0.2,buy,6776.88,BTC-31MAY19-8500-C,81.37,0.012,0.2,1,1557577524839,19563235,2
2019-05-11 13:45:25.933,0.5,buy,6796.79,BTC-31MAY19-8500-C,80.77,0.012,0.5,1,1557582325933,19568809,3
2019-05-11 13:45:45.324,0.5,buy,6797.58,BTC-31MAY19-8500-C,81.71,0.0125,0.5,0,1557582345324,19568830,4
2019-05-11 13:45:45.324,20.0,buy,6797.58,BTC-31MAY19-8500-C,82.67,0.013000000000000001,20.0,0,1557582345324,19568831,5
2019-05-11 13:46:09.308,0.5,buy,6800.06,BTC-31MAY19-8500-C,83.52,0.0135,0.5,0,1557582369308,19568840,6
2019-05-11 13:46:22.080,20.0,buy,6801.02,BTC-31MAY19-8500-C,84.42,0.013999999999999999,20.0,0,1557582382080,19568861,7
2019-05-11 13:46:22.080,0.5,buy,6801.02,BTC-31MAY19-8500-C,84.42,0.013999999999999999,0.5,1,1557582382080,19568862,8
2019-05-11 13:51:22.014,0.5,buy,6811.29,BTC-31MAY19-8500-C,84.96,0.0145,0.5,0,1557582682014,19569102,9
2019-05-11 13:51:22.014,20.0,buy,6811.29,BTC-31MAY19-8500-C,85.86,0.015,20.0,0,1557582682014,19569103,10
2019-05-11 13:51:26.184,0.4,sell,6815.23,BTC-31MAY19-8500-C,85.72,0.015,0.4,1,1557582686184,19569129,11
2019-05-11 13:52:52.254,0.4,sell,6818.84,BTC-31MAY19-8500-C,85.58,0.015,0.4,1,1557582772254,19569226,12
2019-05-11 13:52:52.282,0.4,sell,6818.84,BTC-31MAY19-8500-C,85.58,0.015,0.4,1,1557582772282,19569227,13
2019-05-11 13:52:52.783,0.5,sell,6818.84,BTC-31MAY19-8500-C,85.58,0.015,0.5,1,1557582772783,19569228,14
2019-05-11 13:52:52.807,0.5,sell,6818.84,BTC-31MAY19-8500-C,85.58,0.015,0.5,1,1557582772807,19569229,15
2019-05-11 13:52:53.270,0.5,sell,6818.84,BTC-31MAY19-8500-C,85.58,0.015,0.5,1,1557582773270,19569230,16
2019-05-11 13:52:56.017,0.4,sell,6818.55,BTC-31MAY19-8500-C,85.59,0.015,0.4,1,1557582776017,19569236,17
2019-05-11 13:53:26.005,0.5,sell,6816.38,BTC-31MAY19-8500-C,85.68,0.015,0.5,1,1557582806005,19569257,18
2019-05-11 14:00:59.682,0.4,sell,6810.75,BTC-31MAY19-8500-C,85.9,0.015,0.4,1,1557583259682,19569718,19
2019-05-11 14:00:59.717,0.4,sell,6810.75,BTC-31MAY19-8500-C,85.9,0.015,0.4,1,1557583259717,19569719,20
2019-05-11 14:00:59.752,0.4,sell,6810.75,BTC-31MAY19-8500-C,85.9,0.015,0.4,1,1557583259752,19569720,21
2019-05-11 14:00:59.772,0.4,sell,6810.75,BTC-31MAY19-8500-C,85.9,0.015,0.4,1,1557583259772,19569721,22
2019-05-11 14:18:38.313,0.4,sell,6796.0,BTC-31MAY19-8500-C,86.47,0.015,0.4,1,1557584318313,19571816,23
2019-05-11 14:19:50.257,50.0,sell,6793.27,BTC-31MAY19-8500-C,86.58,0.015,50.0,1,1557584390257,19571914,24
2019-05-11 14:20:10.250,2.0,sell,6788.36,BTC-31MAY19-8500-C,86.76,0.015,2.0,1,1557584410250,19571998,25
2019-05-11 14:20:30.630,1.0,sell,6789.08,BTC-31MAY19-8500-C,86.73,0.015,1.0,1,1557584430630,19572021,26
2019-05-11 14:20:32.571,20.0,sell,6789.05,BTC-31MAY19-8500-C,86.74,0.015,20.0,1,1557584432571,19572073,27
2019-05-11 14:24:11.767,0.5,sell,6788.89,BTC-31MAY19-8500-C,86.75,0.015,0.5,1,1557584651767,19572465,28
2019-05-11 14:24:11.810,0.4,sell,6788.44,BTC-31MAY19-8500-C,86.76,0.015,0.4,1,1557584651810,19572466,29
2019-05-11 14:46:24.357,30.0,buy,6794.53,BTC-31MAY19-8500-C,86.57,0.015,30.0,1,1557585984357,19575118,31
2019-05-11 14:46:24.357,0.6,buy,6794.53,BTC-31MAY19-8500-C,86.57,0.015,0.6,1,1557585984357,19575117,30
2019-05-11 15:21:01.773,0.4,buy,6833.06,BTC-31MAY19-8500-C,86.07,0.0155,0.4,0,1557588061773,19578416,32
2019-05-11 15:21:16.138,24.0,buy,6837.14,BTC-31MAY19-8500-C,87.66,0.0165,24.0,0,1557588076138,19578502,33
2019-05-11 15:21:16.138,0.4,buy,6837.14,BTC-31MAY19-8500-C,87.66,0.0165,0.4,1,1557588076138,19578503,34
2019-05-11 15:22:17.126,0.4,buy,6840.47,BTC-31MAY19-8500-C,88.4,0.017,0.4,0,1557588137126,19578857,35
2019-05-11 15:22:17.126,24.0,buy,6840.47,BTC-31MAY19-8500-C,89.24,0.0175,24.0,0,1557588137126,19578858,36
2019-05-11 15:23:25.999,0.4,sell,6850.87,BTC-31MAY19-8500-C,88.85,0.0175,0.4,1,1557588205999,19579071,37
2019-05-11 15:23:26.048,0.4,sell,6850.87,BTC-31MAY19-8500-C,88.85,0.0175,0.4,1,1557588206048,19579073,38
2019-05-11 15:23:26.080,10.0,sell,6850.87,BTC-31MAY19-8500-C,88.85,0.0175,10.0,1,1557588206080,19579076,39
2019-05-11 15:23:28.380,0.4,sell,6848.94,BTC-31MAY19-8500-C,88.92,0.0175,0.4,1,1557588208380,19579081,40
2019-05-11 15:23:28.926,0.4,sell,6849.02,BTC-31MAY19-8500-C,88.92,0.0175,0.4,1,1557588208926,19579084,41
2019-05-11 15:23:29.489,0.4,sell,6849.02,BTC-31MAY19-8500-C,88.92,0.0175,0.4,1,1557588209489,19579089,42
2019-05-11 15:23:30.037,0.4,sell,6849.33,BTC-31MAY19-8500-C,88.91,0.0175,0.4,1,1557588210037,19579092,43
2019-05-11 15:23:30.514,0.4,sell,6849.33,BTC-31MAY19-8500-C,88.91,0.0175,0.4,1,1557588210514,19579095,44
2019-05-11 15:23:32.637,0.4,sell,6849.2,BTC-31MAY19-8500-C,88.91,0.0175,0.4,1,1557588212637,19579105,45
2019-05-11 15:23:33.242,0.4,sell,6849.3,BTC-31MAY19-8500-C,88.91,0.0175,0.4,1,1557588213242,19579107,46
2019-05-11 15:23:33.359,0.4,sell,6849.3,BTC-31MAY19-8500-C,88.91,0.0175,0.4,1,1557588213359,19579108,47
2019-05-11 15:23:33.861,0.4,sell,6852.09,BTC-31MAY19-8500-C,88.8,0.0175,0.4,1,1557588213861,19579110,48
2019-05-11 15:23:33.919,0.4,sell,6852.09,BTC-31MAY19-8500-C,88.8,0.0175,0.4,1,1557588213919,19579112,49
2019-05-11 15:23:34.294,0.4,sell,6852.09,BTC-31MAY19-8500-C,88.8,0.0175,0.4,1,1557588214294,19579113,50
2019-05-11 15:23:36.992,0.4,sell,6852.92,BTC-31MAY19-8500-C,88.77,0.0175,0.4,1,1557588216992,19579123,51
2019-05-11 15:23:37.483,0.4,sell,6852.92,BTC-31MAY19-8500-C,88.77,0.0175,0.4,1,1557588217483,19579127,52
2019-05-11 15:23:37.968,0.4,sell,6854.55,BTC-31MAY19-8500-C,88.71,0.0175,0.4,1,1557588217968,19579138,53
2019-05-11 15:23:38.481,0.4,sell,6854.55,BTC-31MAY19-8500-C,88.71,0.0175,0.4,1,1557588218481,19579142,54
2019-05-11 15:23:40.725,0.4,sell,6854.23,BTC-31MAY19-8500-C,88.72,0.0175,0.4,1,1557588220725,19579156,55
2019-05-11 15:23:40.761,0.4,sell,6854.23,BTC-31MAY19-8500-C,88.72,0.0175,0.4,1,1557588220761,19579157,56
2019-05-11 15:23:40.792,0.4,sell,6854.23,BTC-31MAY19-8500-C,88.72,0.0175,0.4,1,1557588220792,19579158,57
2019-05-11 15:23:40.819,0.4,sell,6853.03,BTC-31MAY19-8500-C,88.77,0.0175,0.4,1,1557588220819,19579159,58
2019-05-11 15:23:40.868,0.4,sell,6853.03,BTC-31MAY19-8500-C,88.77,0.0175,0.4,1,1557588220868,19579160,59
2019-05-11 15:23:40.897,0.4,sell,6853.03,BTC-31MAY19-8500-C,88.77,0.0175,0.4,1,1557588220897,19579161,60
2019-05-11 15:23:41.361,0.4,sell,6853.03,BTC-31MAY19-8500-C,88.77,0.0175,0.4,1,1557588221361,19579162,61
2019-05-11 15:23:41.387,0.4,sell,6853.03,BTC-31MAY19-8500-C,88.77,0.0175,0.4,1,1557588221387,19579163,62
2019-05-11 15:23:41.402,0.4,sell,6853.03,BTC-31MAY19-8500-C,88.77,0.0175,0.4,1,1557588221402,19579164,63
2019-05-11 15:23:41.418,0.4,sell,6853.03,BTC-31MAY19-8500-C,88.77,0.0175,0.4,1,1557588221418,19579165,64
2019-05-11 15:23:41.448,0.4,sell,6853.03,BTC-31MAY19-8500-C,88.77,0.0175,0.4,1,1557588221448,19579166,65
2019-05-11 15:23:41.502,0.4,sell,6853.03,BTC-31MAY19-8500-C,88.77,0.0175,0.4,1,1557588221502,19579167,66
2019-05-11 15:23:41.819,0.4,sell,6854.28,BTC-31MAY19-8500-C,88.72,0.0175,0.4,1,1557588221819,19579168,67
2019-05-11 15:23:42.472,0.4,sell,6854.28,BTC-31MAY19-8500-C,88.72,0.0175,0.4,1,1557588222472,19579170,68
2019-05-11 17:20:22.198,0.4,buy,6940.73,BTC-31MAY19-8500-C,91.97,0.0215,0.4,0,1557595222198,19614680,69
2019-05-11 18:13:01.823,0.1,buy,6997.42,BTC-31MAY19-8500-C,91.33,0.0225,0.1,0,1557598381823,19619758,70
2019-05-11 22:01:00.381,0.4,buy,7097.77,BTC-31MAY19-8500-C,89.88,0.024,0.4,0,1557612060381,19647574,71
2019-05-12 00:10:20.690,0.4,buy,7299.47,BTC-31MAY19-8500-C,96.56,0.035,0.4,0,1557619820690,19735849,72
2019-05-12 01:07:32.370,0.4,buy,7115.88,BTC-31MAY19-8500-C,108.56,0.038,0.4,0,1557623252370,19769145,73
2019-05-12 01:07:32.375,4.6000000000000005,sell,7115.88,BTC-31MAY19-8500-C,108.56,0.038,4.6000000000000005,1,1557623252375,19769146,74
2019-05-12 06:08:27.317,0.1,buy,7336.0,BTC-31MAY19-8500-C,98.14,0.037000000000000005,0.1,2,1557641307317,19818426,75
2019-05-12 14:51:49.507,16.0,sell,7025.9,BTC-31MAY19-8500-C,89.92,0.021,16.0,2,1557672709507,19992596,76
2019-05-12 19:12:05.494,0.1,sell,7026.41,BTC-31MAY19-8500-C,91.12,0.0215,0.1,0,1557688325494,20057346,77
2019-05-13 01:05:48.046,0.1,buy,7049.06,BTC-31MAY19-8500-C,91.58,0.022000000000000002,0.1,0,1557709548046,20117035,78
2019-05-13 03:30:41.383,0.4,buy,7056.49,BTC-31MAY19-8500-C,89.96,0.021,0.4,2,1557718241383,20126303,79
2019-05-13 03:30:41.383,57.7,buy,7056.49,BTC-31MAY19-8500-C,89.96,0.021,57.7,3,1557718241383,20126304,80
2019-05-13 04:19:37.156,11.0,buy,7033.36,BTC-31MAY19-8500-C,94.9,0.0235,11.0,0,1557721177156,20128223,81
2019-05-13 04:21:54.498,19.6,buy,7035.31,BTC-31MAY19-8500-C,95.58,0.024,19.6,1,1557721314498,20128254,83
2019-05-13 04:21:54.498,0.4,buy,7035.31,BTC-31MAY19-8500-C,95.58,0.024,0.4,0,1557721314498,20128253,82
2019-05-13 04:22:02.336,27.0,buy,7035.88,BTC-31MAY19-8500-C,95.56,0.024,27.0,1,1557721322336,20128255,84
2019-05-13 04:22:43.289,16.0,buy,7036.84,BTC-31MAY19-8500-C,96.28,0.0245,16.0,0,1557721363289,20128266,85
2019-05-13 04:34:29.351,5.0,sell,7021.19,BTC-31MAY19-8500-C,93.1,0.022000000000000002,5.0,2,1557722069351,20128941,86
2019-05-13 04:35:51.583,10.0,buy,7026.69,BTC-31MAY19-8500-C,93.66,0.0225,10.0,0,1557722151583,20129020,87
2019-05-13 04:36:11.794,5.0,buy,7026.41,BTC-31MAY19-8500-C,94.44,0.023,5.0,0,1557722171794,20129025,88
2019-05-13 06:28:25.884,0.1,sell,7070.75,BTC-31MAY19-8500-C,90.47,0.0215,0.1,2,1557728905884,20138373,89
2019-05-13 07:30:50.325,10.0,buy,7031.7,BTC-31MAY19-8500-C,93.76,0.0225,10.0,0,1557732650325,20140693,90
2019-05-13 10:06:37.997,10.0,buy,7079.1,BTC-31MAY19-8500-C,94.37,0.024,10.0,0,1557741997997,20151774,91
2019-05-13 10:14:11.741,10.0,buy,7057.39,BTC-31MAY19-8500-C,95.3,0.024,10.0,1,1557742451741,20152497,92
2019-05-13 10:14:11.767,5.0,sell,7057.39,BTC-31MAY19-8500-C,95.3,0.024,5.0,1,1557742451767,20152498,93
2019-05-13 10:55:45.905,16.0,sell,7098.36,BTC-31MAY19-8500-C,92.12,0.023,16.0,2,1557744945905,20153970,94
2019-05-13 13:59:09.726,0.4,buy,7386.17,BTC-31MAY19-8500-C,90.08,0.03,0.4,0,1557755949726,20188300,95
2019-05-13 13:59:09.768,0.1,buy,7386.17,BTC-31MAY19-8500-C,90.08,0.03,0.1,1,1557755949768,20188301,96
2019-05-13 14:31:57.246,0.1,sell,7440.58,BTC-31MAY19-8500-C,90.39,0.032,0.1,0,1557757917246,20193248,97
2019-05-13 15:02:56.428,0.4,buy,7508.95,BTC-31MAY19-8500-C,92.55,0.036000000000000004,0.4,0,1557759776428,20204419,98
2019-05-13 15:02:56.428,16.0,buy,7508.95,BTC-31MAY19-8500-C,95.13,0.038,16.0,0,1557759776428,20204421,100
2019-05-13 15:02:56.428,3.6,buy,7508.95,BTC-31MAY19-8500-C,93.85,0.037000000000000005,3.6,0,1557759776428,20204420,99
2019-05-13 15:19:13.887,0.4,buy,7855.66,BTC-31MAY19-8500-C,101.17,0.057,0.4,0,1557760753887,20227092,101
2019-05-13 15:38:55.983,0.4,buy,7802.64,BTC-31MAY19-8500-C,102.17,0.0555,0.4,2,1557761935983,20238335,102
2019-05-13 15:38:58.287,0.2,sell,7803.14,BTC-31MAY19-8500-C,102.15,0.0555,0.2,3,1557761938287,20238338,103
2019-05-13 15:41:31.669,1.0,sell,7697.26,BTC-31MAY19-8500-C,100.95,0.05,1.0,2,1557762091669,20240092,104
2019-05-13 15:52:20.503,2.0,buy,7777.42,BTC-31MAY19-8500-C,103.49,0.0555,2.0,0,1557762740503,20246012,105
2019-05-13 15:57:16.970,3.0,sell,7820.55,BTC-31MAY19-8500-C,100.7,0.055,3.0,2,1557763036970,20247080,106
2019-05-13 16:13:25.816,3.0,sell,7820.29,BTC-31MAY19-8500-C,104.28,0.057999999999999996,3.0,0,1557764005816,20255802,107
2019-05-13 16:14:00.184,1.0,sell,7775.22,BTC-31MAY19-8500-C,105.42,0.057,1.0,2,1557764040184,20256153,108
2019-05-13 16:14:09.582,2.0,sell,7776.7,BTC-31MAY19-8500-C,105.35,0.057,2.0,3,1557764049582,20256265,109
2019-05-13 16:24:50.709,0.6,sell,7846.67,BTC-31MAY19-8500-C,101.76,0.057,0.6,3,1557764690709,20259780,110
2019-05-13 16:26:00.531,0.1,sell,7854.76,BTC-31MAY19-8500-C,101.35,0.057,0.1,3,1557764760531,20260016,111
2019-05-13 16:59:53.557,2.0,buy,7918.25,BTC-31MAY19-8500-C,105.67,0.0635,2.0,0,1557766793557,20271012,112
2019-05-13 17:15:31.095,8.0,buy,7956.74,BTC-31MAY19-8500-C,103.08,0.063,8.0,2,1557767731095,20275606,113
2019-05-13 17:19:05.786,2.0,buy,7918.48,BTC-31MAY19-8500-C,103.96,0.062,2.0,2,1557767945786,20276730,114
2019-05-13 17:31:36.823,3.0,sell,7803.35,BTC-31MAY19-8500-C,107.08,0.0595,3.0,2,1557768696823,20281660,115
2019-05-13 18:36:25.165,1.0,sell,7873.61,BTC-31MAY19-8500-C,101.8,0.057999999999999996,1.0,2,1557772585165,20293024,116
2019-05-13 18:36:25.656,9.0,buy,7873.61,BTC-31MAY19-8500-C,100.62,0.057,9.0,2,1557772585656,20293035,117
2019-05-13 21:32:40.737,0.4,buy,8101.64,BTC-31MAY19-8500-C,103.8,0.07,0.4,0,1557783160737,20321171,118
2019-05-13 21:50:01.959,2.5,sell,8105.96,BTC-31MAY19-8500-C,111.65,0.077,2.5,0,1557784201959,20328752,119
2019-05-13 22:57:41.594,0.5,buy,7923.84,BTC-31MAY19-8500-C,109.05,0.066,0.5,2,1557788261594,20343629,120
2019-05-14 00:40:39.397,1.0,buy,7952.38,BTC-31MAY19-8500-C,112.4,0.07,1.0,0,1557794439397,20379102,121
2019-05-14 06:54:06.075,0.4,buy,8034.86,BTC-31MAY19-8500-C,109.29,0.0705,0.4,0,1557816846075,20437827,122
2019-05-14 07:09:45.549,0.4,buy,8130.08,BTC-31MAY19-8500-C,108.65,0.0745,0.4,0,1557817785549,20442156,123
2019-05-14 07:15:42.907,0.1,buy,8094.97,BTC-31MAY19-8500-C,108.9,0.073,0.1,2,1557818142907,20444500,124
2019-05-14 07:24:26.316,0.5,buy,8115.61,BTC-31MAY19-8500-C,108.91,0.07400000000000001,0.5,0,1557818666316,20446777,125
2019-05-14 07:35:28.872,0.4,buy,8177.82,BTC-31MAY19-8500-C,108.3,0.0765,0.4,0,1557819328872,20449468,126
2019-05-14 07:36:58.223,1.0,buy,8220.05,BTC-31MAY19-8500-C,109.93,0.08,1.0,0,1557819418223,20450499,127
2019-05-14 07:48:11.870,0.4,buy,8232.91,BTC-31MAY19-8500-C,108.63,0.0795,0.4,2,1557820091870,20454667,128
2019-05-14 07:48:23.283,0.5,buy,8231.43,BTC-31MAY19-8500-C,108.71,0.0795,0.5,3,1557820103283,20454686,129
2019-05-14 07:54:36.532,0.4,buy,8289.4,BTC-31MAY19-8500-C,107.07,0.081,0.4,0,1557820476532,20457700,130
2019-05-14 08:23:57.433,0.6,sell,8233.48,BTC-31MAY19-8500-C,107.51,0.0785,0.6,2,1557822237433,20468274,131
2019-05-14 08:54:22.820,6.0,buy,8052.61,BTC-31MAY19-8500-C,111.49,0.073,6.0,2,1557824062820,20477164,132
2019-05-14 09:06:58.642,0.3,buy,8087.75,BTC-31MAY19-8500-C,109.55,0.073,0.3,3,1557824818642,20484172,133
2019-05-14 10:01:36.712,0.1,sell,8042.89,BTC-31MAY19-8500-C,108.68,0.07,0.1,2,1557828096712,20494516,134
2019-05-14 10:45:45.194,0.1,buy,8003.52,BTC-31MAY19-8500-C,110.97,0.07,0.1,3,1557830745194,20503498,135
2019-05-14 10:49:26.942,0.9,buy,8025.73,BTC-31MAY19-8500-C,109.74,0.07,0.9,3,1557830966942,20503868,136
2019-05-14 11:30:41.753,0.4,sell,8075.03,BTC-31MAY19-8500-C,110.01,0.0725,0.4,0,1557833441753,20506390,137
2019-05-14 11:32:00.253,10.0,buy,8051.26,BTC-31MAY19-8500-C,113.11,0.07400000000000001,10.0,0,1557833520253,20506818,138
2019-05-14 11:53:08.259,2.0,buy,8068.97,BTC-31MAY19-8500-C,112.16,0.07400000000000001,2.0,1,1557834788259,20508524,139
2019-05-14 12:05:53.752,8.0,buy,8117.42,BTC-31MAY19-8500-C,109.44,0.07400000000000001,8.0,1,1557835553752,20509758,140
2019-05-14 12:21:30.292,0.5,sell,8198.12,BTC-31MAY19-8500-C,110.68,0.079,0.5,0,1557836490292,20513136,141
2019-05-14 12:23:28.781,2.4,sell,8200.81,BTC-31MAY19-8500-C,108.19,0.077,2.4,2,1557836608781,20513499,142
2019-05-14 12:29:33.170,1.5,sell,8187.76,BTC-31MAY19-8500-C,104.29,0.073,1.5,2,1557836973170,20514646,144
2019-05-14 12:29:33.170,2.5,sell,8187.76,BTC-31MAY19-8500-C,106.04,0.0745,2.5,2,1557836973170,20514645,143
2019-05-14 12:30:00.506,0.6,sell,8172.83,BTC-31MAY19-8500-C,103.98,0.07200000000000001,0.6,2,1557837000506,20514724,145
2019-05-14 12:41:27.068,1.8,sell,8168.0,BTC-31MAY19-8500-C,103.7,0.0715,1.8,2,1557837687068,20516301,146
2019-05-14 12:41:27.084,0.1,buy,8168.0,BTC-31MAY19-8500-C,103.11,0.071,0.1,2,1557837687084,20516302,147
2019-05-14 12:59:58.703,9.2,buy,8211.27,BTC-31MAY19-8500-C,106.5,0.076,9.2,0,1557838798703,20518403,148
2019-05-14 13:46:31.154,1.0,buy,8171.12,BTC-31MAY19-8500-C,108.93,0.076,1.0,1,1557841591154,20523638,149
2019-05-14 14:07:57.694,8.0,buy,8162.71,BTC-31MAY19-8500-C,109.47,0.076,8.0,1,1557842877694,20525093,150
2019-05-14 19:05:37.066,2.0,buy,7795.51,BTC-31MAY19-8500-C,100.51,0.051,2.0,2,1557860737066,20591201,151
2019-05-14 19:09:20.088,2.0,buy,7780.48,BTC-31MAY19-8500-C,100.07,0.05,2.0,2,1557860960088,20592211,152
2019-05-14 19:16:14.161,1.0,sell,7736.92,BTC-31MAY19-8500-C,96.11,0.045,1.0,2,1557861374161,20594301,153
2019-05-15 03:36:58.463,1.0,sell,8083.56,BTC-31MAY19-8500-C,100.39,0.063,1.0,0,1557891418463,20665839,154
2019-05-15 07:54:33.204,0.4,sell,7867.37,BTC-31MAY19-8500-C,100.8,0.053,0.4,2,1557906873204,20679063,155
2019-05-15 07:54:33.204,0.6,sell,7867.37,BTC-31MAY19-8500-C,98.94,0.0515,0.6,2,1557906873204,20679064,156
2019-05-15 08:25:15.230,1.0,sell,7928.95,BTC-31MAY19-8500-C,102.43,0.057,1.0,0,1557908715230,20683112,157
2019-05-15 08:37:55.357,1.0,buy,7946.46,BTC-31MAY19-8500-C,102.1,0.0575,1.0,0,1557909475357,20683704,158
2019-05-15 08:43:20.217,1.0,sell,7929.94,BTC-31MAY19-8500-C,101.18,0.055999999999999994,1.0,2,1557909800217,20683883,159
2019-05-15 08:54:08.018,0.8,sell,7921.09,BTC-31MAY19-8500-C,100.47,0.055,0.8,2,1557910448018,20684329,160
2019-05-15 08:55:53.391,0.2,sell,7910.78,BTC-31MAY19-8500-C,101.04,0.055,0.2,3,1557910553391,20684420,161
2019-05-15 08:59:58.224,15.0,buy,7889.04,BTC-31MAY19-8500-C,104.09,0.0565,15.0,0,1557910798224,20684658,162
2019-05-15 09:01:03.143,100.0,buy,7892.93,BTC-31MAY19-8500-C,106.34,0.0585,100.0,0,1557910863143,20684753,164
2019-05-15 09:01:03.143,15.0,buy,7892.93,BTC-31MAY19-8500-C,105.72,0.057999999999999996,15.0,0,1557910863143,20684752,163
2019-05-15 09:01:15.274,15.0,buy,7899.29,BTC-31MAY19-8500-C,107.83,0.06,15.0,0,1557910875274,20684781,165
2019-05-15 09:01:15.274,21.0,buy,7899.29,BTC-31MAY19-8500-C,127.31,0.076,21.0,0,1557910875274,20684782,166
2019-05-15 09:48:26.797,10.0,sell,8043.62,BTC-31MAY19-8500-C,113.78,0.0715,10.0,2,1557913706797,20689439,167
2019-05-15 09:48:26.974,0.8,sell,8043.62,BTC-31MAY19-8500-C,113.78,0.0715,0.8,3,1557913706974,20689444,168
2019-05-15 09:48:27.174,0.3,sell,8043.18,BTC-31MAY19-8500-C,113.8,0.0715,0.3,3,1557913707174,20689445,169
2019-05-15 09:48:27.392,0.3,sell,8043.18,BTC-31MAY19-8500-C,113.8,0.0715,0.3,3,1557913707392,20689446,170
2019-05-15 09:48:27.596,0.2,sell,8043.18,BTC-31MAY19-8500-C,113.8,0.0715,0.2,3,1557913707596,20689447,171
2019-05-15 09:48:28.014,0.3,sell,8043.18,BTC-31MAY19-8500-C,113.8,0.0715,0.3,3,1557913708014,20689449,172
2019-05-15 09:48:28.204,0.3,sell,8043.18,BTC-31MAY19-8500-C,113.8,0.0715,0.3,3,1557913708204,20689450,173
2019-05-15 09:48:29.279,0.2,sell,8043.18,BTC-31MAY19-8500-C,113.8,0.0715,0.2,3,1557913709279,20689456,174
2019-05-15 09:48:29.476,0.5,sell,8043.18,BTC-31MAY19-8500-C,113.8,0.0715,0.5,3,1557913709476,20689457,175
2019-05-15 09:48:29.922,0.2,sell,8043.18,BTC-31MAY19-8500-C,113.8,0.0715,0.2,3,1557913709922,20689458,176
2019-05-15 09:48:30.105,0.2,sell,8043.18,BTC-31MAY19-8500-C,113.8,0.0715,0.2,3,1557913710105,20689459,177
2019-05-15 09:48:31.617,1.7,sell,8042.91,BTC-31MAY19-8500-C,113.82,0.0715,1.7,3,1557913711617,20689460,178
2019-05-15 09:49:10.293,1.0,sell,8053.22,BTC-31MAY19-8500-C,111.41,0.07,1.0,2,1557913750293,20689601,179
2019-05-15 09:49:10.590,1.0,sell,8053.22,BTC-31MAY19-8500-C,111.41,0.07,1.0,3,1557913750590,20689602,180
2019-05-15 09:49:10.895,1.0,sell,8053.22,BTC-31MAY19-8500-C,111.41,0.07,1.0,3,1557913750895,20689603,181
2019-05-15 09:49:11.272,1.0,sell,8053.89,BTC-31MAY19-8500-C,111.38,0.07,1.0,3,1557913751272,20689604,182
2019-05-15 10:40:36.021,0.2,sell,8081.9,BTC-31MAY19-8500-C,109.88,0.07,0.2,3,1557916836021,20697738,183
2019-05-15 10:53:39.848,0.2,sell,8073.36,BTC-31MAY19-8500-C,110.41,0.07,0.2,3,1557917619848,20698524,184
2019-05-15 10:56:14.146,0.1,sell,8073.31,BTC-31MAY19-8500-C,110.42,0.07,0.1,3,1557917774146,20698708,185
2019-05-15 11:00:28.619,0.2,sell,8061.46,BTC-31MAY19-8500-C,111.11,0.07,0.2,3,1557918028619,20699090,186
2019-05-15 11:21:33.438,0.2,sell,8041.98,BTC-31MAY19-8500-C,112.29,0.07,0.2,3,1557919293438,20700605,187
2019-05-15 11:22:35.198,0.1,sell,8038.06,BTC-31MAY19-8500-C,112.52,0.07,0.1,3,1557919355198,20700697,188
2019-05-15 11:23:29.695,0.2,sell,8005.9,BTC-31MAY19-8500-C,114.36,0.07,0.2,3,1557919409695,20700955,189
2019-05-15 11:23:30.282,4.0,sell,8005.73,BTC-31MAY19-8500-C,114.37,0.07,4.0,3,1557919410282,20700971,190
2019-05-15 11:23:41.515,0.2,sell,8011.46,BTC-31MAY19-8500-C,114.05,0.07,0.2,3,1557919421515,20701064,191
2019-05-15 11:24:48.610,1.0,sell,8007.96,BTC-31MAY19-8500-C,114.25,0.07,1.0,3,1557919488610,20701213,192
2019-05-15 11:25:18.168,1.0,sell,7987.67,BTC-31MAY19-8500-C,115.41,0.07,1.0,3,1557919518168,20701384,193
2019-05-15 11:27:11.303,3.6,sell,7995.8,BTC-31MAY19-8500-C,114.95,0.07,3.6,3,1557919631303,20701719,194
2019-05-15 19:22:43.149,0.6,buy,8180.86,BTC-31MAY19-8500-C,104.07,0.069,0.6,2,1557948163149,20765856,195
2019-05-15 20:31:57.054,0.4,sell,8187.74,BTC-31MAY19-8500-C,97.1,0.0635,0.4,2,1557952317054,20776598,196
2019-05-15 20:32:01.673,1.6,buy,8180.43,BTC-31MAY19-8500-C,96.93,0.063,1.6,2,1557952321673,20776621,197
2019-05-15 20:33:56.001,2.0,buy,8182.85,BTC-31MAY19-8500-C,99.23,0.065,2.0,0,1557952436001,20777377,198
2019-05-15 20:38:27.094,0.4,sell,8161.33,BTC-31MAY19-8500-C,96.86,0.062,0.4,2,1557952707094,20778584,199
2019-05-15 20:38:27.094,15.0,sell,8161.33,BTC-31MAY19-8500-C,96.24,0.0615,15.0,2,1557952707094,20778585,200
2019-05-15 20:38:31.099,0.6,buy,8160.09,BTC-31MAY19-8500-C,96.32,0.0615,0.6,3,1557952711099,20778589,201
2019-05-15 23:29:55.618,15.0,sell,8185.95,BTC-31MAY19-8500-C,96.99,0.063,15.0,0,1557962995618,20795512,202
2019-05-15 23:31:03.478,0.4,sell,8180.46,BTC-31MAY19-8500-C,96.09,0.062,0.4,2,1557963063478,20795770,203
2019-05-15 23:31:03.478,1.6,sell,8180.46,BTC-31MAY19-8500-C,95.48,0.0615,1.6,2,1557963063478,20795771,204
2019-05-16 02:02:22.105,1.0,buy,8326.29,BTC-31MAY19-8500-C,103.39,0.075,1.0,0,1557972142105,20830158,205
2019-05-16 02:32:50.241,0.2,sell,8314.13,BTC-31MAY19-8500-C,105.46,0.076,0.2,0,1557973970241,20833206,206
2019-05-16 02:38:45.174,14.8,sell,8299.78,BTC-31MAY19-8500-C,106.37,0.076,14.8,1,1557974325174,20833508,207
2019-05-16 02:38:45.206,15.0,sell,8299.78,BTC-31MAY19-8500-C,105.76,0.0755,15.0,2,1557974325206,20833509,208
2019-05-16 02:42:09.631,14.0,sell,8296.72,BTC-31MAY19-8500-C,105.34,0.075,14.0,2,1557974529631,20833698,209
2019-05-16 03:03:00.816,1.0,sell,8297.35,BTC-31MAY19-8500-C,104.74,0.0745,1.0,2,1557975780816,20834949,210
2019-05-16 03:20:29.951,2.0,sell,8278.55,BTC-31MAY19-8500-C,105.96,0.0745,2.0,3,1557976829951,20835535,211
2019-05-16 03:21:44.808,0.3,sell,8280.7,BTC-31MAY19-8500-C,105.83,0.0745,0.3,3,1557976904808,20835694,212
2019-05-16 03:27:20.156,1.0,sell,8282.82,BTC-31MAY19-8500-C,105.71,0.0745,1.0,3,1557977240156,20836308,213
2019-05-16 03:31:11.440,3.0,sell,8261.96,BTC-31MAY19-8500-C,107.01,0.0745,3.0,3,1557977471440,20836539,214
2019-05-16 03:34:54.742,0.4,sell,8250.72,BTC-31MAY19-8500-C,107.72,0.0745,0.4,3,1557977694742,20836948,215
2019-05-16 03:35:26.351,7.3,sell,8245.41,BTC-31MAY19-8500-C,108.05,0.0745,7.3,3,1557977726351,20837049,216
2019-05-16 03:36:23.677,15.0,sell,8243.16,BTC-31MAY19-8500-C,107.58,0.07400000000000001,15.0,2,1557977783677,20837191,217
2019-05-16 03:52:18.243,1.0,sell,8229.42,BTC-31MAY19-8500-C,107.85,0.0735,1.0,2,1557978738243,20838643,218
2019-05-16 03:52:23.005,5.0,sell,8229.29,BTC-31MAY19-8500-C,107.86,0.0735,5.0,3,1557978743005,20838646,219
2019-05-16 03:52:33.738,9.0,sell,8231.49,BTC-31MAY19-8500-C,107.72,0.0735,9.0,3,1557978753738,20838659,220
2019-05-16 04:33:52.673,0.1,sell,8034.29,BTC-31MAY19-8500-C,99.19,0.057,0.1,2,1557981232673,20850031,221
2019-05-16 04:33:52.676,4.9,buy,8034.29,BTC-31MAY19-8500-C,99.19,0.057,4.9,3,1557981232676,20850032,222
2019-05-16 05:07:05.555,1.0,buy,8023.11,BTC-31MAY19-8500-C,108.03,0.0635,1.0,0,1557983225555,20865666,223
2019-05-16 11:19:55.292,0.1,sell,7864.78,BTC-31MAY19-8500-C,100.24,0.0495,0.1,2,1558005595292,20917028,224
2019-05-16 14:31:28.640,1.0,buy,7986.35,BTC-31MAY19-8500-C,104.65,0.057999999999999996,1.0,0,1558017088640,20938798,225
2019-05-16 16:11:18.673,1.0,buy,8029.25,BTC-31MAY19-8500-C,104.92,0.06,1.0,1,1558023078673,20948849,227
2019-05-16 16:11:18.673,1.0,buy,8029.25,BTC-31MAY19-8500-C,104.92,0.06,1.0,0,1558023078673,20948848,226
2019-05-16 17:01:03.396,2.2,sell,7913.3,BTC-31MAY19-8500-C,104.77,0.0545,2.2,2,1558026063396,20955167,228
2019-05-16 17:37:25.357,2.6,sell,7911.04,BTC-31MAY19-8500-C,103.05,0.053,2.6,2,1558028245357,20958397,229
2019-05-16 17:57:26.392,1.0,sell,7922.13,BTC-31MAY19-8500-C,102.46,0.053,1.0,3,1558029446392,20960556,230
2019-05-16 20:53:18.998,3.8,sell,7793.82,BTC-31MAY19-8500-C,102.28,0.047,3.8,2,1558039998998,20978181,231
2019-05-16 23:59:01.957,5.0,sell,7881.48,BTC-31MAY19-8500-C,100.45,0.049,5.0,0,1558051141957,21002223,232
2019-05-17 05:29:09.045,4.0,buy,7256.23,BTC-31MAY19-8500-C,114.48,0.0345,4.0,2,1558070949045,21112644,233
2019-05-17 07:07:24.276,0.1,buy,7281.27,BTC-31MAY19-8500-C,106.55,0.03,0.1,2,1558076844276,21125230,234
2019-05-17 07:47:04.590,10.0,buy,7344.7,BTC-31MAY19-8500-C,103.48,0.03,10.0,3,1558079224590,21128573,235
2019-05-17 07:49:43.990,10.0,buy,7321.43,BTC-31MAY19-8500-C,104.66,0.03,10.0,3,1558079383990,21128836,236
2019-05-17 08:22:03.316,5.0,sell,7287.17,BTC-31MAY19-8500-C,104.09,0.0285,5.0,2,1558081323316,21132848,237
2019-05-17 08:56:11.085,5.0,buy,7286.99,BTC-31MAY19-8500-C,106.55,0.03,5.0,0,1558083371085,21135130,238
2019-05-17 13:39:28.628,0.3,buy,7142.64,BTC-31MAY19-8500-C,107.14,0.0255,0.3,2,1558100368628,21177536,239
2019-05-17 13:53:01.138,5.0,buy,7142.63,BTC-31MAY19-8500-C,110.52,0.0275,5.0,0,1558101181138,21178614,240
2019-05-17 15:52:52.429,2.0,sell,7092.55,BTC-31MAY19-8500-C,102.05,0.021,2.0,2,1558108372429,21189921,241
2019-05-17 15:52:57.898,1.0,buy,7091.5,BTC-31MAY19-8500-C,103.0,0.0215,1.0,0,1558108377898,21190023,242
2019-05-17 16:18:28.544,3.0,buy,7120.13,BTC-31MAY19-8500-C,107.82,0.025,3.0,0,1558109908544,21195482,243
2019-05-17 16:20:26.961,2.0,buy,7152.1,BTC-31MAY19-8500-C,106.26,0.025,2.0,1,1558110026961,21196029,244
2019-05-17 18:44:26.865,1.0,sell,7056.83,BTC-31MAY19-8500-C,103.28,0.0205,1.0,2,1558118666865,21218472,245
2019-05-17 20:40:46.832,1.5,buy,7088.57,BTC-31MAY19-8500-C,106.59,0.023,1.5,0,1558125646832,21229877,246
2019-05-17 22:42:22.797,1.0,buy,7242.09,BTC-31MAY19-8500-C,107.85,0.027999999999999997,1.0,0,1558132942797,21244216,247
2019-05-17 23:08:38.799,0.1,sell,7267.61,BTC-31MAY19-8500-C,101.67,0.025,0.1,2,1558134518799,21245063,248
2019-05-18 05:31:11.254,0.1,buy,7472.0,BTC-31MAY19-8500-C,103.47,0.032,0.1,0,1558157471254,21272787,249
2019-05-18 17:48:23.400,2.3000000000000003,buy,7296.33,BTC-31MAY19-8500-C,108.38,0.027999999999999997,2.3000000000000003,2,1558201703400,21311197,250
2019-05-18 19:50:09.868,2.4,buy,7267.83,BTC-31MAY19-8500-C,109.39,0.0275,2.4,2,1558209009868,21315238,251
2019-05-18 19:50:09.868,14.6,buy,7267.83,BTC-31MAY19-8500-C,110.24,0.027999999999999997,14.6,0,1558209009868,21315239,252
2019-05-18 21:53:57.454,16.0,sell,7344.73,BTC-31MAY19-8500-C,102.35,0.0255,16.0,2,1558216437454,21319586,253
2019-05-19 01:12:56.359,0.1,buy,7399.62,BTC-31MAY19-8500-C,102.59,0.027000000000000003,0.1,0,1558228376359,21328146,254
2019-05-19 04:22:21.525,1.0,sell,7904.06,BTC-31MAY19-8500-C,109.13,0.05,1.0,0,1558239741525,21368073,255
2019-05-19 05:17:00.316,1.5,buy,7979.02,BTC-31MAY19-8500-C,116.57,0.0585,1.5,0,1558243020316,21374888,256
2019-05-19 16:54:27.450,5.0,sell,7939.94,BTC-31MAY19-8500-C,101.26,0.0445,5.0,3,1558284867450,21437607,258
2019-05-19 16:54:27.450,12.0,sell,7939.94,BTC-31MAY19-8500-C,101.26,0.0445,12.0,2,1558284867450,21437606,257
2019-05-19 17:04:21.189,12.0,sell,7940.33,BTC-31MAY19-8500-C,99.06,0.043,12.0,2,1558285461189,21437881,259
2019-05-19 17:09:20.428,2.0,sell,7957.58,BTC-31MAY19-8500-C,98.72,0.0435,2.0,0,1558285760428,21438073,260
2019-05-19 17:19:10.317,12.0,sell,7961.86,BTC-31MAY19-8500-C,97.02,0.0425,12.0,2,1558286350317,21438328,261
2019-05-19 17:19:10.317,1.7,sell,7961.86,BTC-31MAY19-8500-C,97.02,0.0425,1.7,3,1558286350317,21438329,262
2019-05-19 17:20:30.953,1.0,sell,7960.98,BTC-31MAY19-8500-C,97.08,0.0425,1.0,3,1558286430953,21438385,263
2019-05-19 17:27:28.030,2.6,sell,7979.61,BTC-31MAY19-8500-C,97.38,0.0435,2.6,0,1558286848030,21438957,264
2019-05-19 17:34:59.178,2.7,sell,7974.4,BTC-31MAY19-8500-C,96.27,0.0425,2.7,2,1558287299178,21439297,265
2019-05-19 17:42:41.270,0.2,sell,8013.28,BTC-31MAY19-8500-C,95.28,0.0435,0.2,0,1558287761270,21440378,266
2019-05-19 17:48:18.541,0.1,buy,7990.03,BTC-31MAY19-8500-C,97.51,0.044000000000000004,0.1,0,1558288098541,21441156,267
2019-05-19 18:52:16.988,2.0,sell,7980.47,BTC-31MAY19-8500-C,98.31,0.044000000000000004,2.0,2,1558291936988,21443340,269
2019-05-19 18:52:16.988,2.0,sell,7980.47,BTC-31MAY19-8500-C,99.77,0.045,2.0,0,1558291936988,21443339,268
2019-05-19 18:52:16.988,1.4,sell,7980.47,BTC-31MAY19-8500-C,96.84,0.043,1.4,2,1558291936988,21443341,270
2019-05-19 22:30:21.767,5.0,sell,8079.71,BTC-31MAY19-8500-C,97.58,0.0475,5.0,1,1558305021767,21460977,272
2019-05-19 22:30:21.767,12.0,sell,8079.71,BTC-31MAY19-8500-C,97.58,0.0475,12.0,0,1558305021767,21460976,271
2019-05-19 22:45:02.160,21.1,sell,8206.81,BTC-31MAY19-8500-C,97.62,0.0535,21.1,0,1558305902160,21466869,273
2019-05-19 23:09:28.078,6.0,sell,8241.29,BTC-31MAY19-8500-C,105.96,0.061,6.0,0,1558307368078,21476336,274
2019-05-20 00:01:09.680,12.0,sell,8190.26,BTC-31MAY19-8500-C,99.0,0.0535,12.0,2,1558310469680,21486569,275
2019-05-20 00:45:21.063,0.6,sell,7852.45,BTC-31MAY19-8500-C,106.01,0.043,0.6,2,1558313121063,21504470,276
2019-05-20 06:56:34.950,0.1,buy,7898.38,BTC-31MAY19-8500-C,108.85,0.046,0.1,0,1558335394950,21536513,277
2019-05-20 08:05:03.255,1.0,sell,7862.82,BTC-31MAY19-8500-C,105.29,0.042,1.0,2,1558339503255,21545308,278
2019-05-20 08:05:56.281,1.0,sell,7854.59,BTC-31MAY19-8500-C,105.82,0.042,1.0,3,1558339556281,21545546,279
2019-05-20 08:52:00.656,1.0,sell,7793.19,BTC-31MAY19-8500-C,106.75,0.04,1.0,2,1558342320656,21550852,280
2019-05-20 10:36:15.653,2.9,buy,7939.78,BTC-31MAY19-8500-C,106.15,0.0455,2.9,0,1558348575653,21560800,282
2019-05-20 10:36:15.653,5.0,buy,7939.78,BTC-31MAY19-8500-C,105.4,0.045,5.0,0,1558348575653,21560799,281
2019-05-20 10:49:36.195,9.1,buy,7908.58,BTC-31MAY19-8500-C,107.48,0.045,9.1,2,1558349376195,21561263,283
2019-05-20 12:34:04.007,2.5,sell,7823.22,BTC-31MAY19-8500-C,105.62,0.04,2.5,2,1558355644007,21568299,284
2019-05-20 12:34:07.792,3.5,sell,7818.52,BTC-31MAY19-8500-C,105.92,0.04,3.5,3,1558355647792,21568307,285
2019-05-20 13:05:40.183,1.0,sell,7689.96,BTC-31MAY19-8500-C,106.86,0.0355,1.0,2,1558357540183,21578584,286
2019-05-20 13:21:26.098,24.0,buy,7696.64,BTC-31MAY19-8500-C,110.52,0.038,24.0,0,1558358486098,21585732,287
2019-05-20 13:21:26.098,5.0,buy,7696.64,BTC-31MAY19-8500-C,110.52,0.038,5.0,1,1558358486098,21585734,289
2019-05-20 13:21:26.098,2.0,buy,7696.64,BTC-31MAY19-8500-C,110.52,0.038,2.0,1,1558358486098,21585733,288
2019-05-20 13:23:47.671,2.9,buy,7695.62,BTC-31MAY19-8500-C,110.59,0.038,2.9,1,1558358627671,21586227,290
2019-05-20 13:25:55.903,24.0,buy,7713.79,BTC-31MAY19-8500-C,112.66,0.04,24.0,0,1558358755903,21586525,291
2019-05-20 13:25:55.903,5.0,buy,7713.79,BTC-31MAY19-8500-C,112.66,0.04,5.0,1,1558358755903,21586526,292
2019-05-20 13:34:15.831,2.8000000000000003,buy,7688.72,BTC-31MAY19-8500-C,114.24,0.04,2.8000000000000003,1,1558359255831,21587335,293
2019-05-20 13:34:16.262,19.9,sell,7690.05,BTC-31MAY19-8500-C,114.16,0.04,19.9,1,1558359256262,21587336,294
2019-05-20 13:34:16.268,4.3,sell,7690.05,BTC-31MAY19-8500-C,114.16,0.04,4.3,1,1558359256268,21587337,295
2019-05-20 13:35:30.502,5.0,buy,7688.67,BTC-31MAY19-8500-C,114.25,0.04,5.0,1,1558359330502,21587454,296
2019-05-20 13:38:31.806,1.0,buy,7661.76,BTC-31MAY19-8500-C,115.13,0.0395,1.0,2,1558359511806,21587843,297
2019-05-20 13:38:31.806,24.0,buy,7661.76,BTC-31MAY19-8500-C,115.13,0.0395,24.0,3,1558359511806,21587844,298
2019-05-20 13:43:29.213,2.8000000000000003,buy,7713.74,BTC-31MAY19-8500-C,115.88,0.042,2.8000000000000003,0,1558359809213,21588578,299
2019-05-20 13:48:41.038,24.0,buy,7733.47,BTC-31MAY19-8500-C,118.58,0.0445,24.0,0,1558360121038,21589365,300
2019-05-20 13:48:41.038,5.0,buy,7733.47,BTC-31MAY19-8500-C,118.58,0.0445,5.0,1,1558360121038,21589366,301
2019-05-20 14:04:11.019,14.2,buy,7753.66,BTC-31MAY19-8500-C,118.13,0.045,14.2,1,1558361051019,21590869,303
2019-05-20 14:04:11.019,2.7,buy,7753.66,BTC-31MAY19-8500-C,118.13,0.045,2.7,0,1558361051019,21590868,302
2019-05-20 14:04:11.022,3.1,sell,7753.66,BTC-31MAY19-8500-C,118.13,0.045,3.1,1,1558361051022,21590870,304
2019-05-20 14:59:36.968,3.0,sell,7821.37,BTC-31MAY19-8500-C,111.69,0.0435,3.0,2,1558364376968,21595464,305
2019-05-20 15:05:00.293,1.0,sell,7794.91,BTC-31MAY19-8500-C,107.93,0.04,1.0,2,1558364700293,21596047,306
2019-05-20 16:57:49.341,0.8,buy,7860.51,BTC-31MAY19-8500-C,115.75,0.0475,0.8,1,1558371469341,21603235,309
2019-05-20 16:57:49.341,14.2,buy,7860.51,BTC-31MAY19-8500-C,115.75,0.0475,14.2,0,1558371469341,21603233,307
2019-05-20 16:57:49.341,5.0,buy,7860.51,BTC-31MAY19-8500-C,115.75,0.0475,5.0,1,1558371469341,21603234,308
2019-05-20 18:29:20.645,6.0,buy,7788.16,BTC-31MAY19-8500-C,112.23,0.042,6.0,2,1558376960645,21608667,310
2019-05-20 18:29:20.645,5.0,buy,7788.16,BTC-31MAY19-8500-C,112.23,0.042,5.0,3,1558376960645,21608668,311
2019-05-20 18:42:01.610,2.0,sell,7700.58,BTC-31MAY19-8500-C,110.63,0.0375,2.0,2,1558377721610,21609893,312
2019-05-20 18:45:58.508,10.0,buy,7742.07,BTC-31MAY19-8500-C,111.26,0.0395,10.0,0,1558377958508,21610217,313
2019-05-20 18:45:58.508,5.0,buy,7742.07,BTC-31MAY19-8500-C,111.26,0.0395,5.0,1,1558377958508,21610218,314
2019-05-20 18:59:52.720,2.0,sell,7731.29,BTC-31MAY19-8500-C,106.35,0.036000000000000004,2.0,2,1558378792720,21611744,315
2019-05-20 21:01:13.355,5.0,buy,8040.56,BTC-31MAY19-8500-C,106.84,0.049,5.0,0,1558386073355,21625776,316
2019-05-20 21:02:25.287,1.1,sell,8079.49,BTC-31MAY19-8500-C,111.69,0.054000000000000006,1.1,0,1558386145287,21626634,317
2019-05-20 22:04:47.045,1.1,buy,8095.03,BTC-31MAY19-8500-C,104.8,0.05,1.1,2,1558389887045,21639730,318
2019-05-20 23:20:40.455,0.1,buy,7979.03,BTC-31MAY19-8500-C,112.34,0.0495,0.1,2,1558394440455,21649769,319
2019-05-21 01:00:51.495,3.0,sell,7954.39,BTC-31MAY19-8500-C,101.21,0.040999999999999995,3.0,2,1558400451495,21657295,320
2019-05-21 03:19:44.489,0.5,sell,7916.95,BTC-31MAY19-8500-C,101.82,0.0395,0.5,2,1558408784489,21665461,321
2019-05-21 04:19:54.492,0.5,sell,7924.24,BTC-31MAY19-8500-C,101.54,0.0395,0.5,3,1558412394492,21668332,322
2019-05-21 14:49:55.994,1.0,sell,7918.84,BTC-31MAY19-8500-C,94.34,0.0335,1.0,2,1558450195994,21701633,323
2019-05-21 16:32:49.691,1.0,sell,7929.92,BTC-31MAY19-8500-C,94.78,0.034,1.0,0,1558456369691,21707730,324
2019-05-21 19:50:13.004,1.0,sell,8035.18,BTC-31MAY19-8500-C,94.8,0.038,1.0,0,1558468213004,21720088,325
2019-05-21 21:57:57.143,2.0,sell,7996.13,BTC-31MAY19-8500-C,97.16,0.0375,2.0,2,1558475877143,21728855,326
2019-05-21 22:00:48.280,4.0,sell,7981.41,BTC-31MAY19-8500-C,98.2,0.0375,4.0,3,1558476048280,21729078,327
2019-05-22 05:35:47.838,1.0,buy,7950.22,BTC-31MAY19-8500-C,96.17,0.034,1.0,2,1558503347838,21748554,328
2019-05-22 10:08:29.680,1.0,buy,7872.54,BTC-31MAY19-8500-C,98.2,0.0315,1.0,2,1558519709680,21757058,329
2019-05-22 12:26:13.668,2.1,sell,7837.11,BTC-31MAY19-8500-C,93.97,0.0275,2.1,2,1558527973668,21770369,330
2019-05-22 12:26:18.642,4.0,buy,7838.41,BTC-31MAY19-8500-C,93.89,0.0275,4.0,3,1558527978642,21770378,331
2019-05-22 12:26:20.235,1.9,buy,7838.97,BTC-31MAY19-8500-C,93.85,0.0275,1.9,3,1558527980235,21770381,332
2019-05-22 15:22:01.408,1.0,buy,7961.57,BTC-31MAY19-8500-C,91.5,0.0305,1.0,0,1558538521408,21779739,333
2019-05-22 19:28:14.531,4.1,buy,7888.73,BTC-31MAY19-8500-C,93.89,0.0285,4.1,2,1558553294531,21796708,334
2019-05-22 21:07:38.821,5.0,buy,7806.42,BTC-31MAY19-8500-C,95.23,0.026000000000000002,5.0,2,1558559258821,21819842,335
2019-05-22 22:19:37.128,0.1,sell,7663.71,BTC-31MAY19-8500-C,94.01,0.0205,0.1,2,1558563577128,21838975,336
2019-05-22 23:36:02.589,3.8,sell,7680.44,BTC-31MAY19-8500-C,93.25,0.0205,3.8,3,1558568162589,21847309,337
2019-05-22 23:36:02.589,16.0,sell,7680.44,BTC-31MAY19-8500-C,92.22,0.02,16.0,2,1558568162589,21847310,338
2019-05-23 02:36:17.197,1.0,buy,7657.09,BTC-31MAY19-8500-C,98.52,0.022000000000000002,1.0,0,1558578977197,21862654,339
2019-05-23 03:10:07.797,1.0,sell,7641.21,BTC-31MAY19-8500-C,98.66,0.0215,1.0,2,1558581007797,21864252,340
2019-05-23 09:10:46.325,1.0,sell,7528.6,BTC-31MAY19-8500-C,95.22,0.016,1.0,2,1558602646325,21883487,341
2019-05-23 09:12:21.369,2.0,sell,7505.18,BTC-31MAY19-8500-C,96.65,0.016,2.0,3,1558602741369,21883941,342
2019-05-23 12:08:49.117,3.6,sell,7570.82,BTC-31MAY19-8500-C,91.02,0.015,3.6,2,1558613329117,21895945,343
2019-05-23 12:08:49.139,3.1,sell,7570.5,BTC-31MAY19-8500-C,91.04,0.015,3.1,3,1558613329139,21895946,344
2019-05-23 12:08:49.144,3.3000000000000003,sell,7570.5,BTC-31MAY19-8500-C,91.04,0.015,3.3000000000000003,3,1558613329144,21895947,345
2019-05-23 12:08:49.369,2.5,buy,7570.5,BTC-31MAY19-8500-C,91.04,0.015,2.5,3,1558613329369,21895957,348
2019-05-23 12:08:49.369,4.7,buy,7570.5,BTC-31MAY19-8500-C,91.04,0.015,4.7,3,1558613329369,21895955,346
2019-05-23 12:08:49.369,2.8000000000000003,buy,7570.5,BTC-31MAY19-8500-C,91.04,0.015,2.8000000000000003,3,1558613329369,21895956,347
2019-05-23 12:09:27.977,8.8,buy,7571.23,BTC-31MAY19-8500-C,90.99,0.015,8.8,3,1558613367977,21895972,351
2019-05-23 12:09:27.977,0.4,buy,7571.23,BTC-31MAY19-8500-C,90.99,0.015,0.4,3,1558613367977,21895971,350
2019-05-23 12:09:27.977,0.8,buy,7571.23,BTC-31MAY19-8500-C,90.99,0.015,0.8,3,1558613367977,21895970,349
2019-05-23 12:17:39.218,1.2,buy,7589.18,BTC-31MAY19-8500-C,89.93,0.015,1.2,3,1558613859218,21896234,352
2019-05-23 12:17:39.218,8.8,buy,7589.18,BTC-31MAY19-8500-C,89.93,0.015,8.8,3,1558613859218,21896235,353
2019-05-23 12:17:45.736,5.4,buy,7588.6,BTC-31MAY19-8500-C,89.97,0.015,5.4,3,1558613865736,21896245,355
2019-05-23 12:17:45.736,2.1,buy,7588.6,BTC-31MAY19-8500-C,89.97,0.015,2.1,3,1558613865736,21896246,356
2019-05-23 12:17:45.736,2.5,buy,7588.6,BTC-31MAY19-8500-C,89.97,0.015,2.5,3,1558613865736,21896244,354
2019-05-23 12:39:30.524,1.0,buy,7603.28,BTC-31MAY19-8500-C,89.15,0.015,1.0,3,1558615170524,21897183,361
2019-05-23 12:39:30.524,1.5,buy,7603.28,BTC-31MAY19-8500-C,89.15,0.015,1.5,3,1558615170524,21897179,357
2019-05-23 12:39:30.524,4.7,buy,7603.28,BTC-31MAY19-8500-C,89.15,0.015,4.7,3,1558615170524,21897182,360
2019-05-23 12:39:30.524,0.7000000000000001,buy,7603.28,BTC-31MAY19-8500-C,89.15,0.015,0.7000000000000001,3,1558615170524,21897180,358
2019-05-23 12:39:30.524,2.1,buy,7603.28,BTC-31MAY19-8500-C,89.15,0.015,2.1,3,1558615170524,21897181,359
2019-05-23 12:40:03.372,2.1,buy,7607.54,BTC-31MAY19-8500-C,88.89,0.015,2.1,3,1558615203372,21897215,364
2019-05-23 12:40:03.372,1.7,buy,7607.54,BTC-31MAY19-8500-C,88.89,0.015,1.7,3,1558615203372,21897214,363
2019-05-23 12:40:03.372,1.6,buy,7607.54,BTC-31MAY19-8500-C,88.89,0.015,1.6,3,1558615203372,21897213,362
2019-05-23 12:40:03.372,4.7,buy,7607.54,BTC-31MAY19-8500-C,88.89,0.015,4.7,3,1558615203372,21897216,365
2019-05-23 12:40:32.136,3.1,buy,7610.97,BTC-31MAY19-8500-C,88.68,0.015,3.1,3,1558615232136,21897248,366
2019-05-23 12:40:32.136,2.9,buy,7610.97,BTC-31MAY19-8500-C,88.68,0.015,2.9,3,1558615232136,21897249,367
2019-05-23 14:08:54.602,5.0,buy,7728.75,BTC-31MAY19-8500-C,90.47,0.019,5.0,0,1558620534602,21903180,368
2019-05-23 16:09:50.839,1.0,buy,7811.83,BTC-31MAY19-8500-C,90.63,0.0215,1.0,0,1558627790839,21916457,369
2019-05-23 16:43:54.589,0.3,buy,7829.82,BTC-31MAY19-8500-C,88.52,0.021,0.3,2,1558629834589,21919074,370
2019-05-23 19:33:30.282,3.0,sell,7750.83,BTC-31MAY19-8500-C,85.98,0.017,3.0,3,1558640010282,21928325,373
2019-05-23 19:33:30.282,16.0,sell,7750.83,BTC-31MAY19-8500-C,85.98,0.017,16.0,3,1558640010282,21928324,372
2019-05-23 19:33:30.282,1.0,sell,7750.83,BTC-31MAY19-8500-C,85.98,0.017,1.0,2,1558640010282,21928323,371
2019-05-23 19:53:37.954,2.0,sell,7774.52,BTC-31MAY19-8500-C,84.51,0.017,2.0,3,1558641217954,21928821,374
2019-05-23 20:50:07.841,10.0,sell,7842.01,BTC-31MAY19-8500-C,91.76,0.0225,10.0,0,1558644607841,21932858,375
2019-05-23 21:39:33.779,5.0,buy,7910.67,BTC-31MAY19-8500-C,90.12,0.024,5.0,0,1558647573779,21937295,376
2019-05-23 21:49:45.971,0.1,buy,7944.34,BTC-31MAY19-8500-C,93.59,0.027000000000000003,0.1,0,1558648185971,21939020,377
2019-05-24 03:47:07.474,10.0,buy,7877.35,BTC-31MAY19-8500-C,95.15,0.0245,10.0,2,1558669627474,21961188,378
2019-05-24 08:08:29.886,1.0,sell,7909.0,BTC-31MAY19-8500-C,88.89,0.022000000000000002,1.0,2,1558685309886,21969573,379
2019-05-24 08:09:24.306,1.0,sell,7920.78,BTC-31MAY19-8500-C,89.06,0.0225,1.0,0,1558685364306,21969822,380
2019-05-24 08:19:20.368,0.1,buy,7940.94,BTC-31MAY19-8500-C,89.67,0.0235,0.1,0,1558685960368,21970617,381
2019-05-24 09:29:46.455,0.3,sell,7969.19,BTC-31MAY19-8500-C,89.89,0.0245,0.3,0,1558690186455,21977061,382
2019-05-24 09:45:31.844,1.2,sell,7949.74,BTC-31MAY19-8500-C,91.44,0.0245,1.2,1,1558691131844,21977769,383
2019-05-24 09:54:15.040,6.0,sell,7960.14,BTC-31MAY19-8500-C,85.58,0.022,6.0,2,1558691655040,21977922,384
2019-05-24 11:04:57.503,0.6,sell,7992.94,BTC-31MAY19-8500-C,87.5,0.024,0.6,0,1558695897503,21981470,385
2019-05-24 11:06:33.167,0.1,sell,8000.79,BTC-31MAY19-8500-C,86.91,0.024,0.1,1,1558695993167,21981503,386
2019-05-24 11:32:46.977,1.0,buy,8043.45,BTC-31MAY19-8500-C,89.7,0.027000000000000003,1.0,1,1558697566977,21984584,388
2019-05-24 11:32:46.977,5.0,buy,8043.45,BTC-31MAY19-8500-C,89.7,0.027000000000000003,5.0,0,1558697566977,21984583,387
2019-05-24 11:37:51.722,0.1,buy,8050.46,BTC-31MAY19-8500-C,87.19,0.026000000000000002,0.1,2,1558697871722,21984891,389
2019-05-24 12:10:23.999,0.5,buy,8017.32,BTC-31MAY19-8500-C,87.93,0.025,0.5,2,1558699823999,21986313,390
2019-05-24 12:23:07.752,0.1,buy,8003.37,BTC-31MAY19-8500-C,90.08,0.0255,0.1,0,1558700587752,21986656,391
2019-05-24 12:31:11.950,0.4,buy,8016.48,BTC-31MAY19-8500-C,89.09,0.0255,0.4,1,1558701071950,21986919,392
2019-05-24 12:32:34.127,0.5,buy,8030.52,BTC-31MAY19-8500-C,89.0,0.026000000000000002,0.5,0,1558701154127,21987037,393
2019-05-24 14:14:51.944,1.0,sell,8007.06,BTC-31MAY19-8500-C,87.26,0.024,1.0,2,1558707291944,21991032,394
2019-05-24 15:16:38.151,1.0,buy,8143.89,BTC-31MAY19-8500-C,86.46,0.028999999999999998,1.0,0,1558710998151,21996740,395
2019-05-24 15:16:39.565,1.0,buy,8143.89,BTC-31MAY19-8500-C,86.46,0.028999999999999998,1.0,1,1558710999565,21996752,396
2019-05-24 15:18:03.062,0.1,buy,8145.18,BTC-31MAY19-8500-C,86.36,0.028999999999999998,0.1,1,1558711083062,21997027,397
2019-05-24 15:19:07.739,0.1,buy,8137.17,BTC-31MAY19-8500-C,87.03,0.028999999999999998,0.1,1,1558711147739,21997295,398
2019-05-24 15:19:14.231,0.1,buy,8135.13,BTC-31MAY19-8500-C,87.2,0.028999999999999998,0.1,1,1558711154231,21997298,399
2019-05-24 15:20:42.099,2.7,buy,8146.95,BTC-31MAY19-8500-C,86.23,0.028999999999999998,2.7,1,1558711242099,21997605,400
2019-05-24 15:21:38.675,2.0,buy,8136.89,BTC-31MAY19-8500-C,88.04,0.0295,2.0,0,1558711298675,21997737,401
2019-05-24 15:27:42.439,0.1,buy,8131.01,BTC-31MAY19-8500-C,94.36,0.0325,0.1,0,1558711662439,21998472,402
2019-05-24 15:45:16.438,1.0,buy,8114.84,BTC-31MAY19-8500-C,93.87,0.0315,1.0,2,1558712716438,21999486,403
2019-05-24 16:10:32.720,0.4,buy,8174.16,BTC-31MAY19-8500-C,92.81,0.0335,0.4,0,1558714232720,22001819,404
2019-05-24 16:29:04.953,0.1,buy,8161.07,BTC-31MAY19-8500-C,94.03,0.0335,0.1,1,1558715344953,22003359,405
2019-05-24 19:44:44.771,0.5,sell,8030.38,BTC-31MAY19-8500-C,89.0,0.025,0.5,2,1558727084771,22014788,406
2019-05-24 20:22:52.108,0.4,sell,8091.19,BTC-31MAY19-8500-C,89.3,0.0275,0.4,0,1558729372108,22016813,407
2019-05-24 20:22:52.108,0.6,sell,8091.19,BTC-31MAY19-8500-C,86.29,0.026000000000000002,0.6,2,1558729372108,22016814,408
2019-05-24 23:27:30.396,0.3,sell,7958.63,BTC-31MAY19-8500-C,93.69,0.024,0.3,2,1558740450396,22027784,409
2019-05-24 23:35:25.324,1.0,buy,7970.69,BTC-31MAY19-8500-C,96.99,0.026000000000000002,1.0,0,1558740925324,22029265,410
2019-05-24 23:35:25.324,1.0,buy,7970.69,BTC-31MAY19-8500-C,96.99,0.026000000000000002,1.0,1,1558740925324,22029266,411
2019-05-25 06:11:28.918,3.6,sell,7977.6,BTC-31MAY19-8500-C,85.54,0.02,3.6,2,1558764688918,22038993,412
2019-05-25 06:11:56.830,0.2,sell,7977.95,BTC-31MAY19-8500-C,85.52,0.02,0.2,3,1558764716830,22038995,413
2019-05-25 09:14:26.219,0.1,buy,8038.19,BTC-31MAY19-8500-C,91.38,0.0245,0.1,0,1558775666219,22044696,414
2019-05-25 09:16:56.259,2.0,buy,8035.07,BTC-31MAY19-8500-C,92.73,0.025,2.0,0,1558775816259,22044816,415
2019-05-25 09:17:21.096,0.1,sell,8034.92,BTC-31MAY19-8500-C,91.67,0.0245,0.1,2,1558775841096,22044820,416
2019-05-25 09:23:24.890,1.0,buy,8034.74,BTC-31MAY19-8500-C,92.79,0.025,1.0,0,1558776204890,22044903,417
2019-05-25 09:36:19.316,1.0,buy,8037.25,BTC-31MAY19-8500-C,95.85,0.0265,1.0,0,1558776979316,22045203,418
2019-05-25 09:45:13.391,0.8,buy,8051.74,BTC-31MAY19-8500-C,96.79,0.0275,0.8,0,1558777513391,22045380,419
2019-05-25 10:08:22.016,0.2,buy,8113.99,BTC-31MAY19-8500-C,91.55,0.0275,0.2,1,1558778902016,22047468,420
2019-05-25 11:16:33.778,1.0,buy,8148.58,BTC-31MAY19-8500-C,89.91,0.027999999999999997,1.0,0,1558782993778,22051287,421
2019-05-25 13:32:24.805,0.9,sell,8056.17,BTC-31MAY19-8500-C,92.35,0.025,0.9,2,1558791144805,22056547,422
2019-05-25 15:29:50.277,0.1,sell,8073.68,BTC-31MAY19-8500-C,84.94,0.022,0.1,2,1558798190277,22061695,423
2019-05-25 17:38:57.340,1.0,buy,8047.49,BTC-31MAY19-8500-C,94.5,0.025,1.0,0,1558805937340,22064889,424
2019-05-25 17:41:42.861,4.0,buy,8047.54,BTC-31MAY19-8500-C,94.52,0.025,4.0,1,1558806102861,22064991,425
2019-05-25 17:49:55.784,3.0,buy,8068.45,BTC-31MAY19-8500-C,94.93,0.026000000000000002,3.0,0,1558806595784,22065421,426
2019-05-25 18:02:08.901,3.0,buy,8080.8,BTC-31MAY19-8500-C,95.0,0.0265,3.0,0,1558807328901,22065745,427
2019-05-25 18:34:36.433,3.0,buy,8080.0,BTC-31MAY19-8500-C,95.27,0.0265,3.0,1,1558809276433,22067215,428
2019-05-25 18:35:24.844,1.0,buy,8083.24,BTC-31MAY19-8500-C,94.98,0.0265,1.0,1,1558809324844,22067253,429
2019-05-25 19:19:15.967,1.0,sell,8048.22,BTC-31MAY19-8500-C,89.46,0.0225,1.0,2,1558811955967,22069319,430
2019-05-25 20:41:16.985,4.0,buy,8048.56,BTC-31MAY19-8500-C,88.76,0.022000000000000002,4.0,2,1558816876985,22072949,431
2019-05-25 20:44:36.196,2.0,buy,8046.76,BTC-31MAY19-8500-C,88.94,0.022000000000000002,2.0,3,1558817076196,22073027,432
2019-05-25 21:25:56.345,0.2,sell,8064.4,BTC-31MAY19-8500-C,83.1,0.02,0.2,2,1558819556345,22074861,433
2019-05-25 22:40:22.302,0.3,buy,8073.66,BTC-31MAY19-8500-C,87.26,0.022000000000000002,0.3,0,1558824022302,22075885,434
2019-05-25 23:02:08.713,4.0,buy,8088.78,BTC-31MAY19-8500-C,86.06,0.022000000000000002,4.0,1,1558825328713,22076352,435
2019-05-25 23:19:19.927,1.0,buy,8070.69,BTC-31MAY19-8500-C,87.74,0.022000000000000002,1.0,1,1558826359927,22076734,436
2019-05-25 23:36:24.330,0.7000000000000001,buy,8044.67,BTC-31MAY19-8500-C,86.65,0.0205,0.7000000000000001,2,1558827384330,22077404,437
2019-05-26 06:35:27.667,0.4,sell,7968.08,BTC-31MAY19-8500-C,92.1,0.019,0.4,2,1558852527667,22088661,438
2019-05-26 06:43:03.104,1.0,sell,7975.56,BTC-31MAY19-8500-C,91.52,0.019,1.0,3,1558852983104,22089205,439
2019-05-26 06:49:37.601,10.0,buy,7974.05,BTC-31MAY19-8500-C,95.36,0.0205,10.0,0,1558853377601,22089399,440
2019-05-26 07:47:50.873,0.4,sell,8014.33,BTC-31MAY19-8500-C,88.59,0.019,0.4,2,1558856870873,22091648,441
2019-05-26 07:47:55.649,0.2,sell,8010.47,BTC-31MAY19-8500-C,88.92,0.019,0.2,3,1558856875649,22091657,442
2019-05-26 12:14:09.981,0.1,sell,7943.94,BTC-31MAY19-8500-C,86.02,0.015,0.1,2,1558872849981,22101661,443
2019-05-26 17:38:55.114,0.8,sell,8010.82,BTC-31MAY19-8500-C,87.62,0.017,0.8,0,1558892335114,22110954,444
2019-05-26 18:21:07.770,4.2,sell,8006.32,BTC-31MAY19-8500-C,88.3,0.017,4.2,1,1558894867770,22111446,445
2019-05-26 19:20:35.866,0.5,sell,8107.11,BTC-31MAY19-8500-C,84.59,0.019,0.5,0,1558898435866,22114966,446
2019-05-26 19:21:41.736,4.0,buy,8111.32,BTC-31MAY19-8500-C,92.83,0.0225,4.0,1,1558898501736,22115081,451
2019-05-26 19:21:41.736,0.1,buy,8111.32,BTC-31MAY19-8500-C,85.45,0.0195,0.1,0,1558898501736,22115077,447
2019-05-26 19:21:41.736,1.0,buy,8111.32,BTC-31MAY19-8500-C,92.83,0.0225,1.0,0,1558898501736,22115080,450
2019-05-26 19:21:41.736,0.5,buy,8111.32,BTC-31MAY19-8500-C,87.92,0.0205,0.5,0,1558898501736,22115078,448
2019-05-26 19:21:41.736,0.4,buy,8111.32,BTC-31MAY19-8500-C,87.92,0.0205,0.4,1,1558898501736,22115079,449
2019-05-26 19:26:08.241,0.1,buy,8157.87,BTC-31MAY19-8500-C,84.68,0.021,0.1,2,1558898768241,22116264,452
2019-05-26 19:26:08.241,4.9,buy,8157.87,BTC-31MAY19-8500-C,89.52,0.023,4.9,0,1558898768241,22116265,453
2019-05-26 19:28:43.505,0.1,buy,8199.47,BTC-31MAY19-8500-C,85.38,0.023,0.1,1,1558898923505,22119662,454
2019-05-26 19:30:44.122,3.8,buy,8288.23,BTC-31MAY19-8500-C,87.82,0.027999999999999997,3.8,0,1558899044122,22123580,455
2019-05-26 19:30:48.140,0.2,buy,8285.61,BTC-31MAY19-8500-C,88.1,0.027999999999999997,0.2,1,1558899048140,22123887,456
2019-05-26 19:31:38.178,0.1,buy,8323.98,BTC-31MAY19-8500-C,85.06,0.0285,0.1,0,1558899098178,22126507,457
2019-05-26 19:32:09.811,0.1,sell,8342.03,BTC-31MAY19-8500-C,81.91,0.027999999999999997,0.1,2,1558899129811,22127847,458
2019-05-26 19:32:41.046,5.0,buy,8361.03,BTC-31MAY19-8500-C,93.4,0.034,5.0,0,1558899161046,22129173,462
2019-05-26 19:32:41.046,4.4,buy,8361.03,BTC-31MAY19-8500-C,92.27,0.0335,4.4,0,1558899161046,22129170,459
2019-05-26 19:32:41.046,3.6,buy,8361.03,BTC-31MAY19-8500-C,95.67,0.035,3.6,0,1558899161046,22129174,463
2019-05-26 19:32:41.046,1.0,buy,8361.03,BTC-31MAY19-8500-C,92.27,0.0335,1.0,1,1558899161046,22129171,460
2019-05-26 19:32:41.046,1.0,buy,8361.03,BTC-31MAY19-8500-C,92.27,0.0335,1.0,1,1558899161046,22129172,461
2019-05-26 19:35:16.600,1.4,buy,8394.9,BTC-31MAY19-8500-C,91.75,0.035,1.4,1,1558899316600,22133486,464
2019-05-26 19:35:18.888,0.6,sell,8390.86,BTC-31MAY19-8500-C,92.22,0.035,0.6,1,1558899318888,22133532,465
2019-05-26 19:36:59.917,0.1,buy,8481.92,BTC-31MAY19-8500-C,89.08,0.0385,0.1,0,1558899419917,22137720,466
2019-05-26 19:37:58.413,0.4,buy,8501.81,BTC-31MAY19-8500-C,86.57,0.0385,0.4,1,1558899478413,22139730,467
2019-05-26 19:37:58.738,0.4,buy,8501.81,BTC-31MAY19-8500-C,86.57,0.0385,0.4,1,1558899478738,22139741,468
2019-05-26 19:37:59.437,0.1,buy,8501.81,BTC-31MAY19-8500-C,86.57,0.0385,0.1,1,1558899479437,22139745,469
2019-05-26 19:38:10.067,0.3,buy,8515.71,BTC-31MAY19-8500-C,78.01,0.0355,0.3,2,1558899490067,22140322,470
2019-05-26 19:38:11.651,0.4,buy,8521.02,BTC-31MAY19-8500-C,87.48,0.04,0.4,0,1558899491651,22140373,471
2019-05-26 19:38:11.805,0.4,buy,8521.02,BTC-31MAY19-8500-C,87.48,0.04,0.4,1,1558899491805,22140384,472
2019-05-26 19:38:44.418,0.1,buy,8551.79,BTC-31MAY19-8500-C,83.43,0.04,0.1,1,1558899524418,22142088,473
2019-05-26 19:38:54.056,1.0,buy,8553.33,BTC-31MAY19-8500-C,83.23,0.04,1.0,1,1558899534056,22142267,474
2019-05-26 19:38:54.265,1.0,buy,8549.23,BTC-31MAY19-8500-C,83.78,0.04,1.0,1,1558899534265,22142269,475
2019-05-26 19:38:55.057,1.0,buy,8549.23,BTC-31MAY19-8500-C,83.78,0.04,1.0,1,1558899535057,22142290,476
2019-05-26 19:38:55.167,1.0,buy,8546.9,BTC-31MAY19-8500-C,84.09,0.04,1.0,1,1558899535167,22142292,477
2019-05-26 19:39:08.913,0.1,buy,8547.63,BTC-31MAY19-8500-C,83.99,0.04,0.1,1,1558899548913,22142588,478
2019-05-26 19:40:16.674,0.1,sell,8527.18,BTC-31MAY19-8500-C,82.17,0.038,0.1,2,1558899616674,22144373,479
2019-05-26 19:40:18.803,0.1,sell,8525.94,BTC-31MAY19-8500-C,81.2,0.0375,0.1,2,1558899618803,22144488,480
2019-05-26 19:42:53.378,0.1,sell,8424.78,BTC-31MAY19-8500-C,96.15,0.0385,0.1,0,1558899773378,22148311,481
2019-05-26 19:43:58.042,1.0,buy,8461.51,BTC-31MAY19-8500-C,96.19,0.0405,1.0,0,1558899838042,22149387,482
2019-05-26 19:44:02.606,0.9,buy,8465.34,BTC-31MAY19-8500-C,96.84,0.040999999999999995,0.9,0,1558899842606,22149476,483
2019-05-26 19:44:44.581,0.3,buy,8456.99,BTC-31MAY19-8500-C,100.13,0.042,0.3,0,1558899884581,22150140,485
2019-05-26 19:44:44.581,0.1,buy,8456.99,BTC-31MAY19-8500-C,99.01,0.0415,0.1,0,1558899884581,22150139,484
2019-05-26 19:49:05.568,3.0,buy,8450.92,BTC-31MAY19-8500-C,95.27,0.0395,3.0,2,1558900145568,22153407,486
2019-05-26 19:49:15.041,0.4,sell,8459.32,BTC-31MAY19-8500-C,91.98,0.0385,0.4,2,1558900155041,22153508,487
2019-05-26 19:52:02.233,0.8,sell,8459.89,BTC-31MAY19-8500-C,90.8,0.038,0.8,2,1558900322233,22155145,488
2019-05-26 20:02:20.431,2.0,buy,8657.7,BTC-31MAY19-8500-C,91.73,0.05,2.0,0,1558900940431,22166097,489
2019-05-26 20:03:47.286,0.1,buy,8663.77,BTC-31MAY19-8500-C,86.21,0.048,0.1,2,1558901027286,22167799,490
2019-05-26 20:03:51.486,2.9,sell,8662.45,BTC-31MAY19-8500-C,82.91,0.0465,2.9,2,1558901031486,22167867,491
2019-05-26 20:04:50.508,0.1,sell,8662.94,BTC-31MAY19-8500-C,85.17,0.0475,0.1,0,1558901090508,22168701,492
2019-05-26 20:10:16.182,0.4,sell,8661.37,BTC-31MAY19-8500-C,97.05,0.0525,0.4,0,1558901416182,22176152,493
2019-05-26 20:16:12.503,0.4,sell,8691.24,BTC-31MAY19-8500-C,98.57,0.055,0.4,0,1558901772503,22181120,494
2019-05-26 20:33:21.168,0.1,sell,8671.38,BTC-31MAY19-8500-C,101.6,0.055,0.1,1,1558902801168,22188912,495
2019-05-26 20:33:42.921,0.4,buy,8667.0,BTC-31MAY19-8500-C,104.56,0.055999999999999994,0.4,0,1558902822921,22188974,496
2019-05-26 20:33:46.746,2.0,sell,8666.63,BTC-31MAY19-8500-C,104.61,0.055999999999999994,2.0,1,1558902826746,22188984,497
2019-05-26 20:34:13.375,1.0,sell,8669.7,BTC-31MAY19-8500-C,104.17,0.055999999999999994,1.0,1,1558902853375,22189007,498
2019-05-26 20:34:28.991,1.6,sell,8665.02,BTC-31MAY19-8500-C,104.84,0.055999999999999994,1.6,1,1558902868991,22189044,499
2019-05-26 20:40:54.071,6.0,sell,8599.05,BTC-31MAY19-8500-C,100.28,0.05,6.0,2,1558903254071,22191865,500
2019-05-26 20:54:55.882,0.1,sell,8629.05,BTC-31MAY19-8500-C,96.21,0.05,0.1,3,1558904095882,22196018,501
2019-05-26 20:59:59.631,6.9,sell,8588.61,BTC-31MAY19-8500-C,101.85,0.05,6.9,3,1558904399631,22196798,502
2019-05-26 21:01:52.630,0.4,sell,8572.92,BTC-31MAY19-8500-C,108.56,0.052000000000000005,0.4,0,1558904512630,22197311,503
2019-05-26 21:10:51.299,0.6,sell,8633.3,BTC-31MAY19-8500-C,107.3,0.055,0.6,0,1558905051299,22201626,504
2019-05-26 21:22:58.880,1.0,buy,8625.09,BTC-31MAY19-8500-C,96.98,0.05,1.0,2,1558905778880,22204509,505
2019-05-26 21:22:59.620,1.0,buy,8625.1,BTC-31MAY19-8500-C,96.98,0.05,1.0,3,1558905779620,22204510,506
2019-05-26 22:22:00.365,0.4,buy,8736.44,BTC-31MAY19-8500-C,114.14,0.064,0.4,0,1558909320365,22218159,507
2019-05-26 22:22:05.737,0.4,sell,8738.29,BTC-31MAY19-8500-C,115.05,0.0645,0.4,0,1558909325737,22218161,508
2019-05-26 22:50:04.914,0.1,buy,8658.19,BTC-31MAY19-8500-C,116.3,0.06,0.1,2,1558911004914,22224653,509
2019-05-26 23:36:40.576,3.9,buy,8760.64,BTC-31MAY19-8500-C,126.76,0.0705,3.9,0,1558913800576,22230570,511
2019-05-26 23:36:40.576,15.0,buy,8760.64,BTC-31MAY19-8500-C,125.56,0.07,15.0,0,1558913800576,22230569,510
2019-05-26 23:36:40.578,0.1,sell,8760.64,BTC-31MAY19-8500-C,126.76,0.0705,0.1,1,1558913800578,22230571,512
2019-05-27 00:20:23.503,0.1,buy,8872.57,BTC-31MAY19-8500-C,120.83,0.075,0.1,0,1558916423503,22241178,513
2019-05-27 00:20:28.985,2.6,sell,8875.44,BTC-31MAY19-8500-C,120.36,0.075,2.6,1,1558916428985,22241300,514
2019-05-27 00:22:41.113,0.1,buy,8890.55,BTC-31MAY19-8500-C,105.27,0.07,0.1,2,1558916561113,22242958,515
2019-05-27 00:23:15.669,0.2,buy,8904.14,BTC-31MAY19-8500-C,126.97,0.0795,0.2,0,1558916595669,22243277,516
2019-05-27 00:24:58.326,0.1,buy,8937.32,BTC-31MAY19-8500-C,122.77,0.08,0.1,0,1558916698326,22244068,517
2019-05-27 00:32:36.331,0.1,sell,8863.74,BTC-31MAY19-8500-C,107.4,0.069,0.1,2,1558917156331,22246868,518
2019-05-27 00:37:41.700,0.1,sell,8860.06,BTC-31MAY19-8500-C,100.49,0.066,0.1,2,1558917461700,22248815,519
2019-05-27 01:05:01.742,2.0,sell,8919.26,BTC-31MAY19-8500-C,101.83,0.0705,2.0,0,1558919101742,22255134,520
2019-05-27 01:09:50.501,2.0,buy,8892.36,BTC-31MAY19-8500-C,104.07,0.0695,2.0,2,1558919390501,22256352,521
2019-05-27 01:44:16.335,1.0,sell,8861.57,BTC-31MAY19-8500-C,109.65,0.0695,1.0,3,1558921456335,22260583,522
2019-05-27 02:21:50.691,1.5,sell,8796.54,BTC-31MAY19-8500-C,111.91,0.066,1.5,2,1558923710691,22264764,523
2019-05-27 04:34:10.927,0.1,sell,8702.56,BTC-31MAY19-8500-C,99.64,0.0545,0.1,2,1558931650927,22274208,524
2019-05-27 04:41:00.768,10.0,buy,8727.46,BTC-31MAY19-8500-C,104.39,0.057999999999999996,10.0,0,1558932060768,22274789,525
2019-05-27 07:11:57.696,2.0,buy,8779.75,BTC-31MAY19-8500-C,116.13,0.0655,2.0,0,1558941117696,22278860,526
2019-05-27 08:32:32.071,1.0,sell,8749.65,BTC-31MAY19-8500-C,107.93,0.06,1.0,2,1558945952071,22281692,527
2019-05-27 08:45:26.273,1.0,buy,8752.26,BTC-31MAY19-8500-C,110.15,0.061,1.0,0,1558946726273,22282035,528
2019-05-27 11:21:00.995,1.0,sell,8695.95,BTC-31MAY19-8500-C,118.14,0.06,1.0,2,1558956060995,22288164,529
2019-05-27 11:21:24.428,1.0,sell,8687.75,BTC-31MAY19-8500-C,119.41,0.06,1.0,3,1558956084428,22288388,530
2019-05-27 11:21:24.643,1.0,sell,8687.75,BTC-31MAY19-8500-C,119.41,0.06,1.0,3,1558956084643,22288389,531
2019-05-27 11:21:24.937,1.0,sell,8687.75,BTC-31MAY19-8500-C,119.41,0.06,1.0,3,1558956084937,22288390,532
2019-05-27 11:21:25.186,1.0,sell,8686.58,BTC-31MAY19-8500-C,119.59,0.06,1.0,3,1558956085186,22288391,533
2019-05-27 11:21:27.713,1.0,sell,8684.96,BTC-31MAY19-8500-C,119.84,0.06,1.0,3,1558956087713,22288394,534
2019-05-27 11:52:14.244,0.4,buy,8719.78,BTC-31MAY19-8500-C,115.98,0.0605,0.4,0,1558957934244,22289870,535
2019-05-27 12:03:36.077,2.0,buy,8810.29,BTC-31MAY19-8500-C,115.33,0.066,2.0,0,1558958616077,22292145,536
2019-05-27 12:08:20.748,2.0,buy,8813.53,BTC-31MAY19-8500-C,125.25,0.07,2.0,0,1558958900748,22293933,537
2019-05-27 12:18:06.248,0.1,sell,8812.6,BTC-31MAY19-8500-C,117.7,0.067,0.1,2,1558959486248,22295854,538
2019-05-27 12:27:21.677,1.0,sell,8809.15,BTC-31MAY19-8500-C,117.08,0.0665,1.0,2,1558960041677,22296628,539
2019-05-27 13:15:01.421,0.4,sell,8812.46,BTC-31MAY19-8500-C,110.43,0.064,0.4,2,1558962901421,22301292,540
2019-05-27 13:19:50.068,0.6,buy,8816.34,BTC-31MAY19-8500-C,121.67,0.0685,0.6,0,1558963190068,22301511,541
2019-05-27 13:19:50.363,0.4,sell,8816.35,BTC-31MAY19-8500-C,121.67,0.0685,0.4,1,1558963190363,22301512,542
2019-05-27 14:31:08.808,0.1,sell,8797.12,BTC-31MAY19-8500-C,116.53,0.065,0.1,2,1558967468808,22306383,543
2019-05-27 14:32:04.271,0.1,sell,8793.31,BTC-31MAY19-8500-C,115.87,0.0645,0.1,2,1558967524271,22306435,544
2019-05-27 14:32:25.158,0.1,sell,8789.29,BTC-31MAY19-8500-C,115.24,0.064,0.1,2,1558967545158,22306508,545
2019-05-27 15:02:26.878,0.1,buy,8803.35,BTC-31MAY19-8500-C,107.81,0.062,0.1,2,1558969346878,22308673,546
2019-05-27 15:13:13.961,2.0,buy,8874.45,BTC-31MAY19-8500-C,111.23,0.068,2.0,0,1558969993961,22310283,547
2019-05-27 15:43:39.828,5.0,buy,8901.08,BTC-31MAY19-8500-C,113.45,0.0705,5.0,0,1558971819828,22315333,548
2019-05-27 15:43:39.875,3.0,buy,8901.08,BTC-31MAY19-8500-C,113.45,0.0705,3.0,1,1558971819875,22315334,549
2019-05-27 15:45:05.912,3.0,buy,8904.34,BTC-31MAY19-8500-C,114.24,0.071,3.0,0,1558971905912,22315887,550
2019-05-27 15:45:27.937,2.0,buy,8907.92,BTC-31MAY19-8500-C,124.62,0.075,2.0,0,1558971927937,22315918,551
2019-05-27 15:45:27.937,6.0,buy,8907.92,BTC-31MAY19-8500-C,124.62,0.075,6.0,1,1558971927937,22315919,552
2019-05-27 15:55:25.235,0.1,sell,8873.02,BTC-31MAY19-8500-C,107.8,0.0665,0.1,2,1558972525235,22317236,553
2019-05-27 17:04:09.841,4.0,sell,8735.84,BTC-31MAY19-8500-C,100.91,0.0545,4.0,2,1558976649841,22338423,554
2019-05-27 17:08:43.878,0.6,buy,8762.45,BTC-31MAY19-8500-C,106.96,0.0585,0.6,0,1558976923878,22339307,555
2019-05-27 17:34:22.458,0.2,sell,8727.65,BTC-31MAY19-8500-C,111.86,0.057999999999999996,0.2,2,1558978462458,22342649,556
2019-05-27 18:59:13.442,0.5,buy,8807.34,BTC-31MAY19-8500-C,109.55,0.062,0.5,0,1558983553442,22349243,557
2019-05-27 21:12:02.855,0.6,buy,8750.94,BTC-31MAY19-8500-C,107.51,0.057,0.6,2,1558991522855,22357890,558
2019-05-27 21:13:02.187,0.6,buy,8759.04,BTC-31MAY19-8500-C,107.44,0.0575,0.6,0,1558991582187,22357948,559
2019-05-27 21:49:57.328,0.1,sell,8815.51,BTC-31MAY19-8500-C,104.3,0.06,0.1,0,1558993797328,22359071,560
2019-05-27 23:32:33.695,0.1,sell,8814.07,BTC-31MAY19-8500-C,105.68,0.06,0.1,1,1558999953695,22364385,561
2019-05-28 05:23:24.319,1.0,sell,8774.38,BTC-31MAY19-8500-C,111.68,0.057999999999999996,1.0,2,1559021004319,22377419,562
2019-05-28 08:27:39.958,0.6,buy,8722.71,BTC-31MAY19-8500-C,109.37,0.053,0.6,2,1559032059958,22391189,563
2019-05-28 15:19:49.615,0.1,buy,8690.67,BTC-31MAY19-8500-C,110.7,0.0495,0.1,2,1559056789615,22421097,564
2019-05-28 15:20:36.513,10.0,buy,8690.73,BTC-31MAY19-8500-C,106.15,0.048,10.0,2,1559056836513,22421127,565
2019-05-28 15:52:51.616,9.0,buy,8707.38,BTC-31MAY19-8500-C,117.04,0.0525,9.0,0,1559058771616,22422513,566
2019-05-28 16:50:46.037,4.4,sell,8659.39,BTC-31MAY19-8500-C,99.84,0.0435,4.4,2,1559062246037,22427385,567
2019-05-28 16:58:54.362,0.4,sell,8650.81,BTC-31MAY19-8500-C,101.63,0.0435,0.4,3,1559062734362,22427755,568
2019-05-28 17:22:28.368,5.0,buy,8679.28,BTC-31MAY19-8500-C,100.88,0.045,5.0,0,1559064148368,22428581,569
2019-05-28 20:12:39.226,0.6,buy,8705.18,BTC-31MAY19-8500-C,105.78,0.0475,0.6,0,1559074359226,22445938,570
2019-05-28 20:12:39.487,1.0,sell,8705.18,BTC-31MAY19-8500-C,105.78,0.0475,1.0,1,1559074359487,22445940,571
2019-05-29 01:59:13.680,0.2,sell,8657.31,BTC-31MAY19-8500-C,100.13,0.040999999999999995,0.2,2,1559095153680,22457090,572
2019-05-29 02:16:26.593,2.0,sell,8652.74,BTC-31MAY19-8500-C,93.08,0.0385,2.0,2,1559096186593,22457903,573
2019-05-29 04:20:01.157,0.1,sell,8594.46,BTC-31MAY19-8500-C,105.73,0.038,0.1,2,1559103601157,22464297,574
2019-05-29 04:36:29.473,6.0,buy,8534.31,BTC-31MAY19-8500-C,109.72,0.0355,6.0,2,1559104589473,22468804,575
2019-05-29 05:14:11.309,0.2,sell,8551.47,BTC-31MAY19-8500-C,95.44,0.032,0.2,2,1559106851309,22471457,576
2019-05-29 05:24:57.362,0.1,buy,8558.67,BTC-31MAY19-8500-C,107.46,0.036000000000000004,0.1,0,1559107497362,22472681,577
2019-05-29 05:37:47.643,1.5,buy,8522.61,BTC-31MAY19-8500-C,103.16,0.0325,1.5,2,1559108267643,22474225,578
2019-05-29 05:38:46.666,6.0,buy,8491.71,BTC-31MAY19-8500-C,100.77,0.03,6.0,2,1559108326666,22474936,579
2019-05-29 05:51:56.604,0.2,sell,8447.01,BTC-31MAY19-8500-C,102.54,0.027999999999999997,0.2,2,1559109116604,22478491,580
2019-05-29 10:18:57.015,2.0,buy,8641.54,BTC-31MAY19-8500-C,103.59,0.0385,2.0,0,1559125137015,22499009,581
2019-05-29 14:10:20.780,1.0,sell,8735.32,BTC-31MAY19-8500-C,96.98,0.042,1.0,0,1559139020780,22517785,582
2019-05-30 03:00:59.498,6.0,buy,8606.85,BTC-31MAY19-8500-C,99.8,0.0295,6.0,2,1559185259498,22569899,583
2019-05-30 05:32:39.878,1.0,buy,8725.3,BTC-31MAY19-8500-C,107.95,0.0385,1.0,0,1559194359878,22583011,584
2019-05-30 05:36:01.220,0.4,buy,8745.68,BTC-31MAY19-8500-C,115.72,0.0415,0.4,0,1559194561220,22583311,585
2019-05-30 05:36:11.329,0.4,sell,8743.15,BTC-31MAY19-8500-C,116.67,0.0415,0.4,1,1559194571329,22583354,586
2019-05-30 05:36:11.884,0.2,sell,8743.15,BTC-31MAY19-8500-C,116.67,0.0415,0.2,1,1559194571884,22583356,587
2019-05-30 11:27:37.808,2.8000000000000003,buy,8731.5,BTC-31MAY19-8500-C,98.93,0.035,2.8000000000000003,2,1559215657808,22598297,588
2019-05-30 11:33:19.998,0.2,sell,8734.26,BTC-31MAY19-8500-C,97.79,0.035,0.2,3,1559215999998,22598388,589
2019-05-30 12:37:01.230,0.5,buy,8727.44,BTC-31MAY19-8500-C,100.68,0.0345,0.5,2,1559219821230,22601541,590
2019-05-30 13:51:26.456,0.6,sell,8724.58,BTC-31MAY19-8500-C,95.64,0.033,0.6,2,1559224286456,22604142,591
2019-05-30 13:59:43.851,0.4,sell,8710.72,BTC-31MAY19-8500-C,96.72,0.032,0.4,2,1559224783851,22604355,592
2019-05-30 14:33:50.000,0.4,sell,8717.32,BTC-31MAY19-8500-C,94.75,0.032,0.4,3,1559226830000,22605396,593
2019-05-30 15:44:28.309,0.1,buy,8803.55,BTC-31MAY19-8500-C,104.53,0.04,0.1,0,1559231068309,22611682,594
2019-05-30 15:44:31.534,0.1,buy,8810.78,BTC-31MAY19-8500-C,99.48,0.04,0.1,1,1559231071534,22611803,595
2019-05-30 15:44:37.905,0.1,buy,8810.96,BTC-31MAY19-8500-C,99.35,0.04,0.1,1,1559231077905,22611873,596
2019-05-30 15:44:38.411,0.1,buy,8810.96,BTC-31MAY19-8500-C,99.35,0.04,0.1,1,1559231078411,22611878,597
2019-05-30 15:44:38.542,0.1,buy,8810.96,BTC-31MAY19-8500-C,99.35,0.04,0.1,1,1559231078542,22611881,598
2019-05-30 16:00:50.520,0.5,buy,9012.16,BTC-31MAY19-8500-C,120.3,0.06,0.5,0,1559232050520,22620626,599
2019-05-30 16:01:59.948,0.1,sell,9009.26,BTC-31MAY19-8500-C,123.33,0.06,0.1,1,1559232119948,22622250,600
2019-05-30 16:04:06.081,6.0,sell,9083.29,BTC-31MAY19-8500-C,126.94,0.067,6.0,0,1559232246081,22624522,601
2019-05-30 16:07:25.093,0.1,buy,9017.63,BTC-31MAY19-8500-C,156.03,0.064,0.1,2,1559232445093,22626973,602
2019-05-30 16:07:25.530,6.0,buy,9019.64,BTC-31MAY19-8500-C,163.4,0.065,6.0,0,1559232445530,22627016,603
2019-05-30 16:16:05.781,2.3000000000000003,sell,8754.12,BTC-31MAY19-8500-C,91.85,0.034,2.3000000000000003,2,1559232965781,22634497,604
2019-05-30 16:18:07.582,0.1,sell,8715.05,BTC-31MAY19-8500-C,56.68,0.0265,0.1,2,1559233087582,22641520,605
2019-05-30 16:19:17.498,0.2,buy,8720.42,BTC-31MAY19-8500-C,125.93,0.036000000000000004,0.2,0,1559233157498,22643603,606
2019-05-30 16:19:26.062,0.2,buy,8712.03,BTC-31MAY19-8500-C,126.8,0.0355,0.2,2,1559233166062,22643762,607
2019-05-30 16:20:11.707,0.1,sell,8665.72,BTC-31MAY19-8500-C,100.12,0.027999999999999997,0.1,2,1559233211707,22644990,608
2019-05-30 16:23:52.874,4.9,sell,8692.3,BTC-31MAY19-8500-C,103.48,0.0305,4.9,0,1559233432874,22647957,609
2019-05-30 16:24:01.555,0.1,sell,8685.34,BTC-31MAY19-8500-C,107.1,0.0305,0.1,1,1559233441555,22648011,610
2019-05-30 16:34:12.678,0.2,sell,8702.49,BTC-31MAY19-8500-C,101.98,0.031,0.2,0,1559234052678,22651364,611
2019-05-30 16:41:43.415,0.4,sell,8715.7,BTC-31MAY19-8500-C,109.22,0.033,0.4,0,1559234503415,22653601,612
2019-05-30 16:43:39.533,0.4,sell,8715.88,BTC-31MAY19-8500-C,109.23,0.033,0.4,1,1559234619533,22654002,613
2019-05-30 16:58:43.600,0.1,sell,8666.34,BTC-31MAY19-8500-C,105.33,0.0285,0.1,2,1559235523600,22656718,614
2019-05-30 17:10:09.987,0.6,sell,8584.22,BTC-31MAY19-8500-C,92.38,0.0205,0.6,2,1559236209987,22663455,615
2019-05-30 17:10:09.987,1.2,sell,8584.22,BTC-31MAY19-8500-C,92.38,0.0205,1.2,3,1559236209987,22663456,616
2019-05-30 17:10:32.567,0.2,buy,8575.57,BTC-31MAY19-8500-C,96.13,0.0205,0.2,3,1559236232567,22663579,617
2019-05-30 18:55:28.069,1.0,buy,8642.17,BTC-31MAY19-8500-C,104.27,0.0255,1.0,0,1559242528069,22673592,618
2019-05-30 19:34:44.799,1.0,sell,8639.04,BTC-31MAY19-8500-C,105.08,0.025,1.0,2,1559244884799,22674773,619
2019-05-30 20:21:46.844,1.0,sell,8491.7,BTC-31MAY19-8500-C,106.46,0.015,1.0,3,1559247706844,22684476,621
2019-05-30 20:21:46.844,0.2,sell,8491.7,BTC-31MAY19-8500-C,106.46,0.015,0.2,2,1559247706844,22684475,620
2019-05-30 20:34:11.157,0.1,sell,8488.47,BTC-31MAY19-8500-C,101.72,0.013999999999999999,0.1,2,1559248451157,22693128,622
2019-05-30 21:19:02.017,5.2,buy,8285.73,BTC-31MAY19-8500-C,123.81,0.0075,5.2,2,1559251142017,22706779,623
2019-05-30 21:19:14.699,2.0,sell,8274.35,BTC-31MAY19-8500-C,127.0,0.0075,2.0,3,1559251154699,22707022,624
2019-05-30 21:19:37.343,0.5,sell,8279.28,BTC-31MAY19-8500-C,125.72,0.0075,0.5,3,1559251177343,22707131,625
2019-05-30 21:19:43.666,0.5,sell,8281.46,BTC-31MAY19-8500-C,125.11,0.0075,0.5,3,1559251183666,22707237,626
2019-05-30 21:20:09.360,10.0,sell,8291.26,BTC-31MAY19-8500-C,122.34,0.0075,10.0,3,1559251209360,22707451,627
2019-05-30 21:20:14.654,1.0,sell,8293.03,BTC-31MAY19-8500-C,121.83,0.0075,1.0,3,1559251214654,22707522,628
2019-05-30 21:20:33.275,10.0,sell,8304.98,BTC-31MAY19-8500-C,118.51,0.0075,10.0,3,1559251233275,22707680,629
2019-05-30 21:20:39.235,10.0,sell,8305.91,BTC-31MAY19-8500-C,118.25,0.0075,10.0,3,1559251239235,22707699,630
2019-05-30 21:21:39.149,10.0,sell,8296.81,BTC-31MAY19-8500-C,120.95,0.0075,10.0,3,1559251299149,22708369,631
2019-05-30 21:22:09.400,0.4,sell,8288.38,BTC-31MAY19-8500-C,123.35,0.0075,0.4,3,1559251329400,22708557,632
2019-05-30 21:22:09.422,0.4,sell,8288.38,BTC-31MAY19-8500-C,123.35,0.0075,0.4,3,1559251329422,22708562,633
2019-05-30 21:27:11.207,6.3,sell,8047.7,BTC-31MAY19-8500-C,136.54,0.003,6.3,2,1559251631207,22717115,634
2019-05-30 21:28:39.247,1.0,buy,8006.6,BTC-31MAY19-8500-C,165.1,0.0045,1.0,0,1559251719247,22720675,635
2019-05-30 21:29:22.277,0.4,sell,8077.46,BTC-31MAY19-8500-C,136.81,0.0035,0.4,2,1559251762277,22722160,636
2019-05-30 21:32:53.791,6.0,buy,8124.36,BTC-31MAY19-8500-C,143.72,0.005,6.0,0,1559251973791,22725734,637
2019-05-30 22:10:06.356,2.0,sell,8242.43,BTC-31MAY19-8500-C,137.01,0.006999999999999999,2.0,0,1559254206356,22741588,638
2019-05-30 22:17:03.151,0.4,buy,8289.36,BTC-31MAY19-8500-C,110.6,0.0055,0.4,2,1559254623151,22742831,639
2019-05-30 22:21:35.541,0.1,sell,8241.56,BTC-31MAY19-8500-C,97.75,0.003,0.1,2,1559254895541,22744081,640
2019-05-30 23:20:51.580,1.0,buy,8239.07,BTC-31MAY19-8500-C,151.98,0.0075,1.0,0,1559258451580,22750300,641
2019-05-31 00:13:14.843,0.1,sell,8325.03,BTC-31MAY19-8500-C,91.09,0.0035,0.1,2,1559261594843,22754651,642
2019-05-31 00:53:27.651,1.0,buy,8294.28,BTC-31MAY19-8500-C,153.83,0.008,1.0,0,1559264007651,22756703,643
2019-05-31 03:07:22.594,0.1,buy,8224.58,BTC-31MAY19-8500-C,151.27,0.0035,0.1,2,1559272042594,22764199,644
2019-05-31 03:58:04.038,5.0,sell,8276.38,BTC-31MAY19-8500-C,119.38,0.002,5.0,2,1559275084038,22766853,645
2019-05-31 04:33:16.203,10.0,buy,8192.84,BTC-31MAY19-8500-C,160.69,0.002,10.0,3,1559277196203,22768269,646
2019-05-31 04:42:23.683,2.0,buy,8190.27,BTC-31MAY19-8500-C,152.16,0.0015,2.0,2,1559277743683,22769497,647
2019-05-31 04:53:39.969,1.0,buy,8168.75,BTC-31MAY19-8500-C,164.95,0.0015,1.0,3,1559278419969,22770605,648
2019-05-31 04:54:58.734,1.0,buy,8175.83,BTC-31MAY19-8500-C,162.78,0.0015,1.0,3,1559278498734,22770753,649
2019-05-31 04:58:37.028,1.0,buy,8170.46,BTC-31MAY19-8500-C,166.57,0.0015,1.0,3,1559278717028,22771028,650
