date_utc,amount,direction,indexPrice,instrument,iv,price,quantity,tickDirection,timeStamp,tradeId,tradeSeq
2019-02-14 11:39:43.224,2.0,sell,3556.25,BTC-28JUN19-4000-P,56.19,0.2245,2.0,0,1550144383224,15365757,230
2019-02-15 06:22:58.173,2.0,sell,3577.48,BTC-28JUN19-4000-P,55.06,0.2155,2.0,3,1550211778173,15380850,232
2019-02-15 06:22:58.173,6.0,sell,3577.48,BTC-28JUN19-4000-P,55.06,0.2155,6.0,2,1550211778173,15380849,231
2019-02-16 22:12:14.082,0.5,buy,3594.13,BTC-28JUN19-4000-P,57.64,0.2145,0.5,3,1550355134082,15423156,234
2019-02-16 22:12:14.082,1.0,buy,3594.13,BTC-28JUN19-4000-P,57.64,0.2145,1.0,2,1550355134082,15423155,233
2019-02-16 22:15:52.196,1.0,sell,3594.44,BTC-28JUN19-4000-P,55.6,0.2095,1.0,2,1550355352196,15423164,235
2019-02-18 12:56:27.419,3.0,sell,3732.21,BTC-28JUN19-4000-P,58.07,0.185,3.0,2,1550494587419,15518676,236
2019-02-18 23:21:14.102,0.1,buy,3866.81,BTC-28JUN19-4000-P,58.36,0.1585,0.1,2,1550532074102,15585948,237
2019-02-18 23:37:03.863,4.2,sell,3861.09,BTC-28JUN19-4000-P,56.78,0.156,4.2,2,1550533023863,15586537,238
2019-02-18 23:37:08.518,1.3,buy,3862.02,BTC-28JUN19-4000-P,56.83,0.156,1.3,3,1550533028518,15586540,239
2019-02-20 01:20:08.522,5.0,sell,3879.11,BTC-28JUN19-4000-P,57.31,0.1535,5.0,2,1550625608522,15672736,240
2019-02-20 01:20:08.522,4.3,sell,3879.11,BTC-28JUN19-4000-P,57.31,0.1535,4.3,3,1550625608522,15672737,241
2019-02-20 05:15:40.730,0.7000000000000001,buy,3877.81,BTC-28JUN19-4000-P,57.2,0.1535,0.7000000000000001,3,1550639740730,15677100,242
2019-02-20 19:58:15.947,1.0,sell,3924.0,BTC-28JUN19-4000-P,56.5,0.14400000000000002,1.0,2,1550692695947,15709484,244
2019-02-20 19:58:15.947,4.2,sell,3924.0,BTC-28JUN19-4000-P,56.5,0.14400000000000002,4.2,3,1550692695947,15709485,245
2019-02-20 19:58:15.947,6.8,sell,3924.0,BTC-28JUN19-4000-P,56.71,0.1445,6.8,2,1550692695947,15709483,243
2019-02-20 23:06:42.070,2.0,buy,3925.36,BTC-28JUN19-4000-P,56.25,0.14300000000000002,2.0,2,1550704002070,15713525,246
2019-02-21 17:30:47.257,0.1,sell,3889.74,BTC-28JUN19-4000-P,58.36,0.1515,0.1,0,1550770247257,15747472,247
2019-02-21 22:40:35.126,6.0,buy,3888.02,BTC-28JUN19-4000-P,58.3,0.152,6.0,0,1550788835126,15750744,248
2019-02-22 07:18:22.151,3.5,buy,3896.18,BTC-28JUN19-4000-P,58.84,0.152,3.5,1,1550819902151,15758409,250
2019-02-22 07:18:22.151,1.0,buy,3896.18,BTC-28JUN19-4000-P,58.84,0.152,1.0,1,1550819902151,15758408,249
2019-02-22 17:37:35.109,4.0,sell,3927.81,BTC-28JUN19-4000-P,58.08,0.145,4.0,2,1550857055109,15784815,251
2019-02-22 23:59:16.832,4.8,buy,3942.08,BTC-28JUN19-4000-P,58.96,0.1455,4.8,0,1550879956832,15789818,252
2019-02-23 12:19:31.606,3.5,sell,3932.09,BTC-28JUN19-4000-P,60.68,0.152,3.5,0,1550924371606,15802381,253
2019-02-23 22:23:54.892,6.0,sell,4115.94,BTC-28JUN19-4000-P,58.81,0.1215,6.0,2,1550960634892,15852140,254
2019-02-23 22:23:59.074,4.0,buy,4115.94,BTC-28JUN19-4000-P,58.81,0.1215,4.0,3,1550960639074,15852146,255
2019-02-24 13:58:17.725,1.0,buy,4068.7,BTC-28JUN19-4000-P,59.44,0.126,1.0,0,1551016697725,15883767,256
2019-02-24 14:16:06.984,1.0,sell,3761.0,BTC-28JUN19-4000-P,62.64,0.2005,1.0,0,1551017766984,15900780,257
2019-02-26 08:11:33.700,0.1,sell,3787.99,BTC-28JUN19-4000-P,61.27,0.1795,0.1,2,1551168693700,16023944,258
2019-02-26 19:06:22.598,0.2,sell,3794.66,BTC-28JUN19-4000-P,58.54,0.1725,0.2,2,1551207982598,16039666,259
2019-02-26 19:07:01.836,0.2,sell,3794.99,BTC-28JUN19-4000-P,58.4,0.172,0.2,2,1551208021836,16039676,260
2019-02-26 19:09:40.032,0.1,sell,3796.39,BTC-28JUN19-4000-P,58.56,0.172,0.1,3,1551208180032,16039730,261
2019-02-26 20:55:56.694,3.6,buy,3797.21,BTC-28JUN19-4000-P,58.64,0.172,3.6,3,1551214556694,16041946,262
2019-02-26 20:57:28.826,3.6,sell,3795.37,BTC-28JUN19-4000-P,58.18,0.171,3.6,2,1551214648826,16041965,263
2019-02-26 20:58:27.951,5.0,sell,3795.86,BTC-28JUN19-4000-P,58.01,0.1705,5.0,2,1551214707951,16041972,264
2019-02-26 20:58:27.951,3.6,sell,3795.86,BTC-28JUN19-4000-P,58.01,0.1705,3.6,3,1551214707951,16041973,265
2019-02-26 20:58:27.954,4.2,buy,3795.86,BTC-28JUN19-4000-P,58.01,0.1705,4.2,3,1551214707954,16041974,266
2019-02-28 15:49:35.830,2.0,sell,3848.69,BTC-28JUN19-4000-P,58.01,0.16,2.0,2,1551368975830,16119406,267
2019-03-01 22:14:36.120,1.0,buy,3798.67,BTC-28JUN19-4000-P,56.73,0.162,1.0,0,1551478476120,16158097,268
2019-03-02 11:39:00.192,0.2,sell,3812.64,BTC-28JUN19-4000-P,55.63,0.1585,0.2,2,1551526740192,16174755,269
2019-03-05 09:11:31.443,0.1,sell,3724.81,BTC-28JUN19-4000-P,56.63,0.174,0.1,0,1551777091443,16253170,270
2019-03-05 13:44:38.123,2.0,sell,3791.94,BTC-28JUN19-4000-P,58.2,0.165,2.0,2,1551793478123,16265415,271
2019-03-06 08:13:43.103,3.8,buy,3836.61,BTC-28JUN19-4000-P,57.93,0.1555,3.8,2,1551860023103,16308322,272
2019-03-06 08:13:55.081,3.8,buy,3836.55,BTC-28JUN19-4000-P,57.94,0.1555,3.8,3,1551860035081,16308323,273
2019-03-06 08:56:34.673,0.3,buy,3834.14,BTC-28JUN19-4000-P,57.91,0.1555,0.3,3,1551862594673,16309244,274
2019-03-06 19:40:29.991,3.8,buy,3844.53,BTC-28JUN19-4000-P,57.65,0.153,3.8,2,1551901229991,16327004,275
2019-03-06 19:41:31.376,3.8,sell,3844.66,BTC-28JUN19-4000-P,57.58,0.153,3.8,3,1551901291376,16327025,276
2019-03-06 19:41:59.583,0.9,sell,3844.78,BTC-28JUN19-4000-P,57.66,0.153,0.9,3,1551901319583,16327056,277
2019-03-07 10:05:16.160,0.2,sell,3838.12,BTC-28JUN19-4000-P,55.56,0.1485,0.2,2,1551953116160,16347442,278
2019-03-08 08:23:23.541,0.1,buy,3869.32,BTC-28JUN19-4000-P,56.59,0.146,0.1,2,1552033403541,16378413,279
2019-03-10 14:25:51.211,0.1,buy,3888.5,BTC-28JUN19-4000-P,56.05,0.142,0.1,2,1552227951211,16462393,280
2019-03-11 18:57:08.144,1.0,sell,3846.93,BTC-28JUN19-4000-P,54.82,0.1445,1.0,0,1552330628144,16496255,281
2019-03-13 11:43:57.971,3.6,sell,3843.07,BTC-28JUN19-4000-P,54.22,0.1445,3.6,1,1552477437971,16535444,282
2019-03-13 14:06:38.860,0.1,sell,3858.82,BTC-28JUN19-4000-P,53.91,0.1405,0.1,2,1552485998860,16537278,283
2019-03-14 15:32:57.884,1.0,buy,3850.64,BTC-28JUN19-4000-P,55.62,0.1455,1.0,0,1552577577884,16571560,284
2019-03-17 02:23:17.391,1.0,buy,3944.66,BTC-28JUN19-4000-P,54.13,0.124,1.0,2,1552789397391,16653822,285
2019-03-17 10:24:56.945,0.4,sell,3961.71,BTC-28JUN19-4000-P,54.94,0.124,0.4,3,1552818296945,16660915,286
2019-03-17 14:31:34.085,1.0,sell,3976.76,BTC-28JUN19-4000-P,54.62,0.121,1.0,3,1552833094085,16663927,288
2019-03-17 14:31:34.085,5.0,sell,3976.76,BTC-28JUN19-4000-P,54.62,0.121,5.0,2,1552833094085,16663926,287
2019-03-18 01:01:28.676,1.0,sell,3995.42,BTC-28JUN19-4000-P,54.01,0.1175,1.0,2,1552870888676,16670385,289
2019-03-18 01:01:28.676,1.0,sell,3995.42,BTC-28JUN19-4000-P,54.01,0.1175,1.0,3,1552870888676,16670386,290
2019-03-19 01:01:06.022,1.0,sell,3981.36,BTC-28JUN19-4000-P,51.76,0.114,1.0,2,1552957266022,16695853,291
2019-03-19 14:37:07.365,4.8,sell,3983.49,BTC-28JUN19-4000-P,53.4,0.116,4.8,0,1553006227365,16705770,292
2019-03-19 14:37:08.120,4.8,sell,3983.49,BTC-28JUN19-4000-P,53.4,0.116,4.8,1,1553006228120,16705774,293
2019-03-19 14:37:08.458,3.5,sell,3983.49,BTC-28JUN19-4000-P,53.4,0.116,3.5,1,1553006228458,16705775,294
2019-03-20 02:38:50.677,1.0,buy,3976.98,BTC-28JUN19-4000-P,53.54,0.1175,1.0,0,1553049530677,16723337,295
2019-03-20 05:07:24.283,1.0,sell,3976.78,BTC-28JUN19-4000-P,51.93,0.114,1.0,2,1553058444283,16724535,296
2019-03-20 14:08:17.563,0.1,buy,3997.83,BTC-28JUN19-4000-P,53.17,0.113,0.1,2,1553090897563,16732324,297
2019-03-20 14:33:24.977,0.1,buy,3997.01,BTC-28JUN19-4000-P,53.72,0.1145,0.1,0,1553092404977,16732739,298
2019-03-20 14:36:01.633,0.1,sell,3997.1,BTC-28JUN19-4000-P,51.79,0.1105,0.1,2,1553092561633,16732771,299
2019-03-20 18:43:51.522,0.1,sell,4010.62,BTC-28JUN19-4000-P,53.68,0.113,0.1,0,1553107431522,16738138,300
2019-03-20 23:01:09.102,0.1,buy,4031.55,BTC-28JUN19-4000-P,53.7,0.11,0.1,2,1553122869102,16744026,301
2019-03-20 23:16:01.565,0.1,sell,4028.41,BTC-28JUN19-4000-P,51.74,0.107,0.1,2,1553123761565,16744392,302
2019-03-21 03:06:55.976,1.0,buy,4028.81,BTC-28JUN19-4000-P,53.5,0.1105,1.0,0,1553137615976,16748103,303
2019-03-21 10:13:09.059,0.1,sell,4031.03,BTC-28JUN19-4000-P,52.02,0.107,0.1,2,1553163189059,16750660,304
2019-03-21 17:19:15.123,4.2,sell,3960.42,BTC-28JUN19-4000-P,51.93,0.117,4.2,0,1553188755123,16769761,305
2019-03-21 17:19:17.024,4.2,buy,3960.42,BTC-28JUN19-4000-P,51.95,0.117,4.2,1,1553188757024,16769763,306
2019-03-21 17:50:08.220,1.6,buy,3963.55,BTC-28JUN19-4000-P,52.24,0.117,1.6,1,1553190608220,16769953,307
2019-03-22 11:45:20.050,0.1,buy,3981.85,BTC-28JUN19-4000-P,52.56,0.115,0.1,2,1553255120050,16777268,308
2019-03-23 11:44:59.166,3.0,buy,3980.35,BTC-28JUN19-4000-P,53.09,0.1145,3.0,2,1553341499166,16791733,309
2019-03-24 15:54:27.340,1.0,sell,3970.22,BTC-28JUN19-4000-P,51.35,0.1115,1.0,2,1553442867340,16801494,310
2019-03-26 05:54:40.179,3.8,sell,3911.46,BTC-28JUN19-4000-P,51.45,0.1215,3.8,0,1553579680179,16833062,311
2019-03-26 05:54:58.018,3.8,buy,3911.24,BTC-28JUN19-4000-P,51.42,0.1215,3.8,1,1553579698018,16833063,312
2019-03-26 05:55:25.903,2.4,buy,3911.06,BTC-28JUN19-4000-P,51.44,0.1215,2.4,1,1553579725903,16833064,313
2019-03-26 16:42:54.071,0.1,buy,3912.09,BTC-28JUN19-4000-P,53.23,0.125,0.1,0,1553618574071,16840212,314
2019-03-27 07:59:32.326,0.5,sell,3983.06,BTC-28JUN19-4000-P,51.57,0.11,0.5,2,1553673572326,16854879,315
2019-03-27 07:59:32.326,2.0,sell,3983.06,BTC-28JUN19-4000-P,51.57,0.11,2.0,3,1553673572326,16854880,316
2019-03-27 13:44:28.362,4.8,sell,4011.08,BTC-28JUN19-4000-P,50.83,0.10400000000000001,4.8,2,1553694268362,16863708,317
2019-03-27 14:16:15.927,2.0,buy,4009.93,BTC-28JUN19-4000-P,52.54,0.10800000000000001,2.0,0,1553696175927,16864093,318
2019-03-28 01:56:10.931,2.0,buy,4015.75,BTC-28JUN19-4000-P,52.3,0.106,2.0,2,1553738170931,16905724,319
2019-03-28 01:56:10.931,0.3,buy,4015.75,BTC-28JUN19-4000-P,52.3,0.106,0.3,3,1553738170931,16905725,320
2019-03-28 01:59:21.511,0.2,buy,4015.29,BTC-28JUN19-4000-P,52.36,0.106,0.2,3,1553738361511,16908624,321
2019-03-28 02:28:02.878,0.5,buy,4015.24,BTC-28JUN19-4000-P,52.51,0.1065,0.5,0,1553740082878,16916949,322
2019-03-28 11:06:55.669,4.5,sell,4004.43,BTC-28JUN19-4000-P,50.86,0.1045,4.5,2,1553771215669,16923904,323
2019-03-28 11:06:55.669,0.5,sell,4004.43,BTC-28JUN19-4000-P,50.36,0.1035,0.5,2,1553771215669,16923905,324
2019-03-28 23:19:12.244,10.8,buy,4009.6,BTC-28JUN19-4000-P,52.37,0.1075,10.8,0,1553815152244,16928915,325
2019-03-28 23:19:41.991,10.8,sell,4009.58,BTC-28JUN19-4000-P,52.38,0.1075,10.8,1,1553815181991,16928919,326
2019-03-28 23:20:46.520,8.4,sell,4009.4,BTC-28JUN19-4000-P,52.38,0.1075,8.4,1,1553815246520,16928931,327
2019-03-29 09:39:54.535,5.1000000000000005,buy,4065.16,BTC-28JUN19-4000-P,51.48,0.0965,5.1000000000000005,2,1553852394535,16945871,328
2019-03-29 09:40:14.611,5.1000000000000005,buy,4065.67,BTC-28JUN19-4000-P,51.47,0.0965,5.1000000000000005,3,1553852414611,16945883,329
2019-03-29 10:41:53.088,0.1,sell,4082.95,BTC-28JUN19-4000-P,50.22,0.092,0.1,2,1553856113088,16953289,330
2019-03-29 13:38:32.941,0.1,sell,4082.92,BTC-28JUN19-4000-P,50.27,0.091,0.1,2,1553866712941,16958172,331
2019-03-30 00:24:35.071,1.8,sell,4100.37,BTC-28JUN19-4000-P,52.04,0.092,1.8,0,1553905475071,16963713,332
2019-03-30 00:54:41.005,2.4,sell,4123.36,BTC-28JUN19-4000-P,49.97,0.0855,2.4,2,1553907281005,16965991,334
2019-03-30 00:54:41.005,6.1000000000000005,sell,4123.36,BTC-28JUN19-4000-P,50.75,0.087,6.1000000000000005,2,1553907281005,16965990,333
2019-03-30 19:24:48.315,2.0,sell,4078.07,BTC-28JUN19-4000-P,50.0,0.0905,2.0,0,1553973888315,16982780,335
2019-03-31 10:47:49.965,3.0,sell,4092.71,BTC-28JUN19-4000-P,49.7,0.08800000000000001,3.0,3,1554029269965,16987892,337
2019-03-31 10:47:49.965,2.0,sell,4092.71,BTC-28JUN19-4000-P,49.7,0.08800000000000001,2.0,2,1554029269965,16987891,336
2019-03-31 10:48:18.829,2.0,sell,4092.69,BTC-28JUN19-4000-P,49.7,0.08800000000000001,2.0,3,1554029298829,16987893,338
2019-04-01 02:24:09.334,6.0,sell,4122.4,BTC-28JUN19-4000-P,51.15,0.0875,6.0,2,1554085449334,16999213,339
2019-04-01 04:21:42.893,2.0,sell,4124.99,BTC-28JUN19-4000-P,51.54,0.0875,2.0,3,1554092502893,17000426,340
2019-04-01 04:22:23.674,2.0,sell,4125.05,BTC-28JUN19-4000-P,51.55,0.0875,2.0,3,1554092543674,17000427,341
2019-04-01 07:27:36.998,5.6000000000000005,sell,4120.46,BTC-28JUN19-4000-P,51.12,0.0875,5.6000000000000005,3,1554103656998,17001845,342
2019-04-01 07:27:37.001,4.4,buy,4120.46,BTC-28JUN19-4000-P,51.12,0.0875,4.4,3,1554103657001,17001846,343
2019-04-01 07:27:38.747,10.0,buy,4120.46,BTC-28JUN19-4000-P,51.12,0.0875,10.0,3,1554103658747,17001847,344
2019-04-01 07:27:39.838,10.0,buy,4120.46,BTC-28JUN19-4000-P,51.12,0.0875,10.0,3,1554103659838,17001848,345
2019-04-01 07:27:41.628,0.6,buy,4120.43,BTC-28JUN19-4000-P,51.12,0.0875,0.6,3,1554103661628,17001849,346
2019-04-01 09:29:02.126,1.0,sell,4119.24,BTC-28JUN19-4000-P,52.14,0.0895,1.0,0,1554110942126,17003122,347
2019-04-01 12:07:31.904,5.0,sell,4116.39,BTC-28JUN19-4000-P,51.23,0.0885,5.0,2,1554120451904,17004367,348
2019-04-01 12:07:33.809,0.6,sell,4116.39,BTC-28JUN19-4000-P,51.23,0.0885,0.6,3,1554120453809,17004368,349
2019-04-01 12:07:37.207,2.0,buy,4116.71,BTC-28JUN19-4000-P,51.24,0.0885,2.0,3,1554120457207,17004369,350
2019-04-01 12:08:32.632,3.8,sell,4116.92,BTC-28JUN19-4000-P,51.23,0.0885,3.8,3,1554120512632,17004386,351
2019-04-02 00:53:17.743,3.0,sell,4150.18,BTC-28JUN19-4000-P,51.76,0.086,3.0,2,1554166397743,17013244,352
2019-04-02 00:53:45.152,3.0,sell,4157.88,BTC-28JUN19-4000-P,52.0,0.0855,3.0,2,1554166425152,17013501,353
2019-04-02 01:38:30.081,3.0,sell,4152.2,BTC-28JUN19-4000-P,51.11,0.0845,3.0,2,1554169110081,17015083,354
2019-04-02 02:29:12.736,3.0,sell,4170.19,BTC-28JUN19-4000-P,50.54,0.081,3.0,2,1554172152736,17016674,355
2019-04-02 04:44:28.042,2.0,buy,4452.68,BTC-28JUN19-4000-P,52.26,0.055999999999999994,2.0,2,1554180268042,17032984,356
2019-04-02 04:45:24.380,5.0,buy,4452.53,BTC-28JUN19-4000-P,49.74,0.052000000000000005,5.0,2,1554180324380,17033367,357
2019-04-02 04:47:12.890,5.0,buy,4458.52,BTC-28JUN19-4000-P,51.49,0.055,5.0,0,1554180432890,17033808,358
2019-04-02 10:41:05.765,1.0,sell,4767.52,BTC-28JUN19-4000-P,55.31,0.038,1.0,2,1554201665765,17105146,359
2019-04-02 10:41:05.765,1.0,sell,4767.52,BTC-28JUN19-4000-P,55.31,0.038,1.0,3,1554201665765,17105147,360
2019-04-02 10:43:05.826,1.0,sell,4763.32,BTC-28JUN19-4000-P,54.78,0.0375,1.0,2,1554201785826,17105226,361
2019-04-02 13:31:43.530,0.4,buy,4799.7,BTC-28JUN19-4000-P,59.46,0.0425,0.4,0,1554211903530,17111963,362
2019-04-02 14:25:34.055,0.1,buy,4721.31,BTC-28JUN19-4000-P,57.09,0.043,0.1,0,1554215134055,17117926,363
2019-04-02 14:27:36.956,2.0,buy,4723.59,BTC-28JUN19-4000-P,59.14,0.046,2.0,0,1554215256956,17118030,364
2019-04-02 14:33:06.970,2.0,buy,4722.76,BTC-28JUN19-4000-P,59.53,0.0465,2.0,0,1554215586970,17118535,365
2019-04-02 15:38:15.988,0.1,buy,4732.56,BTC-28JUN19-4000-P,58.96,0.045,0.1,2,1554219495988,17121218,366
2019-04-02 18:23:04.876,0.9,sell,4729.51,BTC-28JUN19-4000-P,58.05,0.044000000000000004,0.9,2,1554229384876,17126388,367
2019-04-02 19:27:05.403,9.0,sell,4737.26,BTC-28JUN19-4000-P,55.08,0.039,9.0,2,1554233225403,17127318,368
2019-04-02 23:18:05.302,9.0,sell,4895.09,BTC-28JUN19-4000-P,59.44,0.0375,9.0,2,1554247085302,17144883,369
2019-04-03 01:59:32.174,0.1,buy,4975.55,BTC-28JUN19-4000-P,60.27,0.035,0.1,2,1554256772174,17166472,370
2019-04-03 02:35:03.783,0.1,buy,5013.02,BTC-28JUN19-4000-P,61.45,0.0345,0.1,2,1554258903783,17170818,371
2019-04-03 11:41:50.540,0.1,sell,4983.0,BTC-28JUN19-4000-P,61.37,0.0355,0.1,0,1554291710540,17194790,372
2019-04-03 12:14:06.275,0.2,sell,4994.93,BTC-28JUN19-4000-P,62.02,0.0355,0.2,1,1554293646275,17195508,373
2019-04-03 15:00:57.193,1.0,sell,5009.01,BTC-28JUN19-4000-P,61.52,0.0345,1.0,2,1554303657193,17204302,374
2019-04-03 15:00:57.193,0.1,sell,5009.01,BTC-28JUN19-4000-P,61.52,0.0345,0.1,3,1554303657193,17204303,375
2019-04-03 15:48:28.293,15.6,sell,5017.18,BTC-28JUN19-4000-P,59.37,0.0315,15.6,3,1554306508293,17205204,377
2019-04-03 15:48:28.293,14.4,sell,5017.18,BTC-28JUN19-4000-P,59.37,0.0315,14.4,2,1554306508293,17205203,376
2019-04-03 16:23:34.288,0.4,sell,5102.87,BTC-28JUN19-4000-P,61.14,0.03,0.4,2,1554308614288,17211684,378
2019-04-03 16:24:34.878,0.6,sell,5103.83,BTC-28JUN19-4000-P,59.37,0.027999999999999997,0.6,2,1554308674878,17211785,379
2019-04-03 17:06:28.468,10.0,buy,5182.46,BTC-28JUN19-4000-P,63.66,0.03,10.0,0,1554311188468,17216318,380
2019-04-03 20:15:31.958,1.0,buy,5241.21,BTC-28JUN19-4000-P,69.24,0.034,1.0,0,1554322531958,17230023,381
2019-04-03 23:27:00.215,8.0,sell,4965.11,BTC-28JUN19-4000-P,66.54,0.0425,8.0,0,1554334020215,17272506,382
2019-04-03 23:27:24.993,0.1,sell,4955.22,BTC-28JUN19-4000-P,65.63,0.042,0.1,2,1554334044993,17272614,383
2019-04-03 23:45:43.195,0.1,sell,5007.82,BTC-28JUN19-4000-P,65.84,0.04,0.1,2,1554335143195,17276016,384
2019-04-04 18:36:15.322,1.9,sell,4857.88,BTC-28JUN19-4000-P,66.7,0.0475,1.9,0,1554402975322,17324166,385
2019-04-05 09:34:24.354,10.0,sell,4949.5,BTC-28JUN19-4000-P,65.9,0.042,10.0,3,1554456864354,17356797,387
2019-04-05 09:34:24.354,10.0,sell,4949.5,BTC-28JUN19-4000-P,65.9,0.042,10.0,2,1554456864354,17356796,386
2019-04-05 14:48:01.960,1.0,sell,5001.37,BTC-28JUN19-4000-P,65.1,0.0385,1.0,2,1554475681960,17368629,388
2019-04-06 15:58:23.025,0.5,sell,5108.95,BTC-28JUN19-4000-P,64.73,0.0325,0.5,2,1554566303025,17401817,389
2019-04-08 01:12:30.588,0.1,buy,5306.41,BTC-28JUN19-4000-P,70.28,0.0305,0.1,2,1554685950588,17501280,390
2019-04-08 02:14:44.984,0.1,sell,5342.12,BTC-28JUN19-4000-P,70.07,0.0285,0.1,2,1554689684984,17506429,391
2019-04-08 02:18:50.922,0.1,sell,5332.96,BTC-28JUN19-4000-P,70.11,0.029,0.1,0,1554689930922,17506704,392
2019-04-08 04:43:31.837,0.5,sell,5290.22,BTC-28JUN19-4000-P,67.99,0.028,0.5,2,1554698611837,17512787,393
2019-04-08 05:48:11.575,89.5,sell,5274.59,BTC-28JUN19-4000-P,68.32,0.029,89.5,0,1554702491575,17514557,394
2019-04-08 11:26:33.595,1.0,buy,5156.73,BTC-28JUN19-4000-P,67.83,0.033,1.0,0,1554722793595,17526818,395
2019-04-08 11:26:33.595,0.1,buy,5156.73,BTC-28JUN19-4000-P,67.83,0.033,0.1,1,1554722793595,17526819,396
2019-04-08 12:14:00.476,1.0,buy,5183.43,BTC-28JUN19-4000-P,69.24,0.0335,1.0,0,1554725640476,17529600,397
2019-04-08 21:47:54.649,1.0,sell,5261.77,BTC-28JUN19-4000-P,67.36,0.0285,1.0,2,1554760074649,17544329,398
2019-04-09 13:40:27.880,0.4,buy,5229.54,BTC-28JUN19-4000-P,120.98,0.099,0.4,0,1554817227880,17574382,399
2019-04-09 15:21:42.164,1.0,sell,5212.45,BTC-28JUN19-4000-P,68.08,0.031,1.0,2,1554823302164,17577203,400
2019-04-09 15:47:16.433,0.3,buy,5211.84,BTC-28JUN19-4000-P,68.2,0.031,0.3,3,1554824836433,17577705,401
2019-04-09 15:59:13.330,0.3,buy,5210.33,BTC-28JUN19-4000-P,68.54,0.0315,0.3,0,1554825553330,17577757,402
2019-04-09 18:03:21.030,4.6000000000000005,buy,5212.59,BTC-28JUN19-4000-P,66.98,0.03,4.6000000000000005,2,1554833001030,17579573,403
2019-04-09 22:25:18.537,25.0,buy,5204.44,BTC-28JUN19-4000-P,66.04,0.028999999999999998,25.0,2,1554848718537,17583346,404
2019-04-10 09:02:25.068,10.0,sell,5251.06,BTC-28JUN19-4000-P,63.94,0.0245,10.0,2,1554886945068,17595764,405
2019-04-10 09:05:48.527,10.0,sell,5250.2,BTC-28JUN19-4000-P,63.93,0.0245,10.0,3,1554887148527,17595775,406
2019-04-10 11:28:13.715,5.0,buy,5248.09,BTC-28JUN19-4000-P,63.85,0.0245,5.0,3,1554895693715,17597384,407
2019-04-10 18:34:01.758,0.1,sell,5436.28,BTC-28JUN19-4000-P,67.0,0.022000000000000002,0.1,2,1554921241758,17614866,408
2019-04-11 05:07:46.192,9.6,sell,5220.5,BTC-28JUN19-4000-P,65.29,0.0275,9.6,0,1554959266192,17669556,409
2019-04-11 12:01:03.731,1.1,sell,5057.62,BTC-28JUN19-4000-P,62.4,0.0305,1.1,0,1554984063731,17697334,410
2019-04-11 18:42:45.273,0.1,sell,5070.71,BTC-28JUN19-4000-P,58.93,0.026000000000000002,0.1,2,1555008165273,17710723,411
2019-04-11 18:42:45.273,3.9,sell,5070.71,BTC-28JUN19-4000-P,58.93,0.026000000000000002,3.9,3,1555008165273,17710724,412
2019-04-12 14:55:43.784,5.1000000000000005,buy,5084.23,BTC-28JUN19-4000-P,58.99,0.025,5.1000000000000005,2,1555080943784,17750635,413
2019-04-13 08:02:22.949,0.1,sell,5100.54,BTC-28JUN19-4000-P,59.89,0.026000000000000002,0.1,0,1555142542949,17768730,414
2019-04-13 10:25:37.940,10.0,buy,5069.64,BTC-28JUN19-4000-P,63.17,0.031,10.0,0,1555151137940,17771275,415
2019-04-13 23:07:26.314,0.1,buy,5079.76,BTC-28JUN19-4000-P,58.61,0.025,0.1,2,1555196846314,17787636,416
2019-04-13 23:08:20.228,0.1,sell,5079.08,BTC-28JUN19-4000-P,58.16,0.0245,0.1,2,1555196900228,17787638,417
2019-04-14 04:46:31.892,0.1,sell,5053.08,BTC-28JUN19-4000-P,57.23,0.0245,0.1,3,1555217191892,17790703,418
2019-04-14 12:26:05.161,0.1,sell,5060.21,BTC-28JUN19-4000-P,57.94,0.0245,0.1,3,1555244765161,17795553,419
2019-04-14 12:36:09.696,0.1,buy,5064.36,BTC-28JUN19-4000-P,59.78,0.0265,0.1,0,1555245369696,17795644,420
2019-04-14 12:40:22.917,0.1,sell,5069.47,BTC-28JUN19-4000-P,58.17,0.0245,0.1,2,1555245622917,17795782,421
2019-04-14 12:40:30.153,0.1,buy,5069.99,BTC-28JUN19-4000-P,59.57,0.026000000000000002,0.1,0,1555245630153,17795785,422
2019-04-14 12:40:35.681,0.1,sell,5069.99,BTC-28JUN19-4000-P,58.21,0.0245,0.1,2,1555245635681,17795786,423
2019-04-14 12:40:44.284,0.1,buy,5070.0,BTC-28JUN19-4000-P,59.58,0.026000000000000002,0.1,0,1555245644284,17795787,424
2019-04-14 12:40:49.372,0.1,sell,5070.01,BTC-28JUN19-4000-P,58.22,0.0245,0.1,2,1555245649372,17795789,425
2019-04-14 12:40:54.487,0.1,buy,5069.99,BTC-28JUN19-4000-P,59.59,0.026000000000000002,0.1,0,1555245654487,17795790,426
2019-04-14 12:40:59.634,0.1,sell,5069.99,BTC-28JUN19-4000-P,58.24,0.0245,0.1,2,1555245659634,17795795,427
2019-04-14 12:41:07.306,0.1,buy,5070.35,BTC-28JUN19-4000-P,59.61,0.026000000000000002,0.1,0,1555245667306,17795798,428
2019-04-14 12:41:12.342,0.1,sell,5070.72,BTC-28JUN19-4000-P,58.27,0.0245,0.1,2,1555245672342,17795802,429
2019-04-14 12:41:27.692,0.1,buy,5071.08,BTC-28JUN19-4000-P,59.66,0.026000000000000002,0.1,0,1555245687692,17795806,430
2019-04-14 12:41:33.440,0.1,sell,5071.06,BTC-28JUN19-4000-P,58.3,0.0245,0.1,2,1555245693440,17795809,431
2019-04-14 12:41:45.493,0.1,buy,5070.47,BTC-28JUN19-4000-P,59.65,0.026000000000000002,0.1,0,1555245705493,17795815,432
2019-04-14 12:41:54.325,0.1,sell,5070.24,BTC-28JUN19-4000-P,58.28,0.0245,0.1,2,1555245714325,17795817,433
2019-04-14 12:42:07.791,0.1,buy,5070.58,BTC-28JUN19-4000-P,59.67,0.026000000000000002,0.1,0,1555245727791,17795821,434
2019-04-14 12:42:13.535,0.1,sell,5069.74,BTC-28JUN19-4000-P,58.27,0.0245,0.1,2,1555245733535,17795822,435
2019-04-14 12:42:18.649,0.1,buy,5069.67,BTC-28JUN19-4000-P,59.63,0.026000000000000002,0.1,0,1555245738649,17795823,436
2019-04-14 12:42:23.857,0.1,sell,5069.35,BTC-28JUN19-4000-P,58.26,0.0245,0.1,2,1555245743857,17795824,437
2019-04-14 12:42:29.989,0.1,buy,5069.26,BTC-28JUN19-4000-P,59.63,0.026000000000000002,0.1,0,1555245749989,17795825,438
2019-04-14 12:55:11.904,0.1,sell,5072.36,BTC-28JUN19-4000-P,58.28,0.0245,0.1,2,1555246511904,17795852,439
2019-04-14 12:55:21.290,0.1,buy,5072.43,BTC-28JUN19-4000-P,59.69,0.026000000000000002,0.1,0,1555246521290,17795853,440
2019-04-14 12:55:26.333,0.1,sell,5072.59,BTC-28JUN19-4000-P,58.33,0.0245,0.1,2,1555246526333,17795854,441
2019-04-14 12:55:37.421,0.1,buy,5072.54,BTC-28JUN19-4000-P,59.72,0.026000000000000002,0.1,0,1555246537421,17795855,442
2019-04-14 12:55:42.676,0.1,sell,5072.54,BTC-28JUN19-4000-P,58.35,0.0245,0.1,2,1555246542676,17795856,443
2019-04-14 12:55:49.947,0.1,buy,5072.54,BTC-28JUN19-4000-P,59.72,0.026000000000000002,0.1,0,1555246549947,17795857,444
2019-04-14 13:02:15.900,0.1,sell,5070.76,BTC-28JUN19-4000-P,58.25,0.0245,0.1,2,1555246935900,17795910,445
2019-04-14 13:02:28.181,0.1,sell,5072.46,BTC-28JUN19-4000-P,58.32,0.0245,0.1,3,1555246948181,17795922,446
2019-04-14 22:09:22.910,2.0,sell,5144.27,BTC-28JUN19-4000-P,60.93,0.0245,2.0,3,1555279762910,17803052,447
2019-04-14 22:34:21.983,3.0,sell,5182.25,BTC-28JUN19-4000-P,60.94,0.0235,3.0,2,1555281261983,17807204,448
2019-04-14 22:54:33.998,0.2,sell,5163.56,BTC-28JUN19-4000-P,60.5,0.0235,0.2,3,1555282473998,17808357,449
2019-04-15 01:32:09.537,0.1,buy,5171.7,BTC-28JUN19-4000-P,60.43,0.023,0.1,2,1555291929537,17811460,450
2019-04-15 01:32:52.455,0.1,buy,5171.59,BTC-28JUN19-4000-P,60.38,0.023,0.1,3,1555291972455,17811484,451
2019-04-15 09:52:34.833,6.3,buy,5157.4,BTC-28JUN19-4000-P,59.64,0.0225,6.3,2,1555321954833,17816413,452
2019-04-15 12:34:58.182,1.3,sell,5137.29,BTC-28JUN19-4000-P,58.99,0.0225,1.3,3,1555331698182,17818742,453
2019-04-15 17:33:24.525,1.0,buy,5043.42,BTC-28JUN19-4000-P,58.37,0.025,1.0,0,1555349604525,17826392,454
2019-04-16 14:03:19.762,10.0,buy,5033.46,BTC-28JUN19-4000-P,59.25,0.025,10.0,1,1555423399762,17858830,455
2019-04-16 15:49:39.174,0.3,sell,5086.74,BTC-28JUN19-4000-P,60.24,0.024,0.3,2,1555429779174,17863266,456
2019-04-16 16:54:39.937,0.4,sell,5090.93,BTC-28JUN19-4000-P,60.35,0.024,0.4,3,1555433679937,17864465,457
2019-04-16 17:21:24.435,1.3,sell,5114.32,BTC-28JUN19-4000-P,61.01,0.024,1.3,3,1555435284435,17865243,458
2019-04-18 18:23:33.979,0.1,sell,5278.41,BTC-28JUN19-4000-P,59.67,0.017,0.1,2,1555611813979,17930796,459
2019-04-19 01:48:50.459,0.7000000000000001,buy,5206.93,BTC-28JUN19-4000-P,60.77,0.02,0.7000000000000001,0,1555638530459,17941161,460
2019-04-19 01:49:44.975,0.1,buy,5229.56,BTC-28JUN19-4000-P,58.36,0.017,0.1,2,1555638584975,17942032,461
2019-04-19 07:49:16.256,0.4,sell,5247.73,BTC-28JUN19-4000-P,59.45,0.0175,0.4,0,1555660156256,17947496,462
2019-04-20 11:51:44.912,0.1,buy,5308.09,BTC-28JUN19-4000-P,59.96,0.016,0.1,2,1555761104912,17982601,463
2019-04-20 11:51:44.912,0.9,buy,5308.09,BTC-28JUN19-4000-P,59.96,0.016,0.9,3,1555761104912,17982602,464
2019-04-21 02:39:10.052,0.3,sell,5332.15,BTC-28JUN19-4000-P,57.78,0.0135,0.3,2,1555814350052,17997735,465
2019-04-22 10:37:48.561,0.2,buy,5306.29,BTC-28JUN19-4000-P,60.02,0.0155,0.2,1,1555929468561,18035109,467
2019-04-22 10:37:48.561,0.1,buy,5306.29,BTC-28JUN19-4000-P,60.02,0.0155,0.1,0,1555929468561,18035108,466
2019-04-22 15:40:09.982,0.1,buy,5357.21,BTC-28JUN19-4000-P,57.93,0.0125,0.1,2,1555947609982,18040391,468
2019-04-22 19:02:28.880,0.1,sell,5433.41,BTC-28JUN19-4000-P,58.71,0.0115,0.1,2,1555959748880,18061991,469
2019-04-22 19:02:30.198,0.1,buy,5435.62,BTC-28JUN19-4000-P,58.8,0.0115,0.1,3,1555959750198,18062039,470
2019-04-22 19:02:31.388,0.1,sell,5435.69,BTC-28JUN19-4000-P,58.8,0.0115,0.1,3,1555959751388,18062061,471
2019-04-22 19:02:32.515,0.1,sell,5437.86,BTC-28JUN19-4000-P,58.81,0.0115,0.1,3,1555959752515,18062094,472
2019-04-22 19:02:36.861,0.1,sell,5439.98,BTC-28JUN19-4000-P,58.93,0.0115,0.1,3,1555959756861,18062156,473
2019-04-22 19:02:38.296,0.1,buy,5439.04,BTC-28JUN19-4000-P,58.89,0.0115,0.1,3,1555959758296,18062181,475
2019-04-22 19:02:38.296,0.1,buy,5439.04,BTC-28JUN19-4000-P,58.89,0.0115,0.1,3,1555959758296,18062180,474
2019-04-22 21:05:50.703,1.0,buy,5367.27,BTC-28JUN19-4000-P,60.43,0.014,1.0,0,1555967150703,18069069,476
2019-04-23 03:02:46.158,0.1,sell,5414.38,BTC-28JUN19-4000-P,59.76,0.0125,0.1,2,1555988566158,18074382,477
2019-04-23 03:02:48.445,1.0,sell,5414.37,BTC-28JUN19-4000-P,59.77,0.0125,1.0,3,1555988568445,18074395,478
2019-04-23 03:02:49.775,1.0,buy,5414.61,BTC-28JUN19-4000-P,59.76,0.0125,1.0,3,1555988569775,18074403,479
2019-04-23 03:02:50.759,0.1,buy,5414.61,BTC-28JUN19-4000-P,59.76,0.0125,0.1,3,1555988570759,18074405,480
2019-04-23 03:03:48.271,1.0,sell,5416.21,BTC-28JUN19-4000-P,59.75,0.0125,1.0,3,1555988628271,18074532,481
2019-04-23 03:53:24.401,0.1,sell,5442.59,BTC-28JUN19-4000-P,59.75,0.012,0.1,2,1555991604401,18076545,482
2019-04-23 03:53:50.333,0.1,sell,5442.52,BTC-28JUN19-4000-P,59.75,0.012,0.1,3,1555991630333,18076639,483
2019-04-23 03:53:55.977,0.1,sell,5443.35,BTC-28JUN19-4000-P,59.79,0.012,0.1,3,1555991635977,18076672,484
2019-04-23 04:05:10.758,0.1,sell,5448.03,BTC-28JUN19-4000-P,59.9,0.012,0.1,3,1555992310758,18077560,485
2019-04-23 04:05:13.553,0.1,sell,5448.63,BTC-28JUN19-4000-P,59.91,0.012,0.1,3,1555992313553,18077579,486
2019-04-23 04:05:20.051,0.1,sell,5450.42,BTC-28JUN19-4000-P,59.96,0.012,0.1,3,1555992320051,18077604,487
2019-04-23 04:05:24.103,0.1,sell,5453.76,BTC-28JUN19-4000-P,60.05,0.012,0.1,3,1555992324103,18077654,488
2019-04-23 04:05:25.264,0.1,sell,5454.34,BTC-28JUN19-4000-P,60.07,0.012,0.1,3,1555992325264,18077687,489
2019-04-23 04:05:25.840,0.1,sell,5456.66,BTC-28JUN19-4000-P,60.08,0.012,0.1,3,1555992325840,18077706,490
2019-04-23 04:05:32.219,1.0,sell,5458.04,BTC-28JUN19-4000-P,60.19,0.012,1.0,3,1555992332219,18077774,491
2019-04-23 04:05:32.713,0.9,sell,5458.88,BTC-28JUN19-4000-P,58.73,0.011,0.9,3,1555992332713,18077784,493
2019-04-23 04:05:32.713,0.1,sell,5458.88,BTC-28JUN19-4000-P,58.73,0.011,0.1,2,1555992332713,18077783,492
2019-04-23 04:23:47.048,0.1,sell,5521.47,BTC-28JUN19-4000-P,60.36,0.011,0.1,3,1555993427048,18082945,494
2019-04-23 04:23:47.992,0.1,sell,5527.38,BTC-28JUN19-4000-P,60.45,0.011,0.1,3,1555993427992,18082996,495
2019-04-23 04:23:49.461,0.1,sell,5528.29,BTC-28JUN19-4000-P,60.6,0.011,0.1,3,1555993429461,18083072,496
2019-04-23 04:23:50.645,0.1,sell,5530.06,BTC-28JUN19-4000-P,60.64,0.011000000000000001,0.1,3,1555993430645,18083152,497
2019-04-23 11:26:26.422,0.5,sell,5544.34,BTC-28JUN19-4000-P,62.65,0.012,0.5,0,1556018786422,18107052,498
2019-04-23 13:31:28.379,0.1,sell,5587.1,BTC-28JUN19-4000-P,63.78,0.012,0.1,1,1556026288379,18110315,499
2019-04-23 13:43:46.846,0.1,sell,5589.55,BTC-28JUN19-4000-P,63.77,0.012,0.1,1,1556027026846,18110729,500
2019-04-23 13:45:57.487,0.1,sell,5591.13,BTC-28JUN19-4000-P,63.82,0.012,0.1,1,1556027157487,18110802,501
2019-04-23 13:46:24.952,1.0,sell,5591.93,BTC-28JUN19-4000-P,63.84,0.012,1.0,1,1556027184952,18110809,502
2019-04-24 03:53:20.670,0.6,sell,5574.87,BTC-28JUN19-4000-P,63.56,0.012,0.6,1,1556078000670,18141794,503
2019-04-25 18:03:39.532,0.1,sell,5498.91,BTC-28JUN19-4000-P,63.11,0.013,0.1,0,1556215419532,18227442,504
2019-04-25 19:20:32.837,9.9,sell,5503.23,BTC-28JUN19-4000-P,63.17,0.013,9.9,1,1556220032837,18228606,505
2019-04-25 22:10:07.675,0.1,buy,5060.56,BTC-28JUN19-4000-P,56.78,0.0205,0.1,0,1556230207675,18253047,506
2019-04-25 22:10:07.675,0.1,buy,5060.56,BTC-28JUN19-4000-P,58.81,0.0225,0.1,0,1556230207675,18253048,507
2019-04-25 22:10:08.928,0.4,buy,5059.79,BTC-28JUN19-4000-P,64.98,0.029,0.4,0,1556230208928,18253078,508
2019-04-25 22:10:09.437,0.1,sell,5059.79,BTC-28JUN19-4000-P,65.38,0.0295,0.1,0,1556230209437,18253090,509
2019-04-25 22:10:11.186,0.1,sell,5058.98,BTC-28JUN19-4000-P,64.39,0.0285,0.1,2,1556230211186,18253122,510
2019-04-25 22:11:34.209,1.0,sell,4991.07,BTC-28JUN19-4000-P,63.4,0.029,1.0,0,1556230294209,18256272,511
2019-04-25 22:12:07.428,1.0,sell,4999.51,BTC-28JUN19-4000-P,65.68,0.0295,1.0,0,1556230327428,18257453,512
2019-04-25 22:12:09.492,1.0,sell,5000.76,BTC-28JUN19-4000-P,62.98,0.0265,1.0,2,1556230329492,18257514,513
2019-04-25 22:12:34.695,1.0,sell,4989.3,BTC-28JUN19-4000-P,66.35,0.031,1.0,0,1556230354695,18258184,514
2019-04-25 22:12:45.046,1.0,sell,4988.93,BTC-28JUN19-4000-P,65.88,0.0305,1.0,2,1556230365046,18258607,515
2019-04-25 22:12:49.156,1.0,sell,4989.96,BTC-28JUN19-4000-P,65.93,0.0305,1.0,3,1556230369156,18258866,516
2019-04-25 22:13:22.130,0.8,sell,5034.91,BTC-28JUN19-4000-P,63.36,0.0255,0.8,2,1556230402130,18260130,517
2019-04-25 23:01:27.839,0.1,buy,5105.14,BTC-28JUN19-4000-P,66.01,0.0265,0.1,0,1556233287839,18280675,518
2019-04-25 23:01:27.839,0.9,buy,5105.14,BTC-28JUN19-4000-P,66.5,0.027000000000000003,0.9,0,1556233287839,18280676,519
2019-04-26 06:49:02.453,18.0,buy,5170.2,BTC-28JUN19-4000-P,64.54,0.022,18.0,2,1556261342453,18316533,520
2019-04-26 12:20:22.654,5.0,buy,5133.63,BTC-28JUN19-4000-P,62.65,0.0215,5.0,2,1556281222654,18327628,521
2019-04-26 16:01:45.157,0.1,sell,5091.81,BTC-28JUN19-4000-P,63.58,0.024,0.1,0,1556294505157,18334074,522
2019-04-26 16:01:52.962,0.1,sell,5082.28,BTC-28JUN19-4000-P,63.26,0.024,0.1,1,1556294512962,18334191,523
2019-04-26 16:55:41.451,50.0,sell,5093.34,BTC-28JUN19-4000-P,61.33,0.0215,50.0,2,1556297741451,18341284,524
2019-04-27 17:06:11.367,0.1,sell,5165.19,BTC-28JUN19-4000-P,60.07,0.018000000000000002,0.1,3,1556384771367,18367316,526
2019-04-27 17:06:11.367,9.9,sell,5165.19,BTC-28JUN19-4000-P,59.49,0.0175,9.9,2,1556384771367,18367317,527
2019-04-27 17:06:11.367,15.0,sell,5165.19,BTC-28JUN19-4000-P,60.07,0.018000000000000002,15.0,2,1556384771367,18367315,525
2019-04-27 17:06:24.697,15.0,sell,5165.12,BTC-28JUN19-4000-P,59.49,0.0175,15.0,3,1556384784697,18367318,528
2019-04-27 17:06:24.697,10.0,sell,5165.12,BTC-28JUN19-4000-P,59.49,0.0175,10.0,3,1556384784697,18367319,529
2019-04-28 05:37:13.390,10.0,buy,5161.56,BTC-28JUN19-4000-P,61.79,0.0195,10.0,0,1556429833390,18380075,530
2019-04-28 10:06:54.187,15.0,sell,5176.73,BTC-28JUN19-4000-P,61.71,0.019,15.0,2,1556446014187,18382484,531
2019-04-28 10:17:32.298,5.0,sell,5176.83,BTC-28JUN19-4000-P,61.75,0.019,5.0,3,1556446652298,18382515,532
2019-04-28 10:52:19.658,20.0,sell,5197.52,BTC-28JUN19-4000-P,61.94,0.0185,20.0,2,1556448739658,18383040,533
2019-04-28 17:32:17.165,50.0,sell,5184.99,BTC-28JUN19-4000-P,60.81,0.018000000000000002,50.0,2,1556472737165,18391865,534
2019-04-30 05:38:36.069,10.0,sell,5142.87,BTC-28JUN19-4000-P,60.34,0.0185,10.0,0,1556602716069,18449202,535
2019-04-30 05:38:36.069,20.0,sell,5142.87,BTC-28JUN19-4000-P,60.34,0.0185,20.0,1,1556602716069,18449203,536
2019-04-30 08:47:54.806,0.3,buy,5157.63,BTC-28JUN19-4000-P,63.39,0.0205,0.3,0,1556614074806,18452130,537
2019-04-30 14:29:04.248,20.0,sell,5274.92,BTC-28JUN19-4000-P,61.43,0.0155,20.0,2,1556634544248,18473601,538
2019-04-30 14:38:55.027,20.0,sell,5258.66,BTC-28JUN19-4000-P,60.26,0.015,20.0,2,1556635135027,18475023,539
2019-05-01 01:53:40.814,10.0,sell,5304.83,BTC-28JUN19-4000-P,61.8,0.015,10.0,3,1556675620814,18493684,540
2019-05-01 01:54:46.964,20.0,sell,5304.56,BTC-28JUN19-4000-P,60.45,0.014,20.0,2,1556675686964,18493686,541
2019-05-01 01:54:46.964,10.0,sell,5304.56,BTC-28JUN19-4000-P,60.45,0.014,10.0,3,1556675686964,18493687,542
2019-05-01 12:45:19.838,20.0,buy,5281.93,BTC-28JUN19-4000-P,61.17,0.015,20.0,0,1556714719838,18507467,543
2019-05-03 07:58:36.291,0.1,sell,5579.67,BTC-28JUN19-4000-P,61.77,0.0085,0.1,2,1556870316291,18616611,544
2019-05-05 13:07:45.368,1.0,buy,5735.82,BTC-28JUN19-4000-P,72.67,0.011,1.0,0,1557061665368,18873771,545
2019-05-06 09:51:58.049,0.3,buy,5620.25,BTC-28JUN19-4000-P,70.74,0.0115,0.3,0,1557136318049,18946307,546
2019-05-06 09:56:19.212,0.1,buy,5624.8,BTC-28JUN19-4000-P,70.79,0.0115,0.1,1,1557136579212,18946377,547
2019-05-06 10:07:12.535,0.1,buy,5629.92,BTC-28JUN19-4000-P,70.01,0.011,0.1,2,1557137232535,18946586,548
2019-05-06 10:44:12.809,0.3,buy,5626.48,BTC-28JUN19-4000-P,70.05,0.011,0.3,3,1557139452809,18947860,549
2019-05-07 08:54:08.631,0.9,buy,5868.32,BTC-28JUN19-4000-P,76.84,0.0105,0.9,2,1557219248631,19034140,550
2019-05-07 12:10:27.412,1.0,buy,5899.1,BTC-28JUN19-4000-P,75.86,0.0095,1.0,2,1557231027412,19039756,551
2019-05-07 13:52:33.962,0.1,sell,5920.3,BTC-28JUN19-4000-P,72.06,0.0075,0.1,2,1557237153962,19044850,552
2019-05-07 15:44:50.308,1.0,sell,5842.47,BTC-28JUN19-4000-P,71.04,0.008,1.0,0,1557243890308,19064524,553
2019-05-07 19:16:09.038,24.0,sell,5839.64,BTC-28JUN19-4000-P,72.13,0.0085,24.0,0,1557256569038,19074622,554
2019-05-07 23:57:25.549,0.2,buy,5765.37,BTC-28JUN19-4000-P,72.05,0.0095,0.2,0,1557273445549,19100040,555
2019-05-08 00:01:18.994,9.8,buy,5711.58,BTC-28JUN19-4000-P,70.16,0.0095,9.8,1,1557273678994,19103289,556
2019-05-08 00:01:43.667,10.0,buy,5671.33,BTC-28JUN19-4000-P,69.87,0.01,10.0,0,1557273703667,19104345,557
2019-05-08 19:34:51.160,1.0,buy,5901.29,BTC-28JUN19-4000-P,75.53,0.0095,1.0,2,1557344091160,19166502,558
2019-05-09 08:51:16.324,1.0,buy,6056.41,BTC-28JUN19-4000-P,77.86,0.0085,1.0,2,1557391876324,19229031,559
2019-05-10 05:59:12.485,0.3,buy,6275.31,BTC-28JUN19-4000-P,79.58,0.006999999999999999,0.3,2,1557467952485,19325569,560
2019-05-10 09:45:15.702,0.1,buy,6288.31,BTC-28JUN19-4000-P,79.96,0.006999999999999999,0.1,3,1557481515702,19346922,561
2019-05-10 15:43:18.485,2.0,sell,6269.73,BTC-28JUN19-4000-P,77.27,0.006,2.0,2,1557502998485,19365902,562
2019-05-10 16:58:07.072,5.0,sell,6376.8,BTC-28JUN19-4000-P,76.86,0.005,5.0,3,1557507487072,19381018,564
2019-05-10 16:58:07.072,5.0,sell,6376.8,BTC-28JUN19-4000-P,76.86,0.005,5.0,2,1557507487072,19381017,563
2019-05-10 18:30:49.996,0.1,buy,6401.83,BTC-28JUN19-4000-P,83.13,0.006999999999999999,0.1,0,1557513049996,19389549,565
2019-05-10 20:06:39.194,0.1,buy,6370.66,BTC-28JUN19-4000-P,82.44,0.006999999999999999,0.1,1,1557518799194,19395649,566
2019-05-11 03:07:35.945,1.0,sell,6543.04,BTC-28JUN19-4000-P,82.85,0.0055,1.0,2,1557544055945,19435317,567
2019-05-11 03:08:11.688,19.0,sell,6539.28,BTC-28JUN19-4000-P,79.44,0.0045,19.0,2,1557544091688,19435457,568
2019-05-11 06:25:53.332,0.3,sell,6924.45,BTC-28JUN19-4000-P,78.21,0.0025,0.3,2,1557555953332,19494911,569
2019-05-11 16:28:11.641,24.0,buy,6984.77,BTC-28JUN19-4000-P,95.53,0.006,24.0,0,1557592091641,19603407,570
2019-05-11 16:28:57.673,1.0,sell,6971.39,BTC-28JUN19-4000-P,95.26,0.006,1.0,1,1557592137673,19603739,571
2019-05-11 20:24:39.529,1.0,sell,6954.15,BTC-28JUN19-4000-P,91.73,0.005,1.0,2,1557606279529,19635819,572
2019-05-11 21:58:59.864,4.0,sell,7076.91,BTC-28JUN19-4000-P,94.34,0.005,4.0,3,1557611939864,19646405,573
2019-05-12 08:04:28.016,10.0,sell,7566.76,BTC-28JUN19-4000-P,105.62,0.0055,10.0,0,1557648268016,19843425,574
2019-05-12 08:04:40.634,10.0,sell,7573.7,BTC-28JUN19-4000-P,105.77,0.0055,10.0,1,1557648280634,19843519,575
2019-05-12 08:05:24.632,10.0,sell,7578.95,BTC-28JUN19-4000-P,101.65,0.0045,10.0,2,1557648324632,19843885,576
2019-05-12 09:51:29.674,1.0,sell,7323.95,BTC-28JUN19-4000-P,95.13,0.004,1.0,2,1557654689674,19891072,577
2019-05-12 15:06:25.812,3.0,sell,6970.39,BTC-28JUN19-4000-P,92.97,0.005,3.0,0,1557673585812,20002188,578
2019-05-13 10:48:10.839,5.0,sell,7085.02,BTC-28JUN19-4000-P,99.52,0.006,5.0,0,1557744490839,20153703,579
2019-05-13 12:29:05.050,1.0,buy,7327.37,BTC-28JUN19-4000-P,102.84,0.0055,1.0,2,1557750545050,20174053,580
2019-05-13 12:29:05.050,10.0,buy,7327.37,BTC-28JUN19-4000-P,102.84,0.0055,10.0,3,1557750545050,20174054,581
2019-05-13 12:29:22.879,9.0,buy,7323.07,BTC-28JUN19-4000-P,104.61,0.006,9.0,0,1557750562879,20174090,582
2019-05-13 13:48:55.242,2.0,buy,7426.89,BTC-28JUN19-4000-P,108.6,0.0065,2.0,0,1557755335242,20186878,583
2019-05-13 15:26:45.747,0.4,sell,7836.49,BTC-28JUN19-4000-P,106.97,0.004,0.4,2,1557761205747,20233470,584
2019-05-13 16:53:52.268,0.4,buy,7883.03,BTC-28JUN19-4000-P,110.26,0.0045,0.4,0,1557766432268,20268964,585
2019-05-13 22:40:50.745,4.9,buy,8067.17,BTC-28JUN19-4000-P,128.05,0.008,4.9,0,1557787250745,20339071,586
2019-05-13 22:40:50.750,0.1,sell,8067.17,BTC-28JUN19-4000-P,128.05,0.008,0.1,1,1557787250750,20339072,587
2019-05-13 23:25:58.865,4.4,sell,7751.08,BTC-28JUN19-4000-P,112.81,0.0055,4.4,2,1557789958865,20363296,588
2019-05-13 23:25:58.942,0.6,buy,7751.08,BTC-28JUN19-4000-P,112.81,0.0055,0.6,3,1557789958942,20363297,589
2019-05-14 06:18:05.031,10.0,buy,8014.5,BTC-28JUN19-4000-P,122.84,0.0065,10.0,0,1557814685031,20434324,590
2019-05-14 08:22:32.854,1.0,sell,8232.15,BTC-28JUN19-4000-P,117.86,0.0045,1.0,2,1557822152854,20467996,591
2019-05-14 08:23:11.381,50.0,sell,8223.97,BTC-28JUN19-4000-P,112.49,0.0035,50.0,2,1557822191381,20468121,592
2019-05-14 11:57:43.391,1.0,buy,8053.75,BTC-28JUN19-4000-P,125.49,0.006999999999999999,1.0,0,1557835063391,20508852,593
2019-05-14 14:33:25.368,3.0,sell,8086.6,BTC-28JUN19-4000-P,117.64,0.005,3.0,2,1557844405368,20530101,594
2019-05-14 21:05:40.525,0.5,buy,7644.48,BTC-28JUN19-4000-P,117.71,0.006999999999999999,0.5,0,1557867940525,20617092,595
2019-05-16 05:35:20.451,0.1,sell,7965.55,BTC-28JUN19-4000-P,107.9,0.003,0.1,2,1557984920451,20870438,596
2019-05-16 08:43:20.887,9.4,buy,8003.0,BTC-28JUN19-4000-P,108.81,0.003,9.4,3,1557996200887,20889775,597
2019-05-16 15:32:07.689,1.0,sell,7972.75,BTC-28JUN19-4000-P,108.56,0.003,1.0,3,1558020727689,20943780,598
2019-05-16 22:52:56.738,1.0,sell,7885.11,BTC-28JUN19-4000-P,110.32,0.0035,1.0,0,1558047176738,20996898,599
2019-05-17 08:38:30.285,2.0,sell,7276.86,BTC-28JUN19-4000-P,102.04,0.004,2.0,0,1558082310285,21134510,600
2019-05-17 14:02:45.127,1.0,sell,7219.76,BTC-28JUN19-4000-P,98.95,0.0035,1.0,2,1558101765127,21180040,601
2019-05-17 20:32:30.703,3.6,buy,7078.17,BTC-28JUN19-4000-P,113.39,0.008,3.6,1,1558125150703,21229535,603
2019-05-17 20:32:30.703,16.0,buy,7078.17,BTC-28JUN19-4000-P,113.39,0.008,16.0,0,1558125150703,21229534,602
2019-05-17 20:33:07.632,10.0,buy,7080.72,BTC-28JUN19-4000-P,116.55,0.009000000000000001,10.0,0,1558125187632,21229595,604
2019-05-17 20:33:07.632,16.0,buy,7080.72,BTC-28JUN19-4000-P,116.55,0.009000000000000001,16.0,1,1558125187632,21229596,605
2019-05-17 20:33:07.632,3.9,buy,7080.72,BTC-28JUN19-4000-P,116.55,0.009000000000000001,3.9,1,1558125187632,21229597,606
2019-05-17 20:33:07.634,0.1,sell,7080.72,BTC-28JUN19-4000-P,116.55,0.009000000000000001,0.1,1,1558125187634,21229598,607
2019-05-17 20:40:48.637,3.7,buy,7089.34,BTC-28JUN19-4000-P,119.79,0.01,3.7,1,1558125648637,21229880,610
2019-05-17 20:40:48.637,10.0,buy,7089.34,BTC-28JUN19-4000-P,119.79,0.01,10.0,0,1558125648637,21229878,608
2019-05-17 20:40:48.637,4.0,buy,7089.34,BTC-28JUN19-4000-P,119.79,0.01,4.0,1,1558125648637,21229879,609
2019-05-17 20:41:02.791,16.0,buy,7090.0,BTC-28JUN19-4000-P,121.24,0.0105,16.0,0,1558125662791,21229887,611
2019-05-17 20:41:02.791,10.0,buy,7090.0,BTC-28JUN19-4000-P,121.24,0.0105,10.0,1,1558125662791,21229888,612
2019-05-20 03:50:40.440,1.0,sell,8077.17,BTC-28JUN19-4000-P,112.02,0.0025,1.0,2,1558324240440,21521744,613
2019-05-20 20:27:19.440,6.0,sell,7809.3,BTC-28JUN19-4000-P,117.38,0.004,6.0,0,1558384039440,21618402,614
2019-05-21 14:24:52.591,3.0,sell,7924.22,BTC-28JUN19-4000-P,114.66,0.003,3.0,2,1558448692591,21699882,615
2019-05-22 06:11:11.082,40.0,sell,7944.02,BTC-28JUN19-4000-P,112.55,0.0025,40.0,2,1558505471082,21749366,616
2019-05-22 22:03:43.163,1.0,buy,7634.05,BTC-28JUN19-4000-P,107.86,0.0025,1.0,3,1558562623163,21830161,617
2019-05-23 09:01:12.320,2.0,buy,7558.46,BTC-28JUN19-4000-P,110.57,0.003,2.0,0,1558602072320,21882377,618
2019-05-23 11:23:59.036,10.0,sell,7622.21,BTC-28JUN19-4000-P,108.56,0.0025,10.0,2,1558610639036,21893634,619
2019-05-23 13:23:01.439,0.8,buy,7669.31,BTC-28JUN19-4000-P,109.56,0.0025,0.8,3,1558617781439,21900728,620
2019-05-23 13:23:03.947,2.0,buy,7669.32,BTC-28JUN19-4000-P,112.98,0.003,2.0,0,1558617783947,21900730,621
2019-05-25 11:21:20.202,12.6,sell,8142.53,BTC-28JUN19-4000-P,112.9,0.0015,12.6,2,1558783280202,22051486,622
2019-05-26 23:28:12.920,1.0,buy,8727.78,BTC-28JUN19-4000-P,120.58,0.001,1.0,2,1558913292920,22228973,623
2019-05-26 23:58:27.485,20.0,buy,8746.93,BTC-28JUN19-4000-P,155.63,0.005,20.0,0,1558915107485,22234003,629
2019-05-26 23:58:27.485,1.0,buy,8746.93,BTC-28JUN19-4000-P,158.51,0.0055,1.0,0,1558915107485,22234004,630
2019-05-26 23:58:27.485,0.5,buy,8746.93,BTC-28JUN19-4000-P,161.24,0.006,0.5,0,1558915107485,22234005,631
2019-05-26 23:58:27.485,10.0,buy,8746.93,BTC-28JUN19-4000-P,152.59,0.0045,10.0,0,1558915107485,22234002,628
2019-05-26 23:58:27.485,1.0,buy,8746.93,BTC-28JUN19-4000-P,133.08,0.002,1.0,0,1558915107485,22234000,626
2019-05-26 23:58:27.485,1.0,buy,8746.93,BTC-28JUN19-4000-P,127.48,0.0015,1.0,1,1558915107485,22233999,625
2019-05-26 23:58:27.485,4.5,buy,8746.93,BTC-28JUN19-4000-P,142.06,0.003,4.5,0,1558915107485,22234001,627
2019-05-26 23:58:27.485,2.0,buy,8746.93,BTC-28JUN19-4000-P,127.48,0.0015,2.0,0,1558915107485,22233998,624
2019-05-26 23:58:39.875,10.0,buy,8744.39,BTC-28JUN19-4000-P,155.6,0.005,10.0,2,1558915119875,22234053,632
2019-06-04 13:14:57.636,1.0,buy,7958.5,BTC-28JUN19-4000-P,129.03,0.0015,1.0,2,1559654097636,23209379,633
2019-06-04 17:38:14.501,24.0,buy,7769.01,BTC-28JUN19-4000-P,135.95,0.0025,24.0,0,1559669894501,23241534,634
2019-06-04 17:38:14.501,4.3,buy,7769.01,BTC-28JUN19-4000-P,135.95,0.0025,4.3,1,1559669894501,23241535,635
2019-06-04 17:38:16.999,21.7,sell,7769.5,BTC-28JUN19-4000-P,135.97,0.0025,21.7,1,1559669896999,23241586,636
2019-06-04 17:39:05.339,22.0,sell,7782.02,BTC-28JUN19-4000-P,136.16,0.0025,22.0,1,1559669945339,23242310,637
2019-06-04 17:39:24.836,28.0,sell,7780.57,BTC-28JUN19-4000-P,136.15,0.0025,28.0,1,1559669964836,23242425,638
2019-06-04 17:45:17.682,5.3,buy,7576.97,BTC-28JUN19-4000-P,138.83,0.0035,5.3,0,1559670317682,23253232,639
2019-06-04 17:45:18.238,5.0,sell,7576.97,BTC-28JUN19-4000-P,138.83,0.0035,5.0,1,1559670318238,23253273,640
2019-06-04 17:45:18.442,5.0,sell,7580.76,BTC-28JUN19-4000-P,138.83,0.0035,5.0,1,1559670318442,23253274,641
2019-06-04 17:45:28.355,10.0,sell,7574.68,BTC-28JUN19-4000-P,138.86,0.0035,10.0,1,1559670328355,23253534,642
2019-06-04 17:45:57.587,10.0,sell,7615.8,BTC-28JUN19-4000-P,140.11,0.0035,10.0,1,1559670357587,23254224,643
2019-06-04 17:46:09.812,5.0,sell,7619.76,BTC-28JUN19-4000-P,140.26,0.0035,5.0,1,1559670369812,23254405,644
2019-06-04 17:46:19.983,9.7,sell,7626.1,BTC-28JUN19-4000-P,140.4,0.0035,9.7,1,1559670379983,23254552,645
2019-06-04 17:51:26.627,24.0,buy,7612.01,BTC-28JUN19-4000-P,140.28,0.0035,24.0,1,1559670686627,23257875,646
2019-06-04 17:51:26.627,20.0,buy,7612.01,BTC-28JUN19-4000-P,140.28,0.0035,20.0,1,1559670686627,23257876,647
2019-06-04 17:51:26.715,6.0,sell,7612.01,BTC-28JUN19-4000-P,140.28,0.0035,6.0,1,1559670686715,23257881,648
2019-06-04 17:51:51.068,2.0,sell,7589.25,BTC-28JUN19-4000-P,135.88,0.003,2.0,2,1559670711068,23258137,649
2019-06-04 17:51:55.298,2.0,sell,7584.03,BTC-28JUN19-4000-P,139.47,0.0035,2.0,0,1559670715298,23258179,650
2019-06-04 17:54:01.994,2.0,sell,7629.33,BTC-28JUN19-4000-P,140.69,0.0035,2.0,1,1559670841994,23259842,651
2019-06-04 17:54:45.356,10.0,sell,7632.18,BTC-28JUN19-4000-P,140.84,0.0035,10.0,1,1559670885356,23260056,652
2019-06-04 17:54:55.588,10.0,sell,7640.92,BTC-28JUN19-4000-P,140.98,0.0035,10.0,1,1559670895588,23260095,653
2019-06-04 17:56:27.103,24.0,sell,7614.84,BTC-28JUN19-4000-P,140.24,0.0035,24.0,1,1559670987103,23260610,654
2019-06-04 19:11:14.006,2.0,buy,7509.48,BTC-28JUN19-4000-P,137.27,0.0035,2.0,1,1559675474006,23275459,655
2019-06-08 18:51:21.137,2.0,buy,7826.06,BTC-28JUN19-4000-P,130.43,0.001,2.0,2,1560019881137,23677032,656
2019-06-08 18:55:28.861,5.0,buy,7834.15,BTC-28JUN19-4000-P,130.57,0.001,5.0,3,1560020128861,23677105,657
2019-06-08 18:55:43.623,3.0,buy,7835.12,BTC-28JUN19-4000-P,130.66,0.001,3.0,3,1560020143623,23677107,658
2019-06-08 18:55:43.623,2.0,buy,7835.12,BTC-28JUN19-4000-P,130.66,0.001,2.0,3,1560020143623,23677108,659
2019-06-08 18:56:00.471,4.7,buy,7838.53,BTC-28JUN19-4000-P,130.78,0.001,4.7,3,1560020160471,23677131,660
2019-06-09 15:45:36.700,10.0,buy,7744.52,BTC-28JUN19-4000-P,131.17,0.001,10.0,3,1560095136700,23721910,661
2019-06-09 18:22:03.727,2.0,buy,7685.24,BTC-28JUN19-4000-P,130.05,0.001,2.0,3,1560104523727,23739224,662
2019-06-09 18:22:03.727,10.0,buy,7685.24,BTC-28JUN19-4000-P,130.05,0.001,10.0,3,1560104523727,23739225,663
2019-06-10 11:05:20.250,10.0,buy,7636.69,BTC-28JUN19-4000-P,131.46,0.001,10.0,3,1560164720250,23818087,664
2019-06-10 11:05:20.250,6.7,buy,7636.69,BTC-28JUN19-4000-P,131.46,0.001,6.7,3,1560164720250,23818088,665
2019-06-13 12:35:48.001,4.0,buy,8154.5,BTC-28JUN19-4000-P,145.19,0.0005,4.0,2,1560429348001,24064898,666
2019-06-13 20:30:04.226,0.1,buy,8260.09,BTC-28JUN19-4000-P,149.54,0.0005,0.1,3,1560457804226,24094002,667
