date_utc,amount,direction,indexPrice,instrument,iv,price,quantity,tickDirection,timeStamp,tradeId,tradeSeq
2019-02-14 11:39:43.224,2.0,sell,3556.25,BTC-28JUN19-4000-P,56.19,0.2245,2.0,0,1550144383224,15365757,230
2019-02-15 06:22:58.173,2.0,sell,3577.48,BTC-28JUN19-4000-P,55.06,0.2155,2.0,3,1550211778173,15380850,232
2019-02-15 06:22:58.173,6.0,sell,3577.48,BTC-28JUN19-4000-P,55.06,0.2155,6.0,2,1550211778173,15380849,231
2019-02-16 22:12:14.082,0.5,buy,3594.13,BTC-28JUN19-4000-P,57.64,0.2145,0.5,3,1550355134082,15423156,234
2019-02-16 22:12:14.082,1.0,buy,3594.13,BTC-28JUN19-4000-P,57.64,0.2145,1.0,2,1550355134082,15423155,233
2019-02-16 22:15:52.196,1.0,sell,3594.44,BTC-28JUN19-4000-P,55.6,0.2095,1.0,2,1550355352196,15423164,235
2019-02-18 12:56:27.419,3.0,sell,3732.21,BTC-28JUN19-4000-P,58.07,0.185,3.0,2,1550494587419,15518676,236
2019-02-18 23:21:14.102,0.1,buy,3866.81,BTC-28JUN19-4000-P,58.36,0.1585,0.1,2,1550532074102,15585948,237
2019-02-18 23:37:03.863,4.2,sell,3861.09,BTC-28JUN19-4000-P,56.78,0.156,4.2,2,1550533023863,15586537,238
2019-02-18 23:37:08.518,1.3,buy,3862.02,BTC-28JUN19-4000-P,56.83,0.156,1.3,3,1550533028518,15586540,239
2019-02-20 01:20:08.522,4.3,sell,3879.11,BTC-28JUN19-4000-P,57.31,0.1535,4.3,3,1550625608522,15672737,241
2019-02-20 01:20:08.522,5.0,sell,3879.11,BTC-28JUN19-4000-P,57.31,0.1535,5.0,2,1550625608522,15672736,240
2019-02-20 05:15:40.730,0.7000000000000001,buy,3877.81,BTC-28JUN19-4000-P,57.2,0.1535,0.7000000000000001,3,1550639740730,15677100,242
2019-02-20 19:58:15.947,1.0,sell,3924.0,BTC-28JUN19-4000-P,56.5,0.14400000000000002,1.0,2,1550692695947,15709484,244
2019-02-20 19:58:15.947,6.8,sell,3924.0,BTC-28JUN19-4000-P,56.71,0.1445,6.8,2,1550692695947,15709483,243
2019-02-20 19:58:15.947,4.2,sell,3924.0,BTC-28JUN19-4000-P,56.5,0.14400000000000002,4.2,3,1550692695947,15709485,245
2019-02-20 23:06:42.070,2.0,buy,3925.36,BTC-28JUN19-4000-P,56.25,0.14300000000000002,2.0,2,1550704002070,15713525,246
2019-02-21 17:30:47.257,0.1,sell,3889.74,BTC-28JUN19-4000-P,58.36,0.1515,0.1,0,1550770247257,15747472,247
2019-02-21 22:40:35.126,6.0,buy,3888.02,BTC-28JUN19-4000-P,58.3,0.152,6.0,0,1550788835126,15750744,248
2019-02-22 07:18:22.151,1.0,buy,3896.18,BTC-28JUN19-4000-P,58.84,0.152,1.0,1,1550819902151,15758408,249
2019-02-22 07:18:22.151,3.5,buy,3896.18,BTC-28JUN19-4000-P,58.84,0.152,3.5,1,1550819902151,15758409,250
2019-02-22 17:37:35.109,4.0,sell,3927.81,BTC-28JUN19-4000-P,58.08,0.145,4.0,2,1550857055109,15784815,251
2019-02-22 23:59:16.832,4.8,buy,3942.08,BTC-28JUN19-4000-P,58.96,0.1455,4.8,0,1550879956832,15789818,252
2019-02-23 12:19:31.606,3.5,sell,3932.09,BTC-28JUN19-4000-P,60.68,0.152,3.5,0,1550924371606,15802381,253
2019-02-23 22:23:54.892,6.0,sell,4115.94,BTC-28JUN19-4000-P,58.81,0.1215,6.0,2,1550960634892,15852140,254
2019-02-23 22:23:59.074,4.0,buy,4115.94,BTC-28JUN19-4000-P,58.81,0.1215,4.0,3,1550960639074,15852146,255
2019-02-24 13:58:17.725,1.0,buy,4068.7,BTC-28JUN19-4000-P,59.44,0.126,1.0,0,1551016697725,15883767,256
2019-02-24 14:16:06.984,1.0,sell,3761.0,BTC-28JUN19-4000-P,62.64,0.2005,1.0,0,1551017766984,15900780,257
2019-02-26 08:11:33.700,0.1,sell,3787.99,BTC-28JUN19-4000-P,61.27,0.1795,0.1,2,1551168693700,16023944,258
2019-02-26 19:06:22.598,0.2,sell,3794.66,BTC-28JUN19-4000-P,58.54,0.1725,0.2,2,1551207982598,16039666,259
2019-02-26 19:07:01.836,0.2,sell,3794.99,BTC-28JUN19-4000-P,58.4,0.172,0.2,2,1551208021836,16039676,260
2019-02-26 19:09:40.032,0.1,sell,3796.39,BTC-28JUN19-4000-P,58.56,0.172,0.1,3,1551208180032,16039730,261
2019-02-26 20:55:56.694,3.6,buy,3797.21,BTC-28JUN19-4000-P,58.64,0.172,3.6,3,1551214556694,16041946,262
2019-02-26 20:57:28.826,3.6,sell,3795.37,BTC-28JUN19-4000-P,58.18,0.171,3.6,2,1551214648826,16041965,263
2019-02-26 20:58:27.951,3.6,sell,3795.86,BTC-28JUN19-4000-P,58.01,0.1705,3.6,3,1551214707951,16041973,265
2019-02-26 20:58:27.951,5.0,sell,3795.86,BTC-28JUN19-4000-P,58.01,0.1705,5.0,2,1551214707951,16041972,264
2019-02-26 20:58:27.954,4.2,buy,3795.86,BTC-28JUN19-4000-P,58.01,0.1705,4.2,3,1551214707954,16041974,266
2019-02-28 15:49:35.830,2.0,sell,3848.69,BTC-28JUN19-4000-P,58.01,0.16,2.0,2,1551368975830,16119406,267
2019-03-01 22:14:36.120,1.0,buy,3798.67,BTC-28JUN19-4000-P,56.73,0.162,1.0,0,1551478476120,16158097,268
2019-03-02 11:39:00.192,0.2,sell,3812.64,BTC-28JUN19-4000-P,55.63,0.1585,0.2,2,1551526740192,16174755,269
2019-03-05 09:11:31.443,0.1,sell,3724.81,BTC-28JUN19-4000-P,56.63,0.174,0.1,0,1551777091443,16253170,270
2019-03-05 13:44:38.123,2.0,sell,3791.94,BTC-28JUN19-4000-P,58.2,0.165,2.0,2,1551793478123,16265415,271
2019-03-06 08:13:43.103,3.8,buy,3836.61,BTC-28JUN19-4000-P,57.93,0.1555,3.8,2,1551860023103,16308322,272
2019-03-06 08:13:55.081,3.8,buy,3836.55,BTC-28JUN19-4000-P,57.94,0.1555,3.8,3,1551860035081,16308323,273
2019-03-06 08:56:34.673,0.3,buy,3834.14,BTC-28JUN19-4000-P,57.91,0.1555,0.3,3,1551862594673,16309244,274
2019-03-06 19:40:29.991,3.8,buy,3844.53,BTC-28JUN19-4000-P,57.65,0.153,3.8,2,1551901229991,16327004,275
2019-03-06 19:41:31.376,3.8,sell,3844.66,BTC-28JUN19-4000-P,57.58,0.153,3.8,3,1551901291376,16327025,276
2019-03-06 19:41:59.583,0.9,sell,3844.78,BTC-28JUN19-4000-P,57.66,0.153,0.9,3,1551901319583,16327056,277
2019-03-07 10:05:16.160,0.2,sell,3838.12,BTC-28JUN19-4000-P,55.56,0.1485,0.2,2,1551953116160,16347442,278
2019-03-08 08:23:23.541,0.1,buy,3869.32,BTC-28JUN19-4000-P,56.59,0.146,0.1,2,1552033403541,16378413,279
2019-03-10 14:25:51.211,0.1,buy,3888.5,BTC-28JUN19-4000-P,56.05,0.142,0.1,2,1552227951211,16462393,280
2019-03-11 18:57:08.144,1.0,sell,3846.93,BTC-28JUN19-4000-P,54.82,0.1445,1.0,0,1552330628144,16496255,281
2019-03-13 11:43:57.971,3.6,sell,3843.07,BTC-28JUN19-4000-P,54.22,0.1445,3.6,1,1552477437971,16535444,282
2019-03-13 14:06:38.860,0.1,sell,3858.82,BTC-28JUN19-4000-P,53.91,0.1405,0.1,2,1552485998860,16537278,283
