date_utc,amount,direction,indexPrice,instrument,iv,price,quantity,tickDirection,timeStamp,tradeId,tradeSeq
2019-05-11 06:43:42.283,0.5,sell,6834.82,BTC-31MAY19-9000-C,73.13,0.0045,0.5,1,1557557022283,19508052,1
2019-05-11 06:54:17.884,0.1,buy,6804.8,BTC-31MAY19-9000-C,74.03,0.0045,0.1,1,1557557657884,19515825,2
2019-05-11 07:34:05.199,0.4,buy,6843.5,BTC-31MAY19-9000-C,72.93,0.0045,0.4,1,1557560045199,19525948,3
2019-05-11 12:01:56.157,0.5,buy,6793.29,BTC-31MAY19-9000-C,82.4,0.006999999999999999,0.5,0,1557576116157,19559197,4
2019-05-11 14:25:19.818,0.1,sell,6793.06,BTC-31MAY19-9000-C,88.98,0.0095,0.1,0,1557584719818,19572560,5
2019-05-11 15:19:39.962,0.5,buy,6824.29,BTC-31MAY19-9000-C,89.2,0.01,0.5,0,1557587979962,19578166,6
2019-05-11 15:23:22.727,0.5,buy,6849.03,BTC-31MAY19-9000-C,92.77,0.012,0.5,0,1557588202727,19579064,7
2019-05-11 15:23:23.814,0.5,sell,6850.14,BTC-31MAY19-9000-C,90.58,0.011000000000000001,0.5,2,1557588203814,19579067,8
2019-05-11 15:23:26.002,0.5,buy,6850.87,BTC-31MAY19-9000-C,90.56,0.011000000000000001,0.5,3,1557588206002,19579072,9
2019-05-11 15:23:26.051,0.5,buy,6850.87,BTC-31MAY19-9000-C,90.56,0.011000000000000001,0.5,3,1557588206051,19579074,10
2019-05-11 15:23:27.813,0.5,buy,6848.94,BTC-31MAY19-9000-C,90.62,0.011000000000000001,0.5,3,1557588207813,19579079,11
2019-05-11 15:23:27.847,0.5,buy,6848.94,BTC-31MAY19-9000-C,90.62,0.011000000000000001,0.5,3,1557588207847,19579080,12
2019-05-11 15:23:28.383,0.5,buy,6848.94,BTC-31MAY19-9000-C,90.62,0.011000000000000001,0.5,3,1557588208383,19579082,13
2019-05-11 15:23:29.486,0.5,buy,6849.02,BTC-31MAY19-9000-C,90.62,0.011000000000000001,0.5,3,1557588209486,19579088,14
2019-05-11 15:23:31.108,0.5,buy,6849.72,BTC-31MAY19-9000-C,90.6,0.011000000000000001,0.5,3,1557588211108,19579096,15
2019-05-11 15:23:31.150,0.5,buy,6849.72,BTC-31MAY19-9000-C,90.6,0.011000000000000001,0.5,3,1557588211150,19579097,16
2019-05-11 15:23:31.614,0.5,buy,6849.72,BTC-31MAY19-9000-C,90.6,0.011000000000000001,0.5,3,1557588211614,19579098,17
2019-05-11 15:23:32.124,0.5,buy,6849.2,BTC-31MAY19-9000-C,90.61,0.011000000000000001,0.5,3,1557588212124,19579100,18
2019-05-11 15:23:32.640,0.5,buy,6849.2,BTC-31MAY19-9000-C,90.61,0.011000000000000001,0.5,3,1557588212640,19579106,19
2019-05-11 15:23:33.854,0.5,buy,6852.09,BTC-31MAY19-9000-C,90.52,0.011000000000000001,0.5,3,1557588213854,19579109,20
2019-05-11 15:23:33.915,0.1,buy,6852.09,BTC-31MAY19-9000-C,90.52,0.011000000000000001,0.1,3,1557588213915,19579111,21
2019-05-11 15:23:34.865,0.5,buy,6852.37,BTC-31MAY19-9000-C,90.51,0.011000000000000001,0.5,3,1557588214865,19579114,22
2019-05-11 15:23:35.323,0.5,buy,6852.37,BTC-31MAY19-9000-C,90.51,0.011000000000000001,0.5,3,1557588215323,19579115,23
2019-05-11 15:23:35.341,0.5,buy,6852.37,BTC-31MAY19-9000-C,90.51,0.011000000000000001,0.5,3,1557588215341,19579116,24
2019-05-11 15:23:35.851,0.5,buy,6852.58,BTC-31MAY19-9000-C,90.5,0.011000000000000001,0.5,3,1557588215851,19579118,25
2019-05-11 15:23:36.454,0.5,buy,6852.58,BTC-31MAY19-9000-C,90.5,0.011000000000000001,0.5,3,1557588216454,19579122,26
2019-05-11 15:23:36.995,0.5,buy,6852.92,BTC-31MAY19-9000-C,90.49,0.011000000000000001,0.5,3,1557588216995,19579124,27
2019-05-11 15:23:39.047,0.5,buy,6854.67,BTC-31MAY19-9000-C,90.43,0.011000000000000001,0.5,3,1557588219047,19579148,28
2019-05-11 15:23:39.571,0.5,buy,6854.67,BTC-31MAY19-9000-C,90.43,0.011000000000000001,0.5,3,1557588219571,19579149,29
2019-05-11 15:23:39.600,0.5,buy,6854.67,BTC-31MAY19-9000-C,90.43,0.011000000000000001,0.5,3,1557588219600,19579150,30
2019-05-11 15:23:39.616,0.5,buy,6854.67,BTC-31MAY19-9000-C,90.43,0.011000000000000001,0.5,3,1557588219616,19579151,31
2019-05-11 15:23:39.635,0.5,buy,6854.67,BTC-31MAY19-9000-C,90.43,0.011000000000000001,0.5,3,1557588219635,19579152,32
2019-05-11 15:23:40.320,0.5,sell,6854.23,BTC-31MAY19-9000-C,91.53,0.0115,0.5,0,1557588220320,19579155,33
2019-05-11 15:23:58.850,0.5,sell,6853.03,BTC-31MAY19-9000-C,92.64,0.012,0.5,0,1557588238850,19579253,34
2019-05-11 16:53:44.139,24.0,sell,6926.4,BTC-31MAY19-9000-C,97.17,0.0155,24.0,0,1557593624139,19610318,35
2019-05-11 18:07:00.465,0.4,sell,6963.25,BTC-31MAY19-9000-C,96.91,0.016,0.4,0,1557598020465,19618858,36
2019-05-11 21:58:51.108,0.1,buy,7074.41,BTC-31MAY19-9000-C,95.99,0.0175,0.1,0,1557611931108,19646308,37
2019-05-11 21:59:09.051,0.4,buy,7077.07,BTC-31MAY19-9000-C,96.77,0.018000000000000002,0.4,0,1557611949051,19646572,38
2019-05-11 21:59:09.051,16.0,buy,7077.07,BTC-31MAY19-9000-C,99.33,0.0195,16.0,0,1557611949051,19646573,39
2019-05-11 21:59:10.729,0.4,sell,7079.13,BTC-31MAY19-9000-C,99.25,0.0195,0.4,1,1557611950729,19646583,40
2019-05-11 21:59:10.768,0.4,sell,7079.13,BTC-31MAY19-9000-C,99.25,0.0195,0.4,1,1557611950768,19646586,41
2019-05-11 21:59:12.704,0.4,sell,7078.81,BTC-31MAY19-9000-C,99.26,0.0195,0.4,1,1557611952704,19646595,42
2019-05-11 21:59:12.728,0.4,sell,7078.81,BTC-31MAY19-9000-C,99.26,0.0195,0.4,1,1557611952728,19646596,43
2019-05-11 21:59:12.746,0.4,sell,7078.81,BTC-31MAY19-9000-C,99.26,0.0195,0.4,1,1557611952746,19646597,44
2019-05-11 21:59:12.770,0.4,sell,7078.81,BTC-31MAY19-9000-C,99.26,0.0195,0.4,1,1557611952770,19646598,45
2019-05-11 21:59:12.787,0.4,sell,7078.81,BTC-31MAY19-9000-C,99.26,0.0195,0.4,1,1557611952787,19646599,46
2019-05-11 21:59:12.855,0.4,sell,7078.23,BTC-31MAY19-9000-C,99.28,0.0195,0.4,1,1557611952855,19646600,47
2019-05-11 21:59:13.932,0.4,sell,7078.22,BTC-31MAY19-9000-C,99.28,0.0195,0.4,1,1557611953932,19646604,48
2019-05-11 21:59:14.573,0.4,sell,7078.22,BTC-31MAY19-9000-C,99.28,0.0195,0.4,1,1557611954573,19646607,49
2019-05-11 21:59:15.164,0.4,sell,7076.2,BTC-31MAY19-9000-C,99.36,0.0195,0.4,1,1557611955164,19646608,50
2019-05-11 21:59:16.305,0.4,sell,7076.6,BTC-31MAY19-9000-C,99.34,0.0195,0.4,1,1557611956305,19646615,51
2019-05-11 21:59:17.392,0.4,sell,7076.36,BTC-31MAY19-9000-C,99.35,0.0195,0.4,1,1557611957392,19646620,52
2019-05-11 21:59:18.558,0.4,sell,7076.36,BTC-31MAY19-9000-C,99.35,0.0195,0.4,1,1557611958558,19646632,53
2019-05-11 21:59:19.973,0.4,sell,7077.69,BTC-31MAY19-9000-C,99.3,0.0195,0.4,1,1557611959973,19646647,54
2019-05-11 21:59:36.003,16.0,buy,7076.16,BTC-31MAY19-9000-C,101.03,0.0205,16.0,0,1557611976003,19646684,56
2019-05-11 21:59:36.003,0.4,buy,7076.16,BTC-31MAY19-9000-C,100.2,0.02,0.4,0,1557611976003,19646683,55
2019-05-11 21:59:38.315,0.4,sell,7076.16,BTC-31MAY19-9000-C,101.03,0.0205,0.4,1,1557611978315,19646696,57
2019-05-11 21:59:38.398,0.4,sell,7076.16,BTC-31MAY19-9000-C,101.03,0.0205,0.4,1,1557611978398,19646697,58
2019-05-11 21:59:39.767,0.4,sell,7079.43,BTC-31MAY19-9000-C,100.91,0.0205,0.4,1,1557611979767,19646700,59
2019-05-11 21:59:42.306,0.4,sell,7078.93,BTC-31MAY19-9000-C,100.93,0.0205,0.4,1,1557611982306,19646721,60
2019-05-11 21:59:42.404,0.4,sell,7078.93,BTC-31MAY19-9000-C,100.93,0.0205,0.4,1,1557611982404,19646727,61
2019-05-11 21:59:42.910,0.4,sell,7079.61,BTC-31MAY19-9000-C,100.9,0.0205,0.4,1,1557611982910,19646732,62
2019-05-11 21:59:43.443,0.4,sell,7079.61,BTC-31MAY19-9000-C,100.9,0.0205,0.4,1,1557611983443,19646735,63
2019-05-11 21:59:43.496,0.4,sell,7079.61,BTC-31MAY19-9000-C,100.9,0.0205,0.4,1,1557611983496,19646736,64
2019-05-11 22:10:48.478,3.0,sell,7095.46,BTC-31MAY19-9000-C,95.25,0.0175,3.0,2,1557612648478,19658496,65
2019-05-11 23:20:42.639,0.1,buy,7378.25,BTC-31MAY19-9000-C,101.1,0.027999999999999997,0.1,0,1557616842639,19706489,66
2019-05-12 00:15:42.990,0.4,buy,7279.52,BTC-31MAY19-9000-C,100.65,0.025,0.4,2,1557620142990,19737749,67
2019-05-12 06:08:41.687,0.2,buy,7329.04,BTC-31MAY19-9000-C,102.34,0.027000000000000003,0.2,0,1557641321687,19818461,68
2019-05-12 10:34:56.097,0.3,sell,7309.19,BTC-31MAY19-9000-C,97.57,0.023,0.3,2,1557657296097,19908531,69
2019-05-12 17:36:46.744,0.5,buy,6864.97,BTC-31MAY19-9000-C,98.07,0.0135,0.5,2,1557682606744,20042952,70
2019-05-13 07:38:08.415,10.0,buy,7028.4,BTC-31MAY19-9000-C,97.65,0.0155,10.0,0,1557733088415,20141235,71
2019-05-13 07:56:43.260,10.0,sell,7026.49,BTC-31MAY19-9000-C,97.75,0.0155,10.0,1,1557734203260,20142795,72
2019-05-13 10:57:51.196,0.4,sell,7101.9,BTC-31MAY19-9000-C,95.29,0.0155,0.4,1,1557745071196,20154035,73
2019-05-13 10:57:51.196,15.6,sell,7101.9,BTC-31MAY19-9000-C,95.29,0.0155,15.6,1,1557745071196,20154036,74
2019-05-13 14:55:52.700,10.0,sell,7514.66,BTC-31MAY19-9000-C,93.37,0.0235,10.0,0,1557759352700,20202009,75
2019-05-13 15:18:50.010,0.4,sell,7857.77,BTC-31MAY19-9000-C,94.02,0.034,0.4,0,1557760730010,20226804,76
2019-05-13 15:29:04.553,1.7,buy,7814.89,BTC-31MAY19-9000-C,105.7,0.0415,1.7,1,1557761344553,20234886,78
2019-05-13 15:29:04.553,0.4,buy,7814.89,BTC-31MAY19-9000-C,105.7,0.0415,0.4,0,1557761344553,20234885,77
2019-05-13 16:38:37.078,1.0,sell,7895.64,BTC-31MAY19-9000-C,109.79,0.0475,1.0,0,1557765517078,20263399,79
2019-05-13 16:52:11.736,0.4,buy,7856.48,BTC-31MAY19-9000-C,113.48,0.049,0.4,0,1557766331736,20267965,80
2019-05-13 16:52:11.737,0.8,sell,7856.48,BTC-31MAY19-9000-C,113.48,0.049,0.8,1,1557766331737,20267966,81
2019-05-13 17:12:42.053,0.4,buy,7930.37,BTC-31MAY19-9000-C,113.83,0.052000000000000005,0.4,0,1557767562053,20274239,82
2019-05-13 19:27:08.374,0.2,buy,7859.92,BTC-31MAY19-9000-C,110.53,0.0465,0.2,2,1557775628374,20296441,83
2019-05-13 19:59:40.898,2.1,buy,7900.42,BTC-31MAY19-9000-C,105.61,0.044000000000000004,2.1,2,1557777580898,20301650,84
2019-05-13 21:50:02.015,2.3000000000000003,sell,8105.96,BTC-31MAY19-9000-C,114.04,0.0585,2.3000000000000003,0,1557784202015,20328754,85
2019-05-14 00:04:26.192,9.8,sell,7805.42,BTC-31MAY19-9000-C,107.85,0.042,9.8,3,1557792266192,20371450,88
2019-05-14 00:04:26.192,0.4,sell,7805.42,BTC-31MAY19-9000-C,107.85,0.042,0.4,2,1557792266192,20371449,87
2019-05-14 00:04:26.192,3.3000000000000003,sell,7805.42,BTC-31MAY19-9000-C,109.15,0.043,3.3000000000000003,2,1557792266192,20371448,86
2019-05-14 01:51:30.287,0.2,buy,7969.06,BTC-31MAY19-9000-C,114.43,0.053,0.2,0,1557798690287,20394615,89
2019-05-14 07:50:00.242,1.0,buy,8236.34,BTC-31MAY19-9000-C,106.03,0.055999999999999994,1.0,0,1557820200242,20455177,90
2019-05-14 08:32:07.994,5.0,sell,8225.23,BTC-31MAY19-9000-C,104.85,0.0545,5.0,2,1557822727994,20469713,91
2019-05-14 10:45:58.800,2.4,buy,7998.46,BTC-31MAY19-9000-C,114.28,0.053,2.4,2,1557830758800,20503509,92
2019-05-14 11:40:27.207,0.2,sell,8041.42,BTC-31MAY19-9000-C,112.97,0.0535,0.2,0,1557834027207,20507506,93
2019-05-14 11:42:45.428,0.1,sell,8032.89,BTC-31MAY19-9000-C,113.39,0.0535,0.1,1,1557834165428,20507621,94
2019-05-14 12:04:48.034,0.3,sell,8104.07,BTC-31MAY19-9000-C,107.54,0.0515,0.3,2,1557835488034,20509527,95
2019-05-14 12:14:17.816,0.1,sell,8151.68,BTC-31MAY19-9000-C,110.16,0.0555,0.1,0,1557836057816,20511539,96
2019-05-14 12:18:35.335,1.8,sell,8181.0,BTC-31MAY19-9000-C,111.77,0.057999999999999996,1.8,0,1557836315335,20512551,97
2019-05-14 12:35:30.297,2.5,sell,8170.81,BTC-31MAY19-9000-C,106.83,0.0535,2.5,2,1557837330297,20515400,98
2019-05-14 12:35:47.078,5.7,buy,8165.92,BTC-31MAY19-9000-C,106.45,0.053,5.7,2,1557837347078,20515429,99
2019-05-14 12:37:21.216,4.0,sell,8150.67,BTC-31MAY19-9000-C,105.97,0.052000000000000005,4.0,2,1557837441216,20515887,100
2019-05-14 12:38:27.081,2.0,sell,8147.55,BTC-31MAY19-9000-C,104.89,0.051,2.0,2,1557837507081,20516026,101
2019-05-14 12:40:36.632,10.0,sell,8151.56,BTC-31MAY19-9000-C,105.32,0.0515,10.0,0,1557837636632,20516177,102
2019-05-14 12:49:16.322,1.0,sell,8187.07,BTC-31MAY19-9000-C,104.23,0.052000000000000005,1.0,0,1557838156322,20517318,103
2019-05-14 12:49:16.322,2.2,sell,8187.07,BTC-31MAY19-9000-C,104.23,0.052000000000000005,2.2,1,1557838156322,20517319,104
2019-05-14 12:49:16.325,0.1,buy,8187.07,BTC-31MAY19-9000-C,104.23,0.052000000000000005,0.1,1,1557838156325,20517320,105
2019-05-14 12:55:41.324,2.3000000000000003,sell,8170.43,BTC-31MAY19-9000-C,103.82,0.051,2.3000000000000003,2,1557838541324,20517867,106
2019-05-14 13:45:19.392,1.0,buy,8184.06,BTC-31MAY19-9000-C,116.07,0.0615,1.0,0,1557841519392,20523422,107
2019-05-14 15:26:33.388,0.5,sell,8066.32,BTC-31MAY19-9000-C,107.94,0.05,0.5,2,1557847593388,20539660,108
2019-05-14 15:42:51.883,2.5,sell,8059.5,BTC-31MAY19-9000-C,107.05,0.049,2.5,2,1557848571883,20540987,109
2019-05-14 20:45:48.849,7.0,sell,7765.63,BTC-31MAY19-9000-C,109.12,0.0395,7.0,2,1557866748849,20609386,110
2019-05-15 07:54:55.782,1.0,sell,7846.5,BTC-31MAY19-9000-C,102.84,0.0365,1.0,2,1557906895782,20679425,111
2019-05-15 07:55:13.276,1.0,sell,7866.47,BTC-31MAY19-9000-C,103.29,0.0375,1.0,0,1557906913276,20679654,112
2019-05-15 07:58:47.246,1.0,buy,7907.88,BTC-31MAY19-9000-C,111.41,0.045,1.0,0,1557907127246,20680701,113
2019-05-15 08:21:21.392,10.0,sell,7954.38,BTC-31MAY19-9000-C,102.63,0.04,10.0,2,1557908481392,20682849,114
2019-05-15 08:23:02.514,5.0,buy,7936.41,BTC-31MAY19-9000-C,101.46,0.0385,5.0,2,1557908582514,20682985,115
2019-05-15 08:56:11.942,10.0,buy,7909.96,BTC-31MAY19-9000-C,104.79,0.04,10.0,0,1557910571942,20684423,117
2019-05-15 08:56:11.942,20.0,buy,7909.96,BTC-31MAY19-9000-C,104.12,0.0395,20.0,0,1557910571942,20684422,116
2019-05-15 09:11:39.699,10.0,buy,7944.73,BTC-31MAY19-9000-C,109.83,0.045,10.0,0,1557911499699,20685474,118
2019-05-15 09:11:39.875,10.0,sell,7944.73,BTC-31MAY19-9000-C,109.83,0.045,10.0,1,1557911499875,20685475,119
2019-05-15 09:11:43.757,10.0,sell,7944.79,BTC-31MAY19-9000-C,109.83,0.045,10.0,1,1557911503757,20685483,120
2019-05-15 09:12:49.208,1.0,sell,7939.95,BTC-31MAY19-9000-C,110.06,0.045,1.0,1,1557911569208,20685558,121
2019-05-15 09:19:02.388,10.0,sell,7937.42,BTC-31MAY19-9000-C,110.19,0.045,10.0,1,1557911942388,20685831,122
2019-05-15 09:19:37.809,4.0,sell,7931.6,BTC-31MAY19-9000-C,110.48,0.045,4.0,1,1557911977809,20685899,123
2019-05-15 09:49:00.998,0.4,buy,8051.26,BTC-31MAY19-9000-C,113.8,0.052000000000000005,0.4,0,1557913740998,20689554,124
2019-05-15 09:49:18.996,1.0,buy,8057.23,BTC-31MAY19-9000-C,113.51,0.052000000000000005,1.0,1,1557913758996,20689613,125
2019-05-15 11:12:20.380,1.0,buy,8100.67,BTC-31MAY19-9000-C,113.46,0.0535,1.0,0,1557918740380,20699604,126
2019-05-15 11:12:33.842,1.0,buy,8099.54,BTC-31MAY19-9000-C,114.16,0.054000000000000006,1.0,0,1557918753842,20699605,127
2019-05-15 11:12:56.353,1.0,buy,8097.89,BTC-31MAY19-9000-C,115.51,0.055,1.0,0,1557918776353,20699610,128
2019-05-15 14:30:11.499,0.5,buy,7958.85,BTC-31MAY19-9000-C,113.21,0.0475,0.5,2,1557930611499,20724913,129
2019-05-16 04:57:36.542,1.0,sell,7958.42,BTC-31MAY19-9000-C,100.47,0.0365,1.0,2,1557982656542,20863457,130
2019-05-16 09:16:28.112,0.3,buy,8047.32,BTC-31MAY19-9000-C,106.34,0.0435,0.3,0,1557998188112,20892361,131
2019-05-16 09:18:06.823,0.4,sell,8049.78,BTC-31MAY19-9000-C,101.47,0.04,0.4,2,1557998286823,20892496,132
2019-05-16 09:18:06.823,0.6,sell,8049.78,BTC-31MAY19-9000-C,101.47,0.04,0.6,3,1557998286823,20892497,133
2019-05-16 09:18:16.319,1.0,sell,8046.86,BTC-31MAY19-9000-C,101.62,0.04,1.0,3,1557998296319,20892502,134
2019-05-16 09:18:20.482,1.0,sell,8046.13,BTC-31MAY19-9000-C,101.65,0.04,1.0,3,1557998300482,20892506,135
2019-05-16 09:18:24.396,1.0,sell,8045.58,BTC-31MAY19-9000-C,101.68,0.04,1.0,3,1557998304396,20892518,136
2019-05-16 17:45:31.553,10.0,sell,7878.01,BTC-31MAY19-9000-C,104.01,0.035,10.0,2,1558028731553,20959768,137
2019-05-16 17:51:46.983,20.0,sell,7894.94,BTC-31MAY19-9000-C,103.22,0.035,20.0,3,1558029106983,20960251,138
2019-05-16 17:56:50.966,2.4,sell,7927.01,BTC-31MAY19-9000-C,102.41,0.0355,2.4,0,1558029410966,20960526,139
2019-05-16 17:56:50.966,3.6,sell,7927.01,BTC-31MAY19-9000-C,100.97,0.0345,3.6,2,1558029410966,20960527,140
2019-05-16 20:53:53.010,12.0,sell,7788.13,BTC-31MAY19-9000-C,103.59,0.0315,12.0,2,1558040033010,20978250,141
2019-05-17 00:04:26.210,22.0,buy,7894.41,BTC-31MAY19-9000-C,102.71,0.034,22.0,0,1558051466210,21002399,142
2019-05-17 00:04:26.628,3.0,buy,7894.41,BTC-31MAY19-9000-C,102.71,0.034,3.0,1,1558051466628,21002401,143
2019-05-17 00:04:26.672,3.0,buy,7894.41,BTC-31MAY19-9000-C,102.71,0.034,3.0,1,1558051466672,21002404,144
2019-05-17 00:07:11.920,1.9,buy,7924.82,BTC-31MAY19-9000-C,101.25,0.034,1.9,1,1558051631920,21002683,145
2019-05-17 00:07:14.816,0.1,buy,7924.63,BTC-31MAY19-9000-C,101.26,0.034,0.1,1,1558051634816,21002697,146
2019-05-17 01:08:36.129,10.0,sell,7874.42,BTC-31MAY19-9000-C,103.84,0.034,10.0,1,1558055316129,21006299,147
2019-05-17 06:17:09.890,0.4,sell,7209.28,BTC-31MAY19-9000-C,107.01,0.0175,0.4,2,1558073829890,21121034,148
2019-05-17 15:14:41.329,0.1,buy,7170.0,BTC-31MAY19-9000-C,113.18,0.019,0.1,0,1558106081329,21186152,149
2019-05-17 15:14:41.331,0.1,sell,7170.0,BTC-31MAY19-9000-C,113.18,0.019,0.1,1,1558106081331,21186153,150
2019-05-17 16:09:18.900,1.0,buy,7006.78,BTC-31MAY19-9000-C,108.51,0.0135,1.0,2,1558109358900,21193398,151
2019-05-17 16:18:26.583,16.0,buy,7118.33,BTC-31MAY19-9000-C,114.62,0.0185,16.0,0,1558109906583,21195481,152
2019-05-17 16:44:15.078,5.0,sell,7145.98,BTC-31MAY19-9000-C,115.49,0.0195,5.0,0,1558111455078,21198626,153
2019-05-17 16:51:46.259,4.0,sell,7085.28,BTC-31MAY19-9000-C,116.17,0.0185,4.0,2,1558111906259,21199861,154
2019-05-18 09:11:21.529,16.0,sell,7305.27,BTC-31MAY19-9000-C,106.24,0.017,16.0,2,1558170681529,21285569,155
2019-05-18 09:14:31.623,2.0,buy,7276.58,BTC-31MAY19-9000-C,107.52,0.017,2.0,3,1558170871623,21286251,156
2019-05-18 11:07:33.014,1.0,buy,7329.71,BTC-31MAY19-9000-C,105.49,0.017,1.0,3,1558177653014,21294967,157
2019-05-19 01:30:46.285,3.0,buy,7612.05,BTC-31MAY19-9000-C,104.74,0.022000000000000002,3.0,0,1558229446285,21334708,158
2019-05-19 01:31:11.007,7.0,buy,7606.48,BTC-31MAY19-9000-C,105.0,0.022000000000000002,7.0,1,1558229471007,21334950,159
2019-05-19 02:07:20.797,0.1,buy,7772.87,BTC-31MAY19-9000-C,101.54,0.0245,0.1,0,1558231640797,21344638,160
2019-05-19 02:08:58.466,1.0,buy,7749.65,BTC-31MAY19-9000-C,101.81,0.024,1.0,2,1558231738466,21345468,161
2019-05-19 10:17:46.723,15.0,buy,8103.82,BTC-31MAY19-9000-C,114.5,0.0425,15.0,0,1558261066723,21395599,162
2019-05-19 20:47:36.260,0.2,buy,8009.01,BTC-31MAY19-9000-C,107.8,0.0335,0.2,2,1558298856260,21455306,163
2019-05-20 05:16:11.515,0.1,buy,7989.66,BTC-31MAY19-9000-C,109.74,0.033,0.1,2,1558329371515,21530450,164
2019-05-20 06:31:07.332,0.1,sell,7944.36,BTC-31MAY19-9000-C,102.3,0.027000000000000003,0.1,2,1558333867332,21533565,165
2019-05-20 08:16:06.975,1.2,buy,7883.03,BTC-31MAY19-9000-C,104.14,0.026000000000000002,1.2,2,1558340166975,21546822,166
2019-05-20 14:04:33.600,2.0,buy,7758.75,BTC-31MAY19-9000-C,116.44,0.0285,2.0,0,1558361073600,21590888,167
2019-05-20 14:15:34.099,1.0,buy,7785.21,BTC-31MAY19-9000-C,117.73,0.03,1.0,0,1558361734099,21592082,168
2019-05-20 16:26:02.000,0.4,buy,7874.7,BTC-31MAY19-9000-C,115.09,0.031,0.4,0,1558369562000,21601623,169
2019-05-20 19:22:17.234,2.5,sell,7830.15,BTC-31MAY19-9000-C,111.98,0.0275,2.5,2,1558380137234,21613583,170
2019-05-20 23:07:55.018,1.2,buy,7955.83,BTC-31MAY19-9000-C,112.08,0.031,1.2,0,1558393675018,21648548,171
2019-05-21 01:01:04.869,4.0,buy,7958.14,BTC-31MAY19-9000-C,110.63,0.03,4.0,2,1558400464869,21657301,172
2019-05-21 04:20:42.074,24.0,sell,7917.3,BTC-31MAY19-9000-C,104.62,0.025,24.0,2,1558412442074,21668369,173
2019-05-21 15:57:12.651,1.0,buy,7937.43,BTC-31MAY19-9000-C,100.31,0.022000000000000002,1.0,2,1558454232651,21706039,174
2019-05-21 15:57:38.784,1.0,buy,7931.96,BTC-31MAY19-9000-C,100.61,0.022000000000000002,1.0,3,1558454258784,21706097,175
2019-05-21 15:59:45.079,2.0,buy,7926.46,BTC-31MAY19-9000-C,100.92,0.022,2.0,3,1558454385079,21706224,176
2019-05-21 17:32:47.363,1.0,buy,7954.37,BTC-31MAY19-9000-C,99.72,0.022000000000000002,1.0,3,1558459967363,21710782,177
2019-05-21 19:00:58.212,0.3,buy,8020.25,BTC-31MAY19-9000-C,100.19,0.024,0.3,0,1558465258212,21718317,178
2019-05-22 01:22:41.357,1.0,sell,7990.52,BTC-31MAY19-9000-C,98.44,0.0215,1.0,2,1558488161357,21739296,179
2019-05-22 01:22:51.082,9.0,sell,7979.61,BTC-31MAY19-9000-C,99.05,0.0215,9.0,3,1558488171082,21739449,180
2019-05-22 01:44:27.993,1.0,sell,7976.34,BTC-31MAY19-9000-C,99.31,0.0215,1.0,3,1558489467993,21740144,181
2019-05-22 01:44:37.751,1.0,sell,7975.19,BTC-31MAY19-9000-C,99.38,0.0215,1.0,3,1558489477751,21740147,182
2019-05-22 09:58:52.241,1.0,buy,7890.8,BTC-31MAY19-9000-C,96.51,0.017,1.0,2,1558519132241,21755546,183
2019-05-22 15:32:04.635,1.0,sell,8001.07,BTC-31MAY19-9000-C,95.92,0.019,1.0,0,1558539124635,21783956,184
2019-05-22 20:22:34.861,10.0,sell,7752.05,BTC-31MAY19-9000-C,100.7,0.0145,10.0,2,1558556554861,21806514,185
2019-05-22 20:35:58.562,1.0,sell,7817.74,BTC-31MAY19-9000-C,94.75,0.0135,1.0,2,1558557358562,21814853,186
2019-05-22 21:03:24.697,1.0,sell,7816.05,BTC-31MAY19-9000-C,93.7,0.013000000000000001,1.0,2,1558559004697,21819419,187
2019-05-22 22:05:11.245,10.0,sell,7601.08,BTC-31MAY19-9000-C,99.91,0.011000000000000001,10.0,2,1558562711245,21830772,188
2019-05-23 08:29:56.396,0.3,buy,7571.79,BTC-31MAY19-9000-C,98.05,0.009000000000000001,0.3,2,1558600196396,21879802,189
2019-05-23 09:14:59.069,0.3,sell,7505.0,BTC-31MAY19-9000-C,91.12,0.006,0.3,2,1558602899069,21885687,190
2019-05-23 10:49:47.310,15.0,sell,7608.61,BTC-31MAY19-9000-C,91.84,0.0075,15.0,0,1558608587310,21891757,191
2019-05-23 13:07:25.798,10.0,buy,7649.55,BTC-31MAY19-9000-C,99.78,0.0105,10.0,0,1558616845798,21898508,192
2019-05-23 13:07:25.798,20.0,buy,7649.55,BTC-31MAY19-9000-C,99.78,0.0105,20.0,1,1558616845798,21898509,193
2019-05-23 13:08:00.128,10.0,sell,7653.41,BTC-31MAY19-9000-C,101.04,0.011000000000000001,10.0,0,1558616880128,21898606,194
2019-05-23 13:24:58.634,2.0,sell,7653.43,BTC-31MAY19-9000-C,91.87,0.008,2.0,2,1558617898634,21900848,195
2019-05-23 14:22:13.512,1.0,sell,7715.96,BTC-31MAY19-9000-C,93.59,0.0095,1.0,0,1558621333512,21906239,196
2019-05-23 14:22:23.261,1.0,sell,7713.63,BTC-31MAY19-9000-C,93.71,0.0095,1.0,1,1558621343261,21906260,197
2019-05-23 20:46:15.548,16.0,buy,7811.36,BTC-31MAY19-9000-C,95.88,0.0115,16.0,0,1558644375548,21932502,198
2019-05-23 20:46:15.548,20.0,buy,7811.36,BTC-31MAY19-9000-C,95.88,0.0115,20.0,1,1558644375548,21932503,199
2019-05-23 21:04:24.003,1.0,buy,7860.98,BTC-31MAY19-9000-C,97.23,0.013000000000000001,1.0,0,1558645464003,21934768,200
2019-05-23 21:45:29.937,2.0,buy,7927.81,BTC-31MAY19-9000-C,97.41,0.0145,2.0,0,1558647929937,21938194,201
2019-05-24 00:12:46.896,0.3,sell,7844.88,BTC-31MAY19-9000-C,94.93,0.0115,0.3,2,1558656766896,21952590,202
2019-05-24 01:28:27.227,7.0,buy,7899.75,BTC-31MAY19-9000-C,98.82,0.013999999999999999,7.0,0,1558661307227,21956330,203
2019-05-24 06:23:08.532,2.0,buy,7842.56,BTC-31MAY19-9000-C,99.57,0.0125,2.0,2,1558678988532,21964874,204
2019-05-24 08:12:15.090,0.1,buy,7923.53,BTC-31MAY19-9000-C,94.0,0.012,0.1,2,1558685535090,21970008,205
2019-05-24 08:21:02.228,0.5,buy,7987.03,BTC-31MAY19-9000-C,91.66,0.0125,0.5,0,1558686062228,21971580,206
2019-05-24 08:38:36.208,3.0,buy,8004.95,BTC-31MAY19-9000-C,91.99,0.013000000000000001,3.0,0,1558687116208,21974534,207
2019-05-24 08:50:00.010,0.4,sell,7990.13,BTC-31MAY19-9000-C,95.53,0.013999999999999999,0.4,0,1558687800010,21975473,208
2019-05-24 08:58:42.603,0.1,sell,7967.69,BTC-31MAY19-9000-C,96.93,0.013999999999999999,0.1,1,1558688322603,21975956,209
2019-05-24 10:47:39.907,0.1,buy,7976.77,BTC-31MAY19-9000-C,94.28,0.013000000000000001,0.1,2,1558694859907,21980561,210
2019-05-24 10:50:12.191,0.9,buy,7981.39,BTC-31MAY19-9000-C,94.02,0.013000000000000001,0.9,3,1558695012191,21980637,211
2019-05-24 10:51:54.921,0.2,buy,7991.61,BTC-31MAY19-9000-C,94.73,0.0135,0.2,0,1558695114921,21980739,212
2019-05-24 10:54:46.475,1.4,sell,7990.21,BTC-31MAY19-9000-C,94.83,0.0135,1.4,1,1558695286475,21980824,213
2019-05-24 11:17:27.882,0.1,buy,8018.36,BTC-31MAY19-9000-C,95.8,0.0145,0.1,0,1558696647882,21982160,214
2019-05-24 12:33:07.080,1.0,buy,8035.04,BTC-31MAY19-9000-C,96.41,0.015,1.0,0,1558701187080,21987087,215
2019-05-24 12:33:14.881,4.9,sell,8035.3,BTC-31MAY19-9000-C,91.25,0.013000000000000001,4.9,3,1558701194881,21987091,217
2019-05-24 12:33:14.881,0.1,sell,8035.3,BTC-31MAY19-9000-C,91.25,0.013000000000000001,0.1,2,1558701194881,21987090,216
2019-05-24 13:34:05.136,0.1,sell,7992.48,BTC-31MAY19-9000-C,91.43,0.012,0.1,2,1558704845136,21989391,218
2019-05-24 15:01:04.227,0.1,buy,8077.39,BTC-31MAY19-9000-C,91.95,0.013999999999999999,0.1,0,1558710064227,21993728,219
2019-05-24 15:16:16.266,0.1,buy,8137.56,BTC-31MAY19-9000-C,90.76,0.015,0.1,0,1558710976266,21996560,220
2019-05-24 15:43:51.317,0.7000000000000001,buy,8116.73,BTC-31MAY19-9000-C,97.09,0.017,0.7000000000000001,0,1558712631317,21999422,221
2019-05-24 16:25:16.411,0.1,sell,8147.69,BTC-31MAY19-9000-C,91.67,0.0155,0.1,2,1558715116411,22003109,222
2019-05-24 16:30:46.976,4.7,sell,8167.67,BTC-31MAY19-9000-C,91.62,0.016,4.7,0,1558715446976,22003485,223
2019-05-24 17:07:43.573,0.6,buy,8074.13,BTC-31MAY19-9000-C,97.82,0.016,0.6,1,1558717663573,22006971,224
2019-05-24 17:18:37.585,1.0,sell,8067.6,BTC-31MAY19-9000-C,95.79,0.015,1.0,2,1558718317585,22008176,225
2019-05-24 22:57:30.648,9.0,sell,8043.24,BTC-31MAY19-9000-C,97.8,0.0145,9.0,2,1558738650648,22024005,226
2019-05-26 02:41:11.822,1.0,sell,8045.21,BTC-31MAY19-9000-C,92.54,0.0095,1.0,3,1558838471822,22081229,228
2019-05-26 02:41:11.822,1.0,sell,8045.21,BTC-31MAY19-9000-C,92.54,0.0095,1.0,2,1558838471822,22081228,227
2019-05-26 02:43:34.889,2.0,sell,8047.0,BTC-31MAY19-9000-C,92.44,0.0095,2.0,3,1558838614889,22081326,229
2019-05-26 02:56:10.902,3.0,sell,8033.14,BTC-31MAY19-9000-C,93.42,0.0095,3.0,3,1558839370902,22081791,230
2019-05-26 03:50:08.397,5.0,sell,8014.42,BTC-31MAY19-9000-C,93.3,0.009000000000000001,5.0,2,1558842608397,22083258,231
2019-05-26 05:54:30.160,1.5,sell,7988.8,BTC-31MAY19-9000-C,95.77,0.009000000000000001,1.5,3,1558850070160,22086612,232
2019-05-26 06:34:45.212,3.5,sell,7977.55,BTC-31MAY19-9000-C,96.78,0.009000000000000001,3.5,3,1558852485212,22087878,233
2019-05-26 12:07:56.955,1.0,sell,7924.27,BTC-31MAY19-9000-C,90.8,0.006,1.0,2,1558872476955,22101369,234
2019-05-26 12:42:17.481,0.1,buy,7961.33,BTC-31MAY19-9000-C,96.7,0.008,0.1,0,1558874537481,22102343,235
2019-05-26 15:19:31.305,1.2,buy,7993.23,BTC-31MAY19-9000-C,87.68,0.006,1.2,2,1558883971305,22107184,236
2019-05-26 19:28:33.545,0.1,buy,8190.65,BTC-31MAY19-9000-C,83.87,0.008,0.1,0,1558898913545,22119016,237
2019-05-26 19:39:31.738,1.0,buy,8536.62,BTC-31MAY19-9000-C,97.66,0.0225,1.0,0,1558899571738,22143069,238
2019-05-26 19:44:23.293,10.0,buy,8467.75,BTC-31MAY19-9000-C,97.47,0.02,10.0,2,1558899863293,22149831,239
2019-05-26 19:47:49.223,0.9,buy,8400.62,BTC-31MAY19-9000-C,97.98,0.018000000000000002,0.9,2,1558900069223,22152722,240
2019-05-26 19:53:52.805,0.2,buy,8510.75,BTC-31MAY19-9000-C,92.53,0.0195,0.2,0,1558900432805,22156251,241
2019-05-26 19:55:26.610,1.0,sell,8540.44,BTC-31MAY19-9000-C,87.39,0.0185,1.0,2,1558900526610,22157343,242
2019-05-26 19:55:48.086,0.1,buy,8555.22,BTC-31MAY19-9000-C,88.63,0.0195,0.1,0,1558900548086,22157897,243
2019-05-26 19:56:40.275,0.1,buy,8597.65,BTC-31MAY19-9000-C,98.3,0.025,0.1,0,1558900600275,22158930,244
2019-05-26 19:57:15.725,0.9,sell,8606.51,BTC-31MAY19-9000-C,97.47,0.025,0.9,1,1558900635725,22160525,245
2019-05-26 20:04:04.902,0.4,buy,8656.94,BTC-31MAY19-9000-C,96.32,0.0265,0.4,0,1558901044902,22168183,246
2019-05-26 20:04:14.623,0.1,sell,8655.41,BTC-31MAY19-9000-C,96.46,0.0265,0.1,1,1558901054623,22168353,247
2019-05-26 20:04:58.871,0.1,sell,8668.71,BTC-31MAY19-9000-C,83.26,0.0215,0.1,2,1558901098871,22168806,248
2019-05-26 20:08:30.335,0.1,buy,8773.06,BTC-31MAY19-9000-C,104.43,0.035,0.1,0,1558901310335,22174341,249
2019-05-26 20:08:35.890,1.0,sell,8772.33,BTC-31MAY19-9000-C,102.23,0.034,1.0,2,1558901315890,22174432,250
2019-05-26 20:11:13.499,0.4,buy,8618.27,BTC-31MAY19-9000-C,107.2,0.0295,0.4,2,1558901473499,22177095,251
2019-05-26 20:11:36.802,0.5,sell,8632.87,BTC-31MAY19-9000-C,105.8,0.0295,0.5,3,1558901496802,22177376,252
2019-05-26 20:11:41.146,0.1,sell,8633.16,BTC-31MAY19-9000-C,105.77,0.0295,0.1,3,1558901501146,22177466,253
2019-05-26 20:26:42.653,0.1,buy,8685.83,BTC-31MAY19-9000-C,100.74,0.0295,0.1,3,1558902402653,22185544,254
2019-05-26 20:27:48.006,0.4,buy,8712.0,BTC-31MAY19-9000-C,98.14,0.0295,0.4,3,1558902468006,22185896,255
2019-05-26 20:28:32.147,0.4,buy,8747.14,BTC-31MAY19-9000-C,95.76,0.03,0.4,0,1558902512147,22186254,256
2019-05-26 20:28:33.154,0.1,buy,8747.14,BTC-31MAY19-9000-C,95.76,0.03,0.1,1,1558902513154,22186255,257
2019-05-26 20:30:15.591,0.4,buy,8710.61,BTC-31MAY19-9000-C,100.62,0.0305,0.4,1,1558902615591,22187307,259
2019-05-26 20:30:15.591,0.1,buy,8710.61,BTC-31MAY19-9000-C,100.62,0.0305,0.1,0,1558902615591,22187306,258
2019-05-26 20:30:50.146,1.0,buy,8696.31,BTC-31MAY19-9000-C,90.33,0.0255,1.0,2,1558902650146,22187500,260
2019-05-26 20:37:22.642,0.4,sell,8619.08,BTC-31MAY19-9000-C,102.58,0.0275,0.4,0,1558903042642,22189901,261
2019-05-26 20:37:42.305,0.1,sell,8600.56,BTC-31MAY19-9000-C,104.35,0.0275,0.1,1,1558903062305,22190050,262
2019-05-26 20:44:06.893,5.2,sell,8623.08,BTC-31MAY19-9000-C,97.47,0.0255,5.2,2,1558903446893,22193317,263
2019-05-26 20:44:14.241,0.8,buy,8634.55,BTC-31MAY19-9000-C,96.38,0.0255,0.8,3,1558903454241,22193339,264
2019-05-26 21:32:03.608,0.4,sell,8600.85,BTC-31MAY19-9000-C,98.73,0.025,0.4,3,1558906323608,22205777,266
2019-05-26 21:32:03.608,1.0,sell,8600.85,BTC-31MAY19-9000-C,98.73,0.025,1.0,2,1558906323608,22205776,265
2019-05-26 21:32:31.148,0.2,buy,8602.83,BTC-31MAY19-9000-C,108.18,0.028999999999999998,0.2,0,1558906351148,22205829,267
2019-05-26 21:32:31.148,0.1,buy,8602.83,BTC-31MAY19-9000-C,108.18,0.028999999999999998,0.1,1,1558906351148,22205830,268
2019-05-26 21:39:37.529,0.1,buy,8639.71,BTC-31MAY19-9000-C,111.77,0.032,0.1,0,1558906777529,22207376,271
2019-05-26 21:39:37.529,0.4,buy,8639.71,BTC-31MAY19-9000-C,107.04,0.03,0.4,0,1558906777529,22207374,269
2019-05-26 21:39:37.529,0.5,buy,8639.71,BTC-31MAY19-9000-C,108.23,0.0305,0.5,0,1558906777529,22207375,270
2019-05-26 22:01:56.226,0.5,buy,8665.24,BTC-31MAY19-9000-C,110.61,0.0325,0.5,0,1558908116226,22211568,272
2019-05-26 22:14:06.254,0.5,buy,8708.51,BTC-31MAY19-9000-C,108.68,0.0335,0.5,0,1558908846254,22214533,273
2019-05-26 22:14:06.254,0.4,buy,8708.51,BTC-31MAY19-9000-C,108.68,0.0335,0.4,1,1558908846254,22214534,274
2019-05-26 22:14:09.031,0.4,sell,8709.42,BTC-31MAY19-9000-C,108.59,0.0335,0.4,1,1558908849031,22214550,275
2019-05-26 22:14:09.199,0.4,sell,8709.36,BTC-31MAY19-9000-C,108.59,0.0335,0.4,1,1558908849199,22214553,276
2019-05-26 22:14:09.604,0.4,sell,8709.36,BTC-31MAY19-9000-C,108.59,0.0335,0.4,1,1558908849604,22214555,277
2019-05-26 22:14:10.060,0.4,sell,8709.36,BTC-31MAY19-9000-C,108.59,0.0335,0.4,1,1558908850060,22214558,278
2019-05-26 22:14:10.226,0.4,sell,8709.8,BTC-31MAY19-9000-C,108.55,0.0335,0.4,1,1558908850226,22214560,279
2019-05-26 22:14:50.103,0.5,buy,8719.28,BTC-31MAY19-9000-C,108.75,0.034,0.5,1,1558908890103,22214706,281
2019-05-26 22:14:50.103,0.5,buy,8719.28,BTC-31MAY19-9000-C,108.75,0.034,0.5,0,1558908890103,22214705,280
2019-05-26 22:15:29.350,1.0,buy,8730.52,BTC-31MAY19-9000-C,111.08,0.0355,1.0,0,1558908929350,22215149,282
2019-05-26 22:16:16.064,1.0,buy,8746.55,BTC-31MAY19-9000-C,111.74,0.0365,1.0,0,1558908976064,22215336,283
2019-05-26 22:19:53.091,0.5,buy,8735.73,BTC-31MAY19-9000-C,108.26,0.0345,0.5,2,1558909193091,22217349,284
2019-05-26 22:19:53.091,0.5,buy,8735.73,BTC-31MAY19-9000-C,108.26,0.0345,0.5,3,1558909193091,22217350,285
2019-05-26 22:20:45.209,0.5,buy,8744.06,BTC-31MAY19-9000-C,107.4,0.0345,0.5,3,1558909245209,22217680,286
2019-05-26 22:20:45.209,0.5,buy,8744.06,BTC-31MAY19-9000-C,107.4,0.0345,0.5,3,1558909245209,22217681,287
2019-05-26 22:23:29.952,2.0,sell,8724.98,BTC-31MAY19-9000-C,108.23,0.034,2.0,2,1558909409952,22218493,288
2019-05-26 22:34:47.433,0.4,buy,8685.83,BTC-31MAY19-9000-C,104.11,0.0305,0.4,2,1558910087433,22222217,289
2019-05-26 22:38:52.658,0.4,sell,8644.87,BTC-31MAY19-9000-C,101.06,0.0275,0.4,2,1558910332658,22223204,290
2019-05-26 22:52:04.757,1.0,buy,8676.79,BTC-31MAY19-9000-C,113.41,0.034,1.0,0,1558911124757,22224805,291
2019-05-26 22:53:46.026,2.0,buy,8673.64,BTC-31MAY19-9000-C,113.75,0.034,2.0,1,1558911226026,22225061,292
2019-05-26 23:11:11.141,3.7,buy,8718.72,BTC-31MAY19-9000-C,118.63,0.038,3.7,0,1558912271141,22226686,293
2019-05-26 23:57:18.292,1.3,buy,8755.04,BTC-31MAY19-9000-C,114.07,0.0375,1.3,2,1558915038292,22233882,294
2019-05-27 00:20:32.158,5.0,buy,8882.72,BTC-31MAY19-9000-C,106.06,0.04,5.0,1,1558916432158,22241441,296
2019-05-27 00:20:32.158,0.9,buy,8882.72,BTC-31MAY19-9000-C,106.06,0.04,0.9,0,1558916432158,22241440,295
2019-05-27 00:22:13.635,1.0,sell,8878.68,BTC-31MAY19-9000-C,104.22,0.039,1.0,2,1558916533635,22242759,297
2019-05-27 01:03:23.672,2.0,buy,8934.97,BTC-31MAY19-9000-C,107.3,0.043,2.0,0,1558919003672,22254576,298
2019-05-27 01:28:17.603,0.5,sell,8841.6,BTC-31MAY19-9000-C,107.8,0.0385,0.5,2,1558920497603,22259329,299
2019-05-27 01:51:03.903,5.0,sell,8823.25,BTC-31MAY19-9000-C,103.03,0.0355,5.0,2,1558921863903,22261091,300
2019-05-27 02:25:12.348,4.0,buy,8754.96,BTC-31MAY19-9000-C,109.55,0.035,4.0,2,1558923912348,22265664,301
2019-05-27 02:26:28.200,6.0,buy,8739.68,BTC-31MAY19-9000-C,110.01,0.0345,6.0,2,1558923988200,22265802,302
2019-05-27 02:32:10.647,5.0,sell,8748.64,BTC-31MAY19-9000-C,101.99,0.0315,5.0,2,1558924330647,22266352,303
2019-05-27 03:01:07.196,1.0,buy,8771.7,BTC-31MAY19-9000-C,106.9,0.0345,1.0,0,1558926067196,22268994,304
2019-05-27 03:01:08.025,1.0,buy,8771.7,BTC-31MAY19-9000-C,106.9,0.0345,1.0,1,1558926068025,22268998,305
2019-05-27 03:01:36.011,2.0,buy,8775.46,BTC-31MAY19-9000-C,105.32,0.034,2.0,2,1558926096011,22269140,306
2019-05-27 03:01:45.585,1.0,buy,8774.93,BTC-31MAY19-9000-C,106.56,0.0345,1.0,0,1558926105585,22269182,307
2019-05-27 04:48:46.783,6.0,buy,8744.23,BTC-31MAY19-9000-C,115.62,0.0365,6.0,0,1558932526783,22275267,308
2019-05-27 04:48:46.783,2.0,buy,8744.23,BTC-31MAY19-9000-C,118.01,0.0375,2.0,0,1558932526783,22275268,309
2019-05-27 04:48:46.785,7.0,sell,8744.23,BTC-31MAY19-9000-C,118.01,0.0375,7.0,1,1558932526785,22275269,310
2019-05-27 05:20:22.249,1.0,buy,8744.57,BTC-31MAY19-9000-C,105.07,0.032,1.0,2,1558934422249,22276098,311
2019-05-27 05:56:34.277,0.2,buy,8737.31,BTC-31MAY19-9000-C,108.59,0.033,0.2,0,1558936594277,22276957,312
2019-05-27 07:11:24.526,0.6,buy,8781.38,BTC-31MAY19-9000-C,114.14,0.037000000000000005,0.6,0,1558941084526,22278841,313
2019-05-27 07:11:27.253,0.6,sell,8781.38,BTC-31MAY19-9000-C,114.14,0.037000000000000005,0.6,1,1558941087253,22278845,314
2019-05-27 07:11:27.284,0.6,sell,8781.38,BTC-31MAY19-9000-C,114.14,0.037000000000000005,0.6,1,1558941087284,22278848,315
2019-05-27 07:11:27.537,0.6,sell,8781.38,BTC-31MAY19-9000-C,114.14,0.037000000000000005,0.6,1,1558941087537,22278850,316
2019-05-27 07:12:13.198,2.6,buy,8780.67,BTC-31MAY19-9000-C,117.84,0.0385,2.6,0,1558941133198,22278884,317
2019-05-27 08:38:44.830,0.3,sell,8749.65,BTC-31MAY19-9000-C,102.65,0.0305,0.3,2,1558946324830,22281890,318
2019-05-27 08:59:37.699,0.6,sell,8729.47,BTC-31MAY19-9000-C,105.02,0.0305,0.6,3,1558947577699,22282366,319
2019-05-27 10:51:46.035,0.5,buy,8747.14,BTC-31MAY19-9000-C,111.58,0.0335,0.5,0,1558954306035,22286662,320
2019-05-27 10:52:51.591,0.1,buy,8750.05,BTC-31MAY19-9000-C,112.5,0.034,0.1,0,1558954371591,22286706,321
2019-05-27 10:53:23.600,13.1,buy,8753.76,BTC-31MAY19-9000-C,119.49,0.037000000000000005,13.1,0,1558954403600,22286714,322
2019-05-27 10:56:04.707,3.0,buy,8750.38,BTC-31MAY19-9000-C,121.14,0.0375,3.0,0,1558954564707,22286788,323
2019-05-27 10:57:21.047,15.0,buy,8749.15,BTC-31MAY19-9000-C,122.52,0.038,15.0,0,1558954641047,22286841,324
2019-05-27 10:58:00.205,7.0,buy,8750.14,BTC-31MAY19-9000-C,124.88,0.039,7.0,0,1558954680205,22286900,325
2019-05-27 11:03:36.124,0.6,sell,8737.92,BTC-31MAY19-9000-C,106.5,0.031,0.6,2,1558955016124,22287048,326
2019-05-27 11:48:47.329,4.0,buy,8722.38,BTC-31MAY19-9000-C,116.14,0.034,4.0,1,1558957727329,22289770,328
2019-05-27 11:48:47.329,10.0,buy,8722.38,BTC-31MAY19-9000-C,116.14,0.034,10.0,0,1558957727329,22289769,327
2019-05-27 11:50:03.820,11.6,buy,8719.94,BTC-31MAY19-9000-C,120.16,0.0355,11.6,1,1558957803820,22289826,330
2019-05-27 11:50:03.820,4.0,buy,8719.94,BTC-31MAY19-9000-C,120.16,0.0355,4.0,1,1558957803820,22289827,331
2019-05-27 11:50:03.820,2.0,buy,8719.94,BTC-31MAY19-9000-C,120.16,0.0355,2.0,0,1558957803820,22289825,329
2019-05-27 12:04:43.516,5.0,buy,8799.98,BTC-31MAY19-9000-C,119.94,0.039,5.0,0,1558958683516,22292928,332
2019-05-27 12:07:24.561,5.0,buy,8805.55,BTC-31MAY19-9000-C,119.32,0.039,5.0,1,1558958844561,22293724,333
2019-05-27 12:08:42.379,5.6000000000000005,buy,8811.87,BTC-31MAY19-9000-C,118.6,0.039,5.6000000000000005,1,1558958922379,22293987,334
2019-05-27 12:08:42.379,4.4,buy,8811.87,BTC-31MAY19-9000-C,118.6,0.039,4.4,1,1558958922379,22293988,335
2019-05-27 12:08:54.192,2.0,buy,8807.73,BTC-31MAY19-9000-C,121.55,0.04,2.0,0,1558958934192,22294044,336
2019-05-27 12:10:30.328,5.0,buy,8803.75,BTC-31MAY19-9000-C,122.02,0.04,5.0,1,1558959030328,22294270,337
2019-05-27 12:57:59.604,0.5,buy,8813.02,BTC-31MAY19-9000-C,111.57,0.036000000000000004,0.5,2,1558961879604,22299195,338
2019-05-27 13:01:53.395,0.2,buy,8841.09,BTC-31MAY19-9000-C,110.8,0.037000000000000005,0.2,0,1558962113395,22299629,339
2019-05-27 13:06:19.004,0.6,buy,8840.52,BTC-31MAY19-9000-C,117.08,0.0395,0.6,0,1558962379004,22300333,340
2019-05-27 13:18:23.845,1.0,buy,8814.14,BTC-31MAY19-9000-C,107.92,0.0345,1.0,2,1558963103845,22301431,341
2019-05-27 13:19:33.784,1.0,buy,8813.87,BTC-31MAY19-9000-C,109.21,0.035,1.0,0,1558963173784,22301444,342
2019-05-27 14:31:09.835,2.0,buy,8797.12,BTC-31MAY19-9000-C,123.14,0.0395,2.0,0,1558967469835,22306384,343
2019-05-27 14:31:10.631,0.4,buy,8797.12,BTC-31MAY19-9000-C,123.14,0.0395,0.4,1,1558967470631,22306385,344
2019-05-27 15:11:45.067,0.3,buy,8830.94,BTC-31MAY19-9000-C,118.36,0.039,0.3,2,1558969905067,22309443,345
2019-05-27 15:43:27.779,3.7,buy,8895.44,BTC-31MAY19-9000-C,110.85,0.039,3.7,3,1558971807779,22315187,346
2019-05-27 16:04:24.449,3.0,sell,8865.67,BTC-31MAY19-9000-C,103.44,0.0345,3.0,2,1558973064449,22318528,347
2019-05-27 16:20:58.052,0.1,sell,8870.62,BTC-31MAY19-9000-C,103.0,0.0345,0.1,3,1558974058052,22320413,348
2019-05-27 16:33:23.181,0.1,buy,8905.92,BTC-31MAY19-9000-C,107.55,0.038,0.1,0,1558974803181,22321334,349
2019-05-27 16:42:59.261,0.2,sell,8719.25,BTC-31MAY19-9000-C,101.65,0.027000000000000003,0.2,2,1558975379261,22325529,350
2019-05-27 16:43:56.995,0.1,sell,8668.98,BTC-31MAY19-9000-C,99.23,0.024,0.1,2,1558975436995,22328188,351
2019-05-27 17:57:36.526,5.0,sell,8690.23,BTC-31MAY19-9000-C,105.58,0.027000000000000003,5.0,0,1558979856526,22344764,352
2019-05-27 18:52:05.655,1.0,buy,8783.62,BTC-31MAY19-9000-C,104.7,0.0305,1.0,0,1558983125655,22347223,353
2019-05-27 20:04:59.797,0.5,buy,8809.45,BTC-31MAY19-9000-C,110.17,0.0335,0.5,0,1558987499797,22353900,354
2019-05-27 20:04:59.797,0.5,buy,8809.45,BTC-31MAY19-9000-C,110.17,0.0335,0.5,1,1558987499797,22353901,355
2019-05-27 20:07:04.850,1.0,sell,8794.57,BTC-31MAY19-9000-C,111.98,0.0335,1.0,1,1558987624850,22354141,356
2019-05-27 20:09:19.543,0.5,buy,8766.69,BTC-31MAY19-9000-C,111.39,0.032,0.5,2,1558987759543,22354633,357
2019-05-27 20:09:36.145,0.4,sell,8768.08,BTC-31MAY19-9000-C,111.24,0.032,0.4,3,1558987776145,22354658,358
2019-05-27 20:12:13.277,0.5,buy,8777.27,BTC-31MAY19-9000-C,111.49,0.0325,0.5,0,1558987933277,22354868,359
2019-05-27 20:12:19.108,0.5,sell,8777.48,BTC-31MAY19-9000-C,111.46,0.0325,0.5,1,1558987939108,22354871,360
2019-05-28 00:39:21.536,1.0,buy,8767.77,BTC-31MAY19-9000-C,113.04,0.0315,1.0,2,1559003961536,22369690,361
2019-05-28 00:39:41.649,4.0,sell,8770.87,BTC-31MAY19-9000-C,112.68,0.0315,4.0,3,1559003981649,22369730,362
2019-05-28 00:43:33.792,3.0,buy,8782.62,BTC-31MAY19-9000-C,109.97,0.031,3.0,2,1559004213792,22369949,363
2019-05-28 05:15:16.658,1.0,sell,8783.21,BTC-31MAY19-9000-C,103.49,0.0275,1.0,2,1559020516658,22377185,364
2019-05-28 06:01:09.124,1.0,sell,8752.62,BTC-31MAY19-9000-C,107.78,0.0275,1.0,3,1559023269124,22380361,365
2019-05-28 06:33:04.301,1.0,sell,8727.97,BTC-31MAY19-9000-C,112.58,0.027999999999999997,1.0,0,1559025184301,22382899,366
2019-05-28 08:16:23.809,2.0,sell,8722.89,BTC-31MAY19-9000-C,104.5,0.0245,2.0,2,1559031383809,22390822,367
2019-05-28 08:24:45.238,6.0,sell,8718.63,BTC-31MAY19-9000-C,99.32,0.0225,6.0,2,1559031885238,22391156,368
2019-05-28 09:54:53.794,1.0,sell,8722.14,BTC-31MAY19-9000-C,105.81,0.0245,1.0,0,1559037293794,22393745,369
2019-05-28 10:27:39.791,7.0,buy,8702.05,BTC-31MAY19-9000-C,110.14,0.025,7.0,0,1559039259791,22395891,370
2019-05-28 14:23:17.323,2.0,buy,8697.08,BTC-31MAY19-9000-C,98.73,0.02,2.0,2,1559053397323,22419386,371
2019-05-28 14:31:11.146,3.0,buy,8692.55,BTC-31MAY19-9000-C,99.37,0.02,3.0,3,1559053871146,22419598,372
2019-05-28 16:37:28.936,0.2,buy,8647.61,BTC-31MAY19-9000-C,109.64,0.021,0.2,0,1559061448936,22426910,373
2019-05-28 19:00:24.577,0.8,buy,8746.86,BTC-31MAY19-9000-C,110.17,0.0245,0.8,1,1559070024577,22437841,375
2019-05-28 19:00:24.577,0.4,buy,8746.86,BTC-31MAY19-9000-C,110.17,0.0245,0.4,0,1559070024577,22437840,374
2019-05-28 19:00:24.577,8.8,buy,8746.86,BTC-31MAY19-9000-C,110.17,0.0245,8.8,1,1559070024577,22437842,376
2019-05-28 20:24:34.822,1.0,buy,8693.03,BTC-31MAY19-9000-C,99.23,0.0185,1.0,2,1559075074822,22446242,377
2019-05-28 20:26:32.492,1.0,buy,8693.82,BTC-31MAY19-9000-C,99.16,0.0185,1.0,3,1559075192492,22446246,378
2019-05-28 20:28:45.056,0.1,sell,8691.28,BTC-31MAY19-9000-C,97.86,0.018000000000000002,0.1,2,1559075325056,22446273,379
2019-05-28 20:29:01.670,1.0,sell,8692.49,BTC-31MAY19-9000-C,97.71,0.018000000000000002,1.0,3,1559075341670,22446274,380
2019-05-29 00:29:47.467,2.0,sell,8679.89,BTC-31MAY19-9000-C,102.81,0.018000000000000002,2.0,3,1559089787467,22454091,381
2019-05-29 00:31:16.851,1.0,sell,8671.42,BTC-31MAY19-9000-C,102.19,0.0175,1.0,2,1559089876851,22454285,382
2019-05-29 01:02:00.088,5.0,sell,8686.23,BTC-31MAY19-9000-C,95.59,0.016,5.0,2,1559091720088,22455239,383
2019-05-29 02:11:28.594,1.0,sell,8661.0,BTC-31MAY19-9000-C,96.27,0.015,1.0,2,1559095888594,22457653,384
2019-05-29 02:32:30.568,2.0,buy,8639.41,BTC-31MAY19-9000-C,102.88,0.016,2.0,0,1559097150568,22459657,385
2019-05-29 05:58:32.393,10.0,buy,8473.69,BTC-31MAY19-9000-C,106.94,0.011000000000000001,10.0,2,1559109512393,22480067,386
2019-05-29 07:41:05.203,0.5,buy,8558.28,BTC-31MAY19-9000-C,100.85,0.0115,0.5,0,1559115665203,22487245,387
2019-05-29 13:27:42.825,0.2,buy,8709.07,BTC-31MAY19-9000-C,97.47,0.013999999999999999,0.2,0,1559136462825,22510019,388
2019-05-29 13:32:04.934,1.0,buy,8733.83,BTC-31MAY19-9000-C,97.91,0.015,1.0,0,1559136724934,22511059,389
2019-05-29 13:37:03.922,24.6,sell,8720.47,BTC-31MAY19-9000-C,94.02,0.0135,24.6,3,1559137023922,22512629,391
2019-05-29 13:37:03.922,0.4,sell,8720.47,BTC-31MAY19-9000-C,94.02,0.0135,0.4,2,1559137023922,22512628,390
2019-05-29 16:37:26.985,5.0,sell,8720.17,BTC-31MAY19-9000-C,91.32,0.012,5.0,2,1559147846985,22527880,392
2019-05-29 17:49:28.255,1.0,sell,8708.91,BTC-31MAY19-9000-C,92.25,0.0115,1.0,2,1559152168255,22530958,393
2019-05-29 18:51:09.511,1.0,sell,8672.61,BTC-31MAY19-9000-C,98.84,0.0115,1.0,3,1559155869511,22534070,394
2019-05-29 18:51:27.235,3.3000000000000003,sell,8675.15,BTC-31MAY19-9000-C,93.98,0.0105,3.3000000000000003,2,1559155887235,22534083,395
2019-05-29 20:17:14.992,0.8,sell,8697.29,BTC-31MAY19-9000-C,99.37,0.012,0.8,0,1559161034992,22536759,396
2019-05-29 20:21:49.153,0.3,sell,8682.77,BTC-31MAY19-9000-C,101.67,0.012,0.3,1,1559161309153,22537082,397
2019-05-29 21:04:19.365,1.0,sell,8637.11,BTC-31MAY19-9000-C,90.23,0.008,1.0,2,1559163859365,22541292,398
2019-05-29 22:07:39.271,2.0,buy,8679.04,BTC-31MAY19-9000-C,100.2,0.011000000000000001,2.0,0,1559167659271,22543583,399
2019-05-29 23:42:48.337,0.2,sell,8630.62,BTC-31MAY19-9000-C,92.14,0.0075,0.2,2,1559173368337,22546845,400
2019-05-30 00:59:40.204,0.1,sell,8678.58,BTC-31MAY19-9000-C,89.66,0.008,0.1,0,1559177980204,22551186,401
2019-05-30 01:06:40.001,1.0,buy,8725.14,BTC-31MAY19-9000-C,92.7,0.01,1.0,0,1559178400001,22552299,402
2019-05-30 01:25:50.899,1.0,sell,8695.13,BTC-31MAY19-9000-C,97.96,0.01,1.0,1,1559179550899,22555517,403
2019-05-30 01:49:15.420,1.0,sell,8587.29,BTC-31MAY19-9000-C,92.78,0.006,1.0,2,1559180955420,22561840,404
2019-05-30 01:49:15.420,1.0,sell,8587.29,BTC-31MAY19-9000-C,92.78,0.006,1.0,3,1559180955420,22561841,405
2019-05-30 01:53:02.345,0.1,buy,8633.11,BTC-31MAY19-9000-C,103.15,0.009000000000000001,0.1,0,1559181182345,22562950,406
2019-05-30 01:55:39.790,0.1,sell,8616.52,BTC-31MAY19-9000-C,94.71,0.006999999999999999,0.1,2,1559181339790,22563518,407
2019-05-30 03:23:59.383,0.7000000000000001,buy,8650.25,BTC-31MAY19-9000-C,103.18,0.009000000000000001,0.7000000000000001,0,1559186639383,22571506,408
2019-05-30 03:51:03.222,3.0,sell,8673.52,BTC-31MAY19-9000-C,110.82,0.011000000000000001,3.0,0,1559188263222,22574302,409
2019-05-30 05:55:34.753,1.6,buy,8698.09,BTC-31MAY19-9000-C,100.14,0.009000000000000001,1.6,2,1559195734753,22584340,410
2019-05-30 08:00:53.846,1.5,sell,8695.49,BTC-31MAY19-9000-C,99.05,0.008,1.5,2,1559203253846,22588529,411
2019-05-30 08:33:23.879,3.0,sell,8672.8,BTC-31MAY19-9000-C,91.63,0.006,3.0,2,1559205203879,22590650,412
2019-05-30 13:28:58.372,0.2,sell,8711.17,BTC-31MAY19-9000-C,96.03,0.006,0.2,3,1559222938372,22603499,413
2019-05-30 13:33:33.062,0.8,buy,8717.43,BTC-31MAY19-9000-C,95.07,0.006,0.8,3,1559223213062,22603633,414
2019-05-30 14:34:27.326,2.2,sell,8717.32,BTC-31MAY19-9000-C,90.39,0.005,2.2,3,1559226867326,22605418,417
2019-05-30 14:34:27.326,0.4,sell,8717.32,BTC-31MAY19-9000-C,97.78,0.006,0.4,3,1559226867326,22605416,415
2019-05-30 14:34:27.326,0.1,sell,8717.32,BTC-31MAY19-9000-C,90.39,0.005,0.1,2,1559226867326,22605417,416
2019-05-30 14:46:34.922,1.0,buy,8734.63,BTC-31MAY19-9000-C,98.57,0.0065,1.0,0,1559227594922,22605910,418
2019-05-30 15:26:14.670,1.0,sell,8754.01,BTC-31MAY19-9000-C,100.03,0.006999999999999999,1.0,0,1559229974670,22609297,419
2019-05-30 15:42:01.986,0.1,buy,8771.53,BTC-31MAY19-9000-C,93.65,0.0065,0.1,2,1559230921986,22610388,420
2019-05-30 15:46:56.830,1.0,buy,8847.61,BTC-31MAY19-9000-C,99.72,0.01,1.0,0,1559231216830,22612656,421
2019-05-30 15:46:57.006,1.0,buy,8847.61,BTC-31MAY19-9000-C,99.72,0.01,1.0,1,1559231217006,22612660,422
2019-05-30 15:51:36.102,5.0,buy,8845.8,BTC-31MAY19-9000-C,106.66,0.011000000000000001,5.0,0,1559231496102,22615361,423
2019-05-30 15:51:58.600,0.2,buy,8847.47,BTC-31MAY19-9000-C,109.35,0.0115,0.2,0,1559231518600,22615418,424
2019-05-30 15:52:06.767,5.0,buy,8846.12,BTC-31MAY19-9000-C,106.58,0.011000000000000001,5.0,2,1559231526767,22615428,425
2019-05-30 15:53:52.799,0.1,buy,8860.35,BTC-31MAY19-9000-C,106.24,0.0115,0.1,0,1559231632799,22615679,426
2019-05-30 15:53:52.799,1.9,buy,8860.35,BTC-31MAY19-9000-C,106.24,0.0115,1.9,1,1559231632799,22615680,427
2019-05-30 15:53:58.363,0.1,buy,8860.07,BTC-31MAY19-9000-C,106.31,0.0115,0.1,1,1559231638363,22615691,428
2019-05-30 15:54:08.050,0.1,buy,8850.29,BTC-31MAY19-9000-C,102.55,0.0105,0.1,2,1559231648050,22615738,429
2019-05-30 15:54:08.050,4.9,buy,8850.29,BTC-31MAY19-9000-C,108.76,0.0115,4.9,0,1559231648050,22615739,430
2019-05-30 15:54:08.681,1.1,buy,8850.89,BTC-31MAY19-9000-C,108.61,0.0115,1.1,1,1559231648681,22615741,431
2019-05-30 15:54:08.684,5.0,sell,8850.89,BTC-31MAY19-9000-C,108.61,0.0115,5.0,1,1559231648684,22615742,432
2019-05-30 15:54:31.865,3.8,buy,8845.22,BTC-31MAY19-9000-C,110.08,0.0115,3.8,1,1559231671865,22615838,433
2019-05-30 15:57:14.579,2.0,buy,8906.71,BTC-31MAY19-9000-C,103.4,0.013000000000000001,2.0,0,1559231834579,22616880,434
2019-05-30 15:57:14.579,0.1,buy,8906.71,BTC-31MAY19-9000-C,103.4,0.013000000000000001,0.1,1,1559231834579,22616881,435
2019-05-30 15:58:17.415,10.0,sell,8933.81,BTC-31MAY19-9000-C,101.9,0.013999999999999999,10.0,0,1559231897415,22618126,436
2019-05-30 15:58:20.139,0.2,sell,8924.31,BTC-31MAY19-9000-C,104.57,0.013999999999999999,0.2,1,1559231900139,22618175,437
2019-05-30 15:58:20.888,0.2,sell,8924.31,BTC-31MAY19-9000-C,104.57,0.013999999999999999,0.2,1,1559231900888,22618187,438
2019-05-30 15:58:30.133,2.5,sell,8918.48,BTC-31MAY19-9000-C,106.2,0.013999999999999999,2.5,1,1559231910133,22618284,439
2019-05-30 16:00:47.152,0.1,buy,9006.81,BTC-31MAY19-9000-C,118.12,0.0205,0.1,0,1559232047152,22620514,440
2019-05-30 16:02:31.825,1.0,sell,9001.84,BTC-31MAY19-9000-C,99.28,0.017,1.0,2,1559232151825,22622717,441
2019-05-30 16:02:31.849,1.0,buy,9001.84,BTC-31MAY19-9000-C,99.28,0.017,1.0,3,1559232151849,22622720,442
2019-05-30 16:02:37.515,0.5,buy,9001.52,BTC-31MAY19-9000-C,99.38,0.017,0.5,3,1559232157515,22622844,443
2019-05-30 16:02:45.096,2.5,buy,9016.74,BTC-31MAY19-9000-C,94.41,0.017,2.5,3,1559232165096,22622942,444
2019-05-30 16:03:42.554,0.1,buy,9058.21,BTC-31MAY19-9000-C,97.82,0.02,0.1,0,1559232222554,22623711,445
2019-05-30 16:03:42.579,2.6,buy,9058.21,BTC-31MAY19-9000-C,97.82,0.02,2.6,1,1559232222579,22623722,446
2019-05-30 16:03:43.776,7.3,buy,9060.06,BTC-31MAY19-9000-C,97.15,0.02,7.3,1,1559232223776,22623762,447
2019-05-30 16:04:29.377,5.0,buy,9063.15,BTC-31MAY19-9000-C,113.94,0.023,5.0,0,1559232269377,22624976,448
2019-05-30 16:07:24.503,15.0,buy,9017.63,BTC-31MAY19-9000-C,106.11,0.019,15.0,2,1559232444503,22626873,449
2019-05-30 16:10:57.379,1.0,sell,9003.68,BTC-31MAY19-9000-C,110.91,0.019,1.0,3,1559232657379,22628578,450
2019-05-30 16:11:48.498,0.2,sell,8964.61,BTC-31MAY19-9000-C,90.68,0.0135,0.2,2,1559232708498,22629339,451
2019-05-30 16:15:25.847,2.0,sell,8880.12,BTC-31MAY19-9000-C,108.47,0.0125,2.0,2,1559232925847,22632731,452
2019-05-30 16:17:23.526,1.0,buy,8631.87,BTC-31MAY19-9000-C,119.97,0.006,1.0,2,1559233043526,22639124,453
2019-05-30 16:17:38.009,3.3000000000000003,sell,8679.25,BTC-31MAY19-9000-C,98.49,0.0045,3.3000000000000003,2,1559233058009,22640152,454
2019-05-30 16:19:41.178,1.2,sell,8702.03,BTC-31MAY19-9000-C,110.07,0.0065,1.2,0,1559233181178,22644334,455
2019-05-30 16:20:34.694,1.0,buy,8644.48,BTC-31MAY19-9000-C,113.68,0.0055,1.0,2,1559233234694,22645362,456
2019-05-30 16:21:37.853,2.1,buy,8702.78,BTC-31MAY19-9000-C,110.03,0.0065,2.1,0,1559233297853,22646800,457
2019-05-30 16:24:59.012,0.1,buy,8702.31,BTC-31MAY19-9000-C,117.77,0.0075,0.1,0,1559233499012,22648583,458
2019-05-30 16:27:38.687,2.0,buy,8731.28,BTC-31MAY19-9000-C,111.79,0.0075,2.0,1,1559233658687,22649303,459
2019-05-30 16:27:47.752,10.0,sell,8715.93,BTC-31MAY19-9000-C,111.4,0.006999999999999999,10.0,2,1559233667752,22649423,460
2019-05-30 16:27:53.035,0.1,sell,8709.21,BTC-31MAY19-9000-C,112.81,0.006999999999999999,0.1,3,1559233673035,22649503,461
2019-05-30 17:03:16.747,0.1,buy,8629.07,BTC-31MAY19-9000-C,115.01,0.005,0.1,2,1559235796747,22659459,462
2019-05-30 17:28:42.983,0.1,buy,8611.55,BTC-31MAY19-9000-C,115.53,0.0045,0.1,2,1559237322983,22667299,463
2019-05-30 19:44:56.543,10.0,sell,8601.31,BTC-31MAY19-9000-C,117.2,0.0035,10.0,2,1559245496543,22677011,464
2019-05-30 19:48:40.638,10.0,sell,8589.55,BTC-31MAY19-9000-C,119.85,0.0035,10.0,3,1559245720638,22677233,465
2019-05-30 19:48:46.086,5.0,sell,8589.0,BTC-31MAY19-9000-C,119.96,0.0035,5.0,3,1559245726086,22677235,466
2019-05-30 20:16:31.969,0.1,sell,8518.26,BTC-31MAY19-9000-C,123.37,0.0025,0.1,2,1559247391969,22682427,467
2019-05-30 20:25:41.234,1.5,sell,8423.16,BTC-31MAY19-9000-C,133.79,0.002,1.5,2,1559247941234,22686968,468
2019-05-30 20:25:41.234,0.5,sell,8423.16,BTC-31MAY19-9000-C,133.79,0.002,0.5,3,1559247941234,22686969,469
2019-05-30 20:29:06.075,0.1,buy,8454.83,BTC-31MAY19-9000-C,136.27,0.0025,0.1,0,1559248146075,22690456,470
2019-05-30 21:09:56.668,0.4,sell,8454.94,BTC-31MAY19-9000-C,132.41,0.002,0.4,2,1559250596668,22697437,471
2019-05-30 21:22:21.323,1.5,sell,8287.25,BTC-31MAY19-9000-C,153.95,0.0015,1.5,2,1559251341323,22708657,472
2019-05-30 21:32:41.627,3.0,sell,8132.1,BTC-31MAY19-9000-C,168.23,0.001,3.0,2,1559251961627,22725517,473
2019-05-31 03:06:27.712,0.1,sell,8240.84,BTC-31MAY19-9000-C,193.86,0.0005,0.1,2,1559271987712,22763903,474
2019-05-31 04:51:51.745,0.9,sell,8164.26,BTC-31MAY19-9000-C,263.52,0.0005,0.9,3,1559278311745,22770269,475
2019-05-31 04:51:51.745,1.0,sell,8164.26,BTC-31MAY19-9000-C,263.52,0.0005,1.0,3,1559278311745,22770270,476
2019-05-31 04:51:51.745,1.0,sell,8164.26,BTC-31MAY19-9000-C,263.52,0.0005,1.0,3,1559278311745,22770271,477
2019-05-31 04:54:24.229,10.0,sell,8186.56,BTC-31MAY19-9000-C,258.76,0.0005,10.0,3,1559278464229,22770716,478
