date_utc,amount,direction,indexPrice,instrument,iv,price,quantity,tickDirection,timeStamp,tradeId,tradeSeq
2019-04-02 19:51:15.246,1.0,buy,160.82,ETH-27SEP19-380-C,84.14,0.03,1.0,1,1554234675246,315935,1
2019-04-03 20:39:39.073,12.0,buy,176.38,ETH-27SEP19-380-C,85.36,0.044000000000000004,12.0,0,1554323979073,401642,2
2019-04-04 08:39:09.737,5.0,buy,163.18,ETH-27SEP19-380-C,92.15,0.044000000000000004,5.0,1,1554367149737,436888,3
2019-04-04 08:39:35.557,1.0,buy,163.22,ETH-27SEP19-380-C,92.72,0.045,1.0,0,1554367175557,436892,4
2019-04-05 11:20:34.596,2.0,buy,164.16,ETH-27SEP19-380-C,91.01,0.044000000000000004,2.0,2,1554463234596,475208,5
2019-04-07 15:36:36.757,10.0,sell,166.77,ETH-27SEP19-380-C,85.47,0.036000000000000004,10.0,2,1554651396757,548305,6
2019-04-08 02:59:42.615,48.0,sell,182.67,ETH-27SEP19-380-C,83.98,0.048,48.0,0,1554692382615,602880,7
2019-04-09 21:20:41.113,50.0,sell,177.69,ETH-27SEP19-380-C,80.09,0.036000000000000004,50.0,2,1554844841113,711051,8
2019-04-11 00:54:55.159,1.0,sell,175.68,ETH-27SEP19-380-C,82.92,0.04,1.0,0,1554944095159,787979,9
2019-04-11 03:22:12.046,1.0,sell,172.76,ETH-27SEP19-380-C,83.9,0.039,1.0,2,1554952932046,793174,10
2019-04-11 03:42:15.941,1.0,sell,171.02,ETH-27SEP19-380-C,84.15,0.038,1.0,2,1554954135941,795206,11
2019-04-11 03:43:32.095,2.0,sell,169.94,ETH-27SEP19-380-C,84.28,0.037000000000000005,2.0,2,1554954212095,795641,12
2019-04-11 03:43:32.524,1.0,sell,169.94,ETH-27SEP19-380-C,84.28,0.037000000000000005,1.0,3,1554954212524,795646,13
2019-04-11 03:43:50.837,2.0,sell,169.16,ETH-27SEP19-380-C,84.71,0.037000000000000005,2.0,3,1554954230837,795878,14
2019-04-11 14:54:27.035,5.0,sell,163.62,ETH-27SEP19-380-C,87.64,0.036000000000000004,5.0,2,1554994467035,831054,15
2019-04-12 08:25:36.642,10.0,sell,163.73,ETH-27SEP19-380-C,84.26,0.03,10.0,2,1555057536642,867865,16
2019-04-18 02:00:58.937,3.0,sell,173.15,ETH-27SEP19-380-C,80.81,0.028,3.0,2,1555552858937,1055592,17
2019-04-18 17:16:06.121,60.0,buy,173.65,ETH-27SEP19-380-C,83.26,0.032,60.0,0,1555607766121,1068811,18
2019-04-18 17:16:06.121,93.0,buy,173.65,ETH-27SEP19-380-C,83.26,0.032,93.0,1,1555607766121,1068812,19
2019-04-18 17:16:24.807,150.0,buy,173.71,ETH-27SEP19-380-C,83.85,0.033,150.0,0,1555607784807,1068828,20
2019-04-18 17:16:24.810,70.0,sell,173.71,ETH-27SEP19-380-C,83.85,0.033,70.0,1,1555607784810,1068829,21
2019-04-18 17:16:26.043,60.0,sell,173.73,ETH-27SEP19-380-C,83.84,0.033,60.0,1,1555607786043,1068833,22
2019-04-18 17:16:28.401,60.0,sell,173.74,ETH-27SEP19-380-C,83.81,0.033,60.0,1,1555607788401,1068834,23
2019-04-18 17:19:33.855,100.0,buy,173.75,ETH-27SEP19-380-C,83.87,0.033,100.0,1,1555607973855,1068889,24
2019-04-18 17:19:35.696,101.0,sell,173.75,ETH-27SEP19-380-C,83.87,0.033,101.0,1,1555607975696,1068890,25
2019-04-18 23:02:27.994,6.0,sell,172.05,ETH-27SEP19-380-C,84.08,0.032,6.0,2,1555628547994,1078241,26
2019-04-21 09:41:35.024,50.0,sell,168.67,ETH-27SEP19-380-C,84.67,0.03,50.0,2,1555839695024,1135617,27
2019-04-23 15:50:05.926,60.0,sell,173.63,ETH-27SEP19-380-C,81.22,0.027000000000000003,60.0,2,1556034605926,1186756,28
2019-04-24 09:14:42.938,20.0,sell,164.33,ETH-27SEP19-380-C,85.14,0.026000000000000002,20.0,2,1556097282938,1209382,29
2019-04-25 12:31:51.354,110.0,sell,163.97,ETH-27SEP19-380-C,81.76,0.021,110.0,2,1556195511354,1231987,30
2019-04-25 15:58:30.284,5.0,sell,164.13,ETH-27SEP19-380-C,79.97,0.019,5.0,2,1556207910284,1233725,31
2019-04-26 10:50:29.049,5.0,buy,152.38,ETH-27SEP19-380-C,85.96,0.02,5.0,0,1556275829049,1273328,32
2019-04-26 10:51:12.484,4.0,buy,152.42,ETH-27SEP19-380-C,85.93,0.02,4.0,1,1556275872484,1273329,33
2019-04-28 15:02:42.907,14.0,buy,154.42,ETH-27SEP19-380-C,84.58,0.018000000000000002,14.0,2,1556463762907,1310940,34
2019-05-04 00:40:53.619,5.0,buy,167.02,ETH-27SEP19-380-C,84.63,0.023,5.0,0,1556930453619,1453027,35
2019-05-05 07:06:25.381,60.0,buy,162.38,ETH-27SEP19-380-C,86.54,0.022000000000000002,60.0,2,1557039985381,1483881,36
2019-05-05 07:06:39.185,60.0,buy,162.38,ETH-27SEP19-380-C,86.52,0.022000000000000002,60.0,3,1557039999185,1483882,37
2019-05-05 16:11:23.826,90.0,sell,160.75,ETH-27SEP19-380-C,85.55,0.02,90.0,2,1557072683826,1488512,38
2019-05-05 16:11:27.152,60.0,sell,160.75,ETH-27SEP19-380-C,84.61,0.019,60.0,2,1557072687152,1488514,39
2019-05-05 16:11:27.152,90.0,sell,160.75,ETH-27SEP19-380-C,84.61,0.019,90.0,3,1557072687152,1488515,40
2019-05-11 12:56:10.833,60.0,sell,188.55,ETH-27SEP19-380-C,98.52,0.053,60.0,0,1557579370833,1779126,41
2019-05-11 12:56:10.833,40.0,sell,188.55,ETH-27SEP19-380-C,98.52,0.053,40.0,1,1557579370833,1779127,42
2019-05-11 12:56:13.236,40.0,sell,188.54,ETH-27SEP19-380-C,97.37,0.051,40.0,2,1557579373236,1779154,43
2019-05-11 12:56:14.136,40.0,sell,188.54,ETH-27SEP19-380-C,96.79,0.05,40.0,2,1557579374136,1779169,44
2019-05-11 12:56:14.885,40.0,sell,188.54,ETH-27SEP19-380-C,96.79,0.05,40.0,3,1557579374885,1779181,45
2019-05-11 12:56:14.918,30.0,sell,188.54,ETH-27SEP19-380-C,97.95,0.052000000000000005,30.0,0,1557579374918,1779182,46
2019-05-11 12:56:37.082,60.0,sell,188.67,ETH-27SEP19-380-C,97.93,0.052000000000000005,60.0,1,1557579397082,1779227,47
2019-05-11 12:56:37.150,40.0,sell,188.67,ETH-27SEP19-380-C,96.17,0.049,40.0,2,1557579397150,1779238,48
2019-05-11 12:56:38.032,38.0,sell,188.63,ETH-27SEP19-380-C,96.17,0.049,38.0,3,1557579398032,1779242,49
2019-05-11 13:11:17.365,2.0,sell,189.0,ETH-27SEP19-380-C,95.43,0.048,2.0,2,1557580277365,1780171,50
2019-05-11 14:33:40.629,10.0,sell,188.57,ETH-27SEP19-380-C,97.18,0.051,10.0,0,1557585220629,1783805,51
2019-05-11 14:44:08.353,10.0,sell,189.4,ETH-27SEP19-380-C,98.1,0.053,10.0,0,1557585848353,1784400,52
