date_utc,amount,direction,indexPrice,instrument,iv,price,quantity,tickDirection,timeStamp,tradeId,tradeSeq
2019-04-05 09:01:36.643,0.3,sell,4964.08,BTC-19APR19-5250-C,70.73,0.0325,0.3,1,1554454896643,17356314,1
2019-04-06 15:00:27.071,0.2,sell,5064.03,BTC-19APR19-5250-C,73.88,0.0395,0.2,0,1554562827071,17396697,2
2019-04-06 16:01:06.812,0.3,buy,5160.6,BTC-19APR19-5250-C,69.69,0.044,0.3,0,1554566466812,17402659,3
2019-04-06 16:15:31.598,0.2,sell,5131.26,BTC-19APR19-5250-C,69.59,0.0415,0.2,2,1554567331598,17405077,4
2019-04-06 19:38:14.555,1.0,sell,5178.86,BTC-19APR19-5250-C,70.07,0.0455,1.0,0,1554579494555,17420110,5
2019-04-06 19:59:21.057,1.0,sell,5159.37,BTC-19APR19-5250-C,70.29,0.044000000000000004,1.0,2,1554580761057,17420930,6
2019-04-06 22:27:56.887,0.1,buy,5041.95,BTC-19APR19-5250-C,79.19,0.040999999999999995,0.1,2,1554589676887,17440164,7
2019-04-07 15:10:40.406,0.1,sell,5148.32,BTC-19APR19-5250-C,74.64,0.0445,0.1,0,1554649840406,17468884,8
2019-04-08 06:48:02.847,0.1,buy,5273.99,BTC-19APR19-5250-C,91.35,0.0655,0.1,0,1554706082847,17516106,9
2019-04-08 12:30:15.820,1.0,sell,5189.01,BTC-19APR19-5250-C,78.5,0.0485,1.0,2,1554726615820,17530024,10
2019-04-08 13:13:47.979,0.1,buy,5209.2,BTC-19APR19-5250-C,79.71,0.051,0.1,0,1554729227979,17531064,11
2019-04-08 20:30:02.313,1.0,buy,5233.25,BTC-19APR19-5250-C,74.76,0.049,1.0,2,1554755402313,17541436,12
2019-04-09 03:33:33.342,0.1,sell,5234.23,BTC-19APR19-5250-C,76.46,0.0495,0.1,0,1554780813342,17555889,13
2019-04-09 14:34:49.468,0.1,buy,5204.39,BTC-19APR19-5250-C,76.89,0.046,0.1,2,1554820489468,17576492,14
2019-04-09 18:48:11.340,1.0,buy,5221.57,BTC-19APR19-5250-C,72.94,0.0445,1.0,2,1554835691340,17580072,15
2019-04-09 19:31:10.411,2.0,sell,5212.34,BTC-19APR19-5250-C,68.88,0.040999999999999995,2.0,2,1554838270411,17580433,16
2019-04-09 19:31:10.411,4.3,sell,5212.34,BTC-19APR19-5250-C,68.88,0.040999999999999995,4.3,3,1554838270411,17580434,17
2019-04-09 19:31:10.411,2.0,sell,5212.34,BTC-19APR19-5250-C,68.11,0.0405,2.0,2,1554838270411,17580435,18
2019-04-09 19:31:10.411,1.0,sell,5212.34,BTC-19APR19-5250-C,68.11,0.0405,1.0,3,1554838270411,17580436,19
2019-04-09 21:43:08.570,4.3,sell,5225.22,BTC-19APR19-5250-C,62.77,0.038,4.3,2,1554846188570,17582411,20
2019-04-10 02:46:50.306,0.1,sell,5228.53,BTC-19APR19-5250-C,60.66,0.0365,0.1,2,1554864410306,17590859,21
2019-04-10 08:45:31.270,6.0,sell,5241.43,BTC-19APR19-5250-C,59.64,0.0365,6.0,3,1554885931270,17595649,22
2019-04-10 10:33:30.974,3.9,sell,5236.59,BTC-19APR19-5250-C,57.38,0.0345,3.9,2,1554892410974,17596365,23
2019-04-10 12:33:57.911,0.1,buy,5266.73,BTC-19APR19-5250-C,55.59,0.036000000000000004,0.1,0,1554899637911,17598275,24
2019-04-10 16:11:08.866,0.2,sell,5267.57,BTC-19APR19-5250-C,55.94,0.036000000000000004,0.2,1,1554912668866,17604812,25
2019-04-10 17:25:18.150,0.2,buy,5276.87,BTC-19APR19-5250-C,57.12,0.0375,0.2,0,1554917118150,17605648,26
2019-04-10 17:26:00.985,0.8,buy,5276.78,BTC-19APR19-5250-C,58.78,0.0385,0.8,0,1554917160985,17605652,27
2019-04-10 17:55:12.489,1.0,buy,5312.62,BTC-19APR19-5250-C,55.55,0.04,1.0,0,1554918912489,17607447,28
2019-04-10 18:38:31.913,1.0,sell,5418.79,BTC-19APR19-5250-C,51.51,0.049,1.0,0,1554921511913,17618239,29
2019-04-10 19:11:01.712,0.2,sell,5408.89,BTC-19APR19-5250-C,59.78,0.0525,0.2,0,1554923461712,17623097,30
2019-04-10 19:11:10.613,0.2,sell,5408.64,BTC-19APR19-5250-C,59.83,0.0525,0.2,1,1554923470613,17623105,31
2019-04-10 19:28:34.011,0.2,buy,5413.78,BTC-19APR19-5250-C,61.52,0.054000000000000006,0.2,0,1554924514011,17624805,32
2019-04-10 20:16:56.942,4.0,sell,5408.36,BTC-19APR19-5250-C,62.68,0.054000000000000006,4.0,1,1554927416942,17626905,33
2019-04-10 20:32:03.317,4.4,sell,5358.5,BTC-19APR19-5250-C,62.35,0.0485,4.4,2,1554928323317,17628631,34
2019-04-10 20:54:17.862,2.0,buy,5305.39,BTC-19APR19-5250-C,63.83,0.044000000000000004,2.0,2,1554929657862,17640315,35
2019-04-10 21:51:50.865,1.0,buy,5281.2,BTC-19APR19-5250-C,63.7,0.0415,1.0,2,1554933110865,17647077,36
2019-04-10 21:57:20.307,1.0,buy,5292.23,BTC-19APR19-5250-C,64.45,0.043,1.0,0,1554933440307,17647356,37
2019-04-11 03:44:06.828,2.0,sell,5171.56,BTC-19APR19-5250-C,65.88,0.0325,2.0,2,1554954246828,17664488,38
2019-04-11 05:55:13.524,2.0,sell,5214.17,BTC-19APR19-5250-C,60.15,0.0325,2.0,3,1554962113524,17670549,39
2019-04-11 09:15:17.137,3.0,sell,5195.11,BTC-19APR19-5250-C,59.21,0.03,3.0,2,1554974117137,17675073,40
2019-04-11 09:24:45.893,5.0,sell,5185.13,BTC-19APR19-5250-C,59.81,0.0295,5.0,2,1554974685893,17675231,41
2019-04-11 09:31:58.784,2.0,sell,5166.5,BTC-19APR19-5250-C,59.02,0.0275,2.0,2,1554975118784,17675549,42
2019-04-11 09:31:58.796,2.2,sell,5166.5,BTC-19APR19-5250-C,59.02,0.0275,2.2,3,1554975118796,17675550,43
2019-04-11 09:31:58.797,1.7,sell,5166.5,BTC-19APR19-5250-C,59.02,0.0275,1.7,3,1554975118797,17675551,44
2019-04-11 09:31:58.800,0.1,sell,5166.5,BTC-19APR19-5250-C,59.02,0.0275,0.1,3,1554975118800,17675552,45
2019-04-11 09:49:17.435,0.3,sell,5114.07,BTC-19APR19-5250-C,56.48,0.022000000000000002,0.3,2,1554976157435,17677226,46
2019-04-11 09:49:40.791,0.5,sell,5102.83,BTC-19APR19-5250-C,61.45,0.024,0.5,0,1554976180791,17678106,47
2019-04-11 10:11:08.212,10.0,sell,5071.8,BTC-19APR19-5250-C,57.32,0.0195,10.0,2,1554977468212,17687142,48
2019-04-11 11:03:18.345,5.0,sell,5072.4,BTC-19APR19-5250-C,57.38,0.0195,5.0,3,1554980598345,17689370,49
2019-04-11 11:11:43.282,0.5,buy,5065.81,BTC-19APR19-5250-C,57.28,0.019,0.5,3,1554981103282,17691012,52
2019-04-11 11:11:43.282,1.4,buy,5065.81,BTC-19APR19-5250-C,57.28,0.019,1.4,2,1554981103282,17691010,50
2019-04-11 11:11:43.282,0.9,buy,5065.81,BTC-19APR19-5250-C,57.28,0.019,0.9,3,1554981103282,17691011,51
2019-04-11 11:11:43.282,1.5,buy,5065.81,BTC-19APR19-5250-C,57.28,0.019,1.5,3,1554981103282,17691014,54
2019-04-11 11:11:43.282,0.4,buy,5065.81,BTC-19APR19-5250-C,57.28,0.019,0.4,3,1554981103282,17691015,55
2019-04-11 11:11:43.282,0.3,buy,5065.81,BTC-19APR19-5250-C,57.28,0.019,0.3,3,1554981103282,17691013,53
2019-04-11 11:14:05.738,1.0,buy,5068.87,BTC-19APR19-5250-C,56.92,0.019,1.0,3,1554981245738,17691206,57
2019-04-11 11:14:05.738,0.2,buy,5068.87,BTC-19APR19-5250-C,56.92,0.019,0.2,3,1554981245738,17691208,59
2019-04-11 11:14:05.738,0.1,buy,5068.87,BTC-19APR19-5250-C,56.92,0.019,0.1,3,1554981245738,17691209,60
2019-04-11 11:14:05.738,3.3000000000000003,buy,5068.87,BTC-19APR19-5250-C,56.92,0.019,3.3000000000000003,3,1554981245738,17691207,58
2019-04-11 11:14:05.738,0.4,buy,5068.87,BTC-19APR19-5250-C,56.92,0.019,0.4,3,1554981245738,17691205,56
2019-04-11 11:14:09.682,0.4,buy,5066.96,BTC-19APR19-5250-C,57.15,0.019,0.4,3,1554981249682,17691227,61
2019-04-11 11:15:56.834,1.8,buy,5072.58,BTC-19APR19-5250-C,56.47,0.019,1.8,3,1554981356834,17691333,62
2019-04-11 11:15:56.834,1.3,buy,5072.58,BTC-19APR19-5250-C,56.47,0.019,1.3,3,1554981356834,17691334,63
2019-04-11 11:15:56.834,0.9,buy,5072.58,BTC-19APR19-5250-C,56.47,0.019,0.9,3,1554981356834,17691335,64
2019-04-11 11:16:02.314,0.4,buy,5072.49,BTC-19APR19-5250-C,56.48,0.019,0.4,3,1554981362314,17691336,65
2019-04-11 11:19:15.541,1.1,buy,5066.7,BTC-19APR19-5250-C,57.19,0.019,1.1,3,1554981555541,17691455,67
2019-04-11 11:19:15.541,0.4,buy,5066.7,BTC-19APR19-5250-C,57.19,0.019,0.4,3,1554981555541,17691454,66
2019-04-11 11:19:15.541,2.0,buy,5066.7,BTC-19APR19-5250-C,57.19,0.019,2.0,3,1554981555541,17691456,68
2019-04-11 13:13:31.356,2.0,buy,5061.73,BTC-19APR19-5250-C,59.01,0.0195,2.0,0,1554988411356,17700229,69
2019-04-11 13:14:45.824,1.0,buy,5063.69,BTC-19APR19-5250-C,59.69,0.02,1.0,0,1554988485824,17700239,70
2019-04-11 15:33:43.703,0.1,buy,5066.33,BTC-19APR19-5250-C,60.67,0.0205,0.1,0,1554996823703,17704730,71
2019-04-11 16:27:15.553,0.1,buy,5037.85,BTC-19APR19-5250-C,63.36,0.02,0.1,2,1555000035553,17707517,72
2019-04-11 19:11:04.152,0.4,sell,5082.73,BTC-19APR19-5250-C,53.63,0.0175,0.4,2,1555009864152,17712307,73
2019-04-11 22:53:37.684,0.1,buy,5050.84,BTC-19APR19-5250-C,60.99,0.019,0.1,0,1555023217684,17721348,74
2019-04-12 01:12:47.730,0.2,sell,5018.82,BTC-19APR19-5250-C,59.37,0.016,0.2,2,1555031567730,17724674,75
2019-04-12 01:26:00.999,0.2,sell,4950.71,BTC-19APR19-5250-C,63.03,0.013999999999999999,0.2,2,1555032360999,17726939,76
2019-04-12 02:11:31.945,3.0,buy,4977.01,BTC-19APR19-5250-C,63.37,0.0155,3.0,0,1555035091945,17733640,77
2019-04-12 03:00:14.738,0.1,buy,5003.32,BTC-19APR19-5250-C,60.48,0.0155,0.1,1,1555038014738,17735232,78
2019-04-12 03:03:39.893,5.0,sell,4998.09,BTC-19APR19-5250-C,59.03,0.0145,5.0,2,1555038219893,17735303,79
2019-04-12 04:17:17.624,0.1,buy,5032.36,BTC-19APR19-5250-C,62.26,0.018000000000000002,0.1,0,1555042637624,17736913,80
2019-04-12 04:19:23.732,0.3,buy,5036.89,BTC-19APR19-5250-C,63.68,0.019,0.3,0,1555042763732,17737060,81
2019-04-12 06:05:21.668,0.2,buy,5031.77,BTC-19APR19-5250-C,60.67,0.017,0.2,2,1555049121668,17738596,82
2019-04-12 07:07:36.022,4.0,buy,5045.38,BTC-19APR19-5250-C,63.15,0.019,4.0,0,1555052856022,17740061,83
2019-04-12 07:20:39.565,1.0,sell,5042.56,BTC-19APR19-5250-C,61.57,0.018000000000000002,1.0,2,1555053639565,17740292,84
2019-04-12 08:16:15.632,0.4,buy,5034.29,BTC-19APR19-5250-C,61.76,0.0175,0.4,2,1555056975632,17741681,85
2019-04-12 08:24:23.943,0.3,sell,5023.58,BTC-19APR19-5250-C,59.03,0.0155,0.3,2,1555057463943,17742120,86
2019-04-12 09:00:01.701,1.0,buy,5021.5,BTC-19APR19-5250-C,59.39,0.0155,1.0,3,1555059601701,17743011,87
2019-04-12 09:32:48.759,0.4,sell,5022.42,BTC-19APR19-5250-C,57.3,0.0145,0.4,2,1555061568759,17743452,88
2019-04-12 10:37:06.063,3.0,sell,5045.32,BTC-19APR19-5250-C,54.74,0.0145,3.0,3,1555065426063,17744110,89
2019-04-12 11:08:12.982,0.1,buy,5099.67,BTC-19APR19-5250-C,54.93,0.018000000000000002,0.1,0,1555067292982,17746264,90
2019-04-12 11:33:27.903,0.2,sell,5069.89,BTC-19APR19-5250-C,58.88,0.018,0.2,1,1555068807903,17747137,91
