date_utc,amount,direction,indexPrice,instrument,iv,price,quantity,tickDirection,timeStamp,tradeId,tradeSeq
2019-03-26 16:17:12.627,75.0,sell,132.85,ETH-27SEP19-160-P,69.93,0.332,75.0,1,1553617032627,157912,1
2019-03-28 00:36:58.971,75.0,buy,138.48,ETH-27SEP19-160-P,72.91,0.302,75.0,2,1553733418971,181833,2
2019-03-28 14:23:33.264,60.0,buy,137.65,ETH-27SEP19-160-P,69.22,0.295,60.0,2,1553783013264,185772,3
2019-03-28 15:17:34.550,50.0,buy,137.9,ETH-27SEP19-160-P,68.21,0.292,50.0,2,1553786254550,186290,4
2019-03-28 19:54:48.612,1.0,sell,137.01,ETH-27SEP19-160-P,67.81,0.29600000000000004,1.0,0,1553802888612,188059,5
2019-03-29 22:38:15.202,4.0,sell,140.93,ETH-27SEP19-160-P,65.72,0.262,4.0,2,1553899095202,204094,6
2019-04-02 15:43:31.780,1.0,sell,155.33,ETH-27SEP19-160-P,66.72,0.187,1.0,2,1554219811780,306513,7
2019-04-04 16:17:54.513,10.0,buy,158.46,ETH-27SEP19-160-P,78.71,0.204,10.0,0,1554394674513,444836,8
2019-04-06 19:55:55.351,48.0,buy,171.03,ETH-27SEP19-160-P,81.56,0.17,48.0,2,1554580555351,514147,9
2019-04-07 21:52:35.618,1.0,buy,172.93,ETH-27SEP19-160-P,84.21,0.16,1.0,2,1554673955618,570675,10
2019-04-08 02:59:42.398,48.0,sell,182.67,ETH-27SEP19-160-P,79.27,0.11800000000000001,48.0,2,1554692382398,602872,11
2019-04-08 13:46:40.519,1.0,buy,178.18,ETH-27SEP19-160-P,86.77,0.14800000000000002,1.0,0,1554731200519,635967,12
2019-04-08 14:44:11.677,63.0,buy,178.66,ETH-27SEP19-160-P,83.95,0.14,63.0,2,1554734651677,638135,13
2019-04-10 01:31:35.879,20.0,sell,180.5,ETH-27SEP19-160-P,78.14,0.12,20.0,2,1554859895879,718774,14
2019-04-10 14:28:03.481,20.0,buy,180.06,ETH-27SEP19-160-P,75.7,0.113,20.0,2,1554906483481,742252,15
2019-04-11 16:34:06.088,1.0,sell,164.26,ETH-27SEP19-160-P,73.84,0.162,1.0,0,1555000446088,835645,16
2019-04-11 16:34:15.229,1.0,buy,164.2,ETH-27SEP19-160-P,76.93,0.17,1.0,0,1555000455229,835658,17
2019-04-11 16:35:24.762,1.0,sell,164.33,ETH-27SEP19-160-P,73.43,0.161,1.0,2,1555000524762,835687,18
2019-04-11 16:35:39.461,1.0,buy,164.34,ETH-27SEP19-160-P,76.59,0.16899999999999998,1.0,0,1555000539461,835694,19
2019-04-11 16:35:47.775,1.0,sell,164.35,ETH-27SEP19-160-P,73.81,0.162,1.0,2,1555000547775,835695,20
2019-04-11 16:36:52.752,1.0,buy,164.49,ETH-27SEP19-160-P,76.4,0.168,1.0,0,1555000612752,835722,21
2019-04-11 17:04:00.128,1.0,sell,164.8,ETH-27SEP19-160-P,73.87,0.161,1.0,2,1555002240128,837839,22
2019-04-11 17:04:08.188,1.0,buy,164.86,ETH-27SEP19-160-P,77.15,0.16899999999999998,1.0,0,1555002248188,837851,23
2019-04-11 17:04:14.907,1.0,sell,164.91,ETH-27SEP19-160-P,74.06,0.161,1.0,2,1555002254907,837855,24
2019-04-11 17:04:21.470,1.0,buy,164.75,ETH-27SEP19-160-P,77.06,0.16899999999999998,1.0,0,1555002261470,837869,25
2019-04-11 17:04:28.691,1.0,sell,164.78,ETH-27SEP19-160-P,73.93,0.161,1.0,2,1555002268691,837876,26
2019-04-11 17:04:37.692,1.0,buy,164.79,ETH-27SEP19-160-P,77.14,0.16899999999999998,1.0,0,1555002277692,837882,27
2019-04-12 06:17:10.902,150.0,sell,164.33,ETH-27SEP19-160-P,70.56,0.153,150.0,2,1555049830902,864836,28
2019-04-12 06:17:13.061,1.0,sell,164.33,ETH-27SEP19-160-P,70.56,0.153,1.0,3,1555049833061,864837,29
2019-04-12 06:17:13.061,120.0,sell,164.33,ETH-27SEP19-160-P,70.16,0.152,120.0,2,1555049833061,864838,30
2019-04-12 06:17:13.061,29.0,sell,164.33,ETH-27SEP19-160-P,7.25,0.002,29.0,2,1555049833061,864839,31
2019-04-12 06:41:29.877,89.0,sell,164.47,ETH-27SEP19-160-P,69.17,0.149,89.0,0,1555051289877,865365,32
2019-04-12 06:41:31.487,61.0,sell,164.49,ETH-27SEP19-160-P,69.21,0.149,61.0,1,1555051291487,865366,33
2019-04-12 06:41:31.487,28.0,sell,164.49,ETH-27SEP19-160-P,69.21,0.149,28.0,1,1555051291487,865367,34
2019-04-14 07:22:33.248,119.0,sell,162.72,ETH-27SEP19-160-P,70.06,0.162,119.0,0,1555226553248,921920,35
2019-04-14 14:44:32.443,100.0,sell,163.73,ETH-27SEP19-160-P,69.77,0.158,100.0,2,1555253072443,926808,36
2019-04-14 14:44:53.448,60.0,sell,163.73,ETH-27SEP19-160-P,68.27,0.154,60.0,2,1555253093448,926812,37
2019-04-14 14:44:53.448,40.0,sell,163.73,ETH-27SEP19-160-P,68.27,0.154,40.0,3,1555253093448,926813,38
2019-04-14 15:18:28.958,100.0,sell,163.95,ETH-27SEP19-160-P,68.14,0.152,100.0,2,1555255108958,927459,39
2019-04-15 20:33:43.867,80.0,sell,159.64,ETH-27SEP19-160-P,70.78,0.171,80.0,0,1555360423867,980522,40
2019-04-15 20:34:05.191,59.0,sell,159.68,ETH-27SEP19-160-P,70.12,0.16899999999999998,59.0,2,1555360445191,980593,41
2019-04-16 16:52:00.340,60.0,sell,164.49,ETH-27SEP19-160-P,68.26,0.149,60.0,2,1555433520340,1014894,42
2019-04-16 16:52:00.340,40.0,sell,164.49,ETH-27SEP19-160-P,68.26,0.149,40.0,3,1555433520340,1014895,43
2019-04-16 16:52:09.022,100.0,sell,164.5,ETH-27SEP19-160-P,68.28,0.149,100.0,3,1555433529022,1014901,44
2019-04-17 06:36:00.466,20.0,sell,166.57,ETH-27SEP19-160-P,65.81,0.138,20.0,2,1555482960466,1034467,45
2019-04-18 06:18:58.152,35.0,sell,171.49,ETH-27SEP19-160-P,68.93,0.128,35.0,2,1555568338152,1059618,46
2019-04-18 07:03:44.358,50.0,buy,171.95,ETH-27SEP19-160-P,70.39,0.13,50.0,0,1555571024358,1059986,47
2019-04-19 10:24:11.350,25.0,buy,173.11,ETH-27SEP19-160-P,70.14,0.126,25.0,2,1555669451350,1091369,48
2019-04-19 10:25:07.940,25.0,buy,173.17,ETH-27SEP19-160-P,70.0,0.126,25.0,3,1555669507940,1091377,49
2019-04-20 01:15:33.767,1.0,sell,173.69,ETH-27SEP19-160-P,66.26,0.11699999999999999,1.0,2,1555722933767,1105624,50
2019-04-20 03:52:17.331,60.0,sell,174.24,ETH-27SEP19-160-P,66.29,0.114,60.0,3,1555732337331,1108944,52
2019-04-20 03:52:17.331,120.0,sell,174.24,ETH-27SEP19-160-P,66.29,0.114,120.0,2,1555732337331,1108943,51
2019-04-22 14:43:36.219,110.0,sell,171.52,ETH-27SEP19-160-P,66.37,0.121,110.0,0,1555944216219,1156857,53
2019-04-23 07:39:46.943,120.0,sell,175.68,ETH-27SEP19-160-P,66.98,0.11199999999999999,120.0,2,1556005186943,1179201,54
2019-04-23 12:43:58.539,100.0,buy,174.78,ETH-27SEP19-160-P,69.03,0.11800000000000001,100.0,0,1556023438539,1184275,55
2019-04-23 15:47:47.258,120.0,sell,173.56,ETH-27SEP19-160-P,65.01,0.11199999999999999,120.0,2,1556034467258,1186696,56
2019-04-24 00:27:38.851,60.0,buy,170.76,ETH-27SEP19-160-P,67.89,0.126,60.0,0,1556065658851,1195194,57
2019-04-24 18:38:53.862,120.0,sell,161.93,ETH-27SEP19-160-P,64.75,0.147,120.0,0,1556131133862,1219680,58
2019-04-24 18:54:24.135,60.0,sell,161.93,ETH-27SEP19-160-P,63.91,0.145,60.0,2,1556132064135,1220040,59
2019-04-24 18:54:24.135,60.0,sell,161.93,ETH-27SEP19-160-P,63.91,0.145,60.0,3,1556132064135,1220041,60
2019-04-24 18:54:37.857,120.0,sell,161.81,ETH-27SEP19-160-P,63.89,0.145,120.0,3,1556132077857,1220051,61
2019-04-24 19:00:44.725,40.0,sell,162.31,ETH-27SEP19-160-P,63.24,0.142,40.0,3,1556132444725,1220333,63
2019-04-24 19:00:44.725,60.0,sell,162.31,ETH-27SEP19-160-P,63.24,0.142,60.0,2,1556132444725,1220332,62
2019-04-24 19:00:45.531,100.0,sell,162.31,ETH-27SEP19-160-P,63.24,0.142,100.0,3,1556132445531,1220334,64
2019-04-24 19:03:41.140,50.0,sell,163.25,ETH-27SEP19-160-P,62.14,0.136,50.0,2,1556132621140,1220677,65
2019-04-24 19:03:43.999,50.0,sell,163.28,ETH-27SEP19-160-P,62.15,0.136,50.0,3,1556132623999,1220684,66
2019-04-25 12:11:37.304,152.0,sell,163.94,ETH-27SEP19-160-P,62.55,0.136,152.0,3,1556194297304,1231890,68
2019-04-25 12:11:37.304,120.0,sell,163.94,ETH-27SEP19-160-P,62.55,0.136,120.0,3,1556194297304,1231889,67
2019-04-25 12:11:37.304,1.0,sell,163.94,ETH-27SEP19-160-P,7.9,0.005,1.0,2,1556194297304,1231892,70
2019-04-25 12:11:37.304,138.0,sell,163.94,ETH-27SEP19-160-P,62.55,0.136,138.0,3,1556194297304,1231891,69
2019-04-25 13:34:14.560,150.0,sell,163.53,ETH-27SEP19-160-P,60.44,0.132,150.0,0,1556199254560,1232466,71
2019-04-25 13:36:08.234,120.0,sell,163.59,ETH-27SEP19-160-P,60.35,0.131,120.0,2,1556199368234,1232533,72
2019-04-25 16:19:13.560,120.0,buy,164.82,ETH-27SEP19-160-P,62.64,0.134,120.0,0,1556209153560,1234233,73
2019-04-25 16:34:03.425,1.0,sell,164.74,ETH-27SEP19-160-P,60.09,0.128,1.0,2,1556210043425,1234467,74
2019-04-25 16:37:40.291,12.0,sell,164.7,ETH-27SEP19-160-P,60.03,0.128,12.0,3,1556210260291,1234482,75
2019-04-25 16:37:50.517,120.0,sell,164.7,ETH-27SEP19-160-P,60.03,0.128,120.0,3,1556210270517,1234485,76
2019-04-25 20:13:14.389,150.0,sell,164.3,ETH-27SEP19-160-P,60.12,0.13,150.0,0,1556223194389,1237221,77
2019-04-25 21:39:43.595,1.0,sell,163.56,ETH-27SEP19-160-P,59.47,0.13,1.0,1,1556228383595,1238470,78
2019-04-25 22:02:15.304,59.0,buy,158.33,ETH-27SEP19-160-P,61.49,0.154,59.0,0,1556229735304,1241806,79
2019-04-25 22:02:15.362,6.0,buy,158.33,ETH-27SEP19-160-P,61.49,0.154,6.0,1,1556229735362,1241813,80
2019-04-25 22:02:15.419,25.0,buy,158.33,ETH-27SEP19-160-P,61.49,0.154,25.0,1,1556229735419,1241818,81
2019-04-25 22:05:13.375,90.0,buy,152.43,ETH-27SEP19-160-P,59.45,0.175,90.0,0,1556229913375,1245022,82
2019-04-25 22:05:13.552,30.0,buy,152.43,ETH-27SEP19-160-P,59.45,0.175,30.0,1,1556229913552,1245029,83
2019-04-26 18:39:20.775,100.0,sell,151.19,ETH-27SEP19-160-P,60.93,0.174,100.0,2,1556303960775,1279193,84
2019-04-26 18:39:22.152,100.0,sell,151.2,ETH-27SEP19-160-P,60.95,0.174,100.0,3,1556303962152,1279194,85
2019-04-26 22:04:23.976,108.0,buy,153.4,ETH-27SEP19-160-P,64.31,0.17300000000000001,108.0,2,1556316263976,1281193,86
2019-04-27 06:54:19.813,22.0,sell,153.85,ETH-27SEP19-160-P,0.0,0.008,22.0,2,1556348059813,1284310,89
2019-04-27 06:54:19.813,10.0,sell,153.85,ETH-27SEP19-160-P,0.0,0.012,10.0,2,1556348059813,1284309,88
2019-04-27 06:54:19.813,108.0,sell,153.85,ETH-27SEP19-160-P,60.02,0.162,108.0,2,1556348059813,1284308,87
2019-04-27 08:58:34.732,1.0,sell,153.01,ETH-27SEP19-160-P,60.16,0.166,1.0,0,1556355514732,1285102,90
2019-04-27 11:51:51.141,2.0,sell,153.36,ETH-27SEP19-160-P,61.73,0.16899999999999998,2.0,0,1556365911141,1286639,91
2019-04-27 11:52:05.436,2.0,sell,153.38,ETH-27SEP19-160-P,61.73,0.16899999999999998,2.0,1,1556365925436,1286640,92
2019-04-27 21:03:01.899,120.0,sell,157.4,ETH-27SEP19-160-P,60.52,0.153,120.0,2,1556398981899,1296277,93
2019-04-27 21:03:01.899,20.0,sell,157.4,ETH-27SEP19-160-P,59.33,0.15,20.0,2,1556398981899,1296278,94
2019-04-27 21:03:04.782,120.0,sell,157.4,ETH-27SEP19-160-P,59.71,0.151,120.0,0,1556398984782,1296279,95
2019-04-27 21:03:04.782,20.0,sell,157.4,ETH-27SEP19-160-P,59.32,0.15,20.0,2,1556398984782,1296280,96
2019-04-27 23:15:17.726,6.0,sell,155.7,ETH-27SEP19-160-P,59.86,0.159,6.0,0,1556406917726,1298167,97
2019-04-28 22:24:03.879,108.0,buy,153.21,ETH-27SEP19-160-P,62.48,0.17800000000000002,108.0,0,1556490243879,1318379,98
2019-04-29 06:27:36.586,120.0,sell,154.07,ETH-27SEP19-160-P,60.88,0.17,120.0,2,1556519256586,1321507,99
2019-04-29 09:06:03.619,60.0,sell,153.49,ETH-27SEP19-160-P,60.3,0.17,60.0,3,1556528763619,1322597,100
2019-04-29 17:02:49.831,100.0,sell,153.47,ETH-27SEP19-160-P,60.06,0.171,100.0,0,1556557369831,1334160,101
2019-04-30 12:20:56.821,108.0,buy,156.83,ETH-27SEP19-160-P,62.24,0.16399999999999998,108.0,2,1556626856821,1353486,102
2019-05-01 13:56:37.792,89.0,sell,158.5,ETH-27SEP19-160-P,60.29,0.153,89.0,2,1556718997792,1378627,103
2019-05-02 12:10:38.924,60.0,sell,158.35,ETH-27SEP19-160-P,60.16,0.153,60.0,3,1556799038924,1393864,104
2019-05-02 12:34:10.221,91.0,sell,158.41,ETH-27SEP19-160-P,60.42,0.153,91.0,3,1556800450221,1393945,105
2019-05-03 07:23:09.153,60.0,sell,160.85,ETH-27SEP19-160-P,61.15,0.147,60.0,2,1556868189153,1419837,106
2019-05-03 07:23:09.153,275.0,sell,160.85,ETH-27SEP19-160-P,61.15,0.147,275.0,3,1556868189153,1419838,107
2019-05-04 21:48:08.807,72.0,sell,163.45,ETH-27SEP19-160-P,62.28,0.136,72.0,2,1557006488807,1475495,108
2019-05-04 21:48:08.807,28.0,sell,163.45,ETH-27SEP19-160-P,62.28,0.136,28.0,3,1557006488807,1475496,109
2019-05-07 00:08:39.044,14.0,sell,176.25,ETH-27SEP19-160-P,68.48,0.11,14.0,2,1557187719044,1540230,110
2019-05-10 20:22:29.293,1.0,buy,175.15,ETH-27SEP19-160-P,71.72,0.125,1.0,0,1557519749293,1705905,111
2019-05-11 06:28:45.577,1.0,sell,177.93,ETH-27SEP19-160-P,69.17,0.11699999999999999,1.0,2,1557556125577,1734806,112
2019-05-11 07:01:53.170,20.0,sell,177.56,ETH-27SEP19-160-P,69.06,0.11800000000000001,20.0,0,1557558113170,1740393,113
2019-05-11 10:57:26.942,60.0,sell,192.44,ETH-27SEP19-160-P,71.75,0.086,60.0,2,1557572246942,1769245,114
2019-05-12 06:59:21.511,5.0,sell,198.13,ETH-27SEP19-160-P,79.51,0.09,5.0,0,1557644361511,1903509,115
