date_utc,amount,direction,indexPrice,instrument,iv,price,quantity,tickDirection,timeStamp,tradeId,tradeSeq
2019-02-24 14:15:27.860,1.0,buy,3803.13,BTC-26APR19-5500-P,0.0,0.4535,1.0,1,1551017727860,15899080,1
2019-04-02 05:27:42.713,4.9,buy,4981.16,BTC-26APR19-5500-P,67.71,0.1365,4.9,2,1554182862713,17064620,2
2019-04-02 14:10:21.428,4.9,buy,4702.58,BTC-26APR19-5500-P,53.04,0.1785,4.9,0,1554214221428,17114069,3
2019-04-02 14:10:25.131,4.9,buy,4694.08,BTC-26APR19-5500-P,49.46,0.1785,4.9,1,1554214225131,17114119,4
2019-04-02 15:22:03.885,0.1,buy,4730.09,BTC-26APR19-5500-P,64.56,0.18,0.1,0,1554218523885,17120928,5
2019-04-03 03:13:18.321,0.3,sell,5030.75,BTC-26APR19-5500-P,74.95,0.134,0.3,2,1554261198321,17176243,6
2019-04-03 13:13:14.890,0.3,buy,5020.81,BTC-26APR19-5500-P,76.12,0.136,0.3,0,1554297194890,17200396,7
2019-04-03 13:13:14.890,13.7,buy,5020.81,BTC-26APR19-5500-P,77.73,0.1375,13.7,0,1554297194890,17200397,8
2019-04-03 13:46:49.043,0.3,buy,5038.26,BTC-26APR19-5500-P,74.77,0.132,0.3,2,1554299209043,17201625,9
2019-04-03 16:38:03.641,14.0,buy,5110.64,BTC-26APR19-5500-P,79.5,0.1255,14.0,2,1554309483641,17213230,10
2019-04-06 16:41:42.748,0.1,buy,5218.14,BTC-26APR19-5500-P,60.0,0.08800000000000001,0.1,2,1554568902748,17408871,11
2019-04-08 07:15:07.562,10.0,buy,5220.31,BTC-26APR19-5500-P,62.97,0.08800000000000001,10.0,3,1554707707562,17517600,12
2019-04-08 07:15:25.775,10.0,buy,5226.02,BTC-26APR19-5500-P,63.87,0.08800000000000001,10.0,3,1554707725775,17517620,13
2019-04-08 07:16:51.154,10.0,buy,5232.81,BTC-26APR19-5500-P,67.28,0.09,10.0,0,1554707811154,17517687,14
2019-04-08 10:19:59.235,0.7000000000000001,buy,5244.51,BTC-26APR19-5500-P,65.81,0.087,0.7000000000000001,2,1554718799235,17523465,15
2019-04-08 15:03:54.246,3.0,sell,5244.08,BTC-26APR19-5500-P,64.93,0.086,3.0,2,1554735834246,17533895,16
2019-04-08 15:03:54.248,7.0,buy,5244.08,BTC-26APR19-5500-P,64.93,0.086,7.0,3,1554735834248,17533896,17
2019-04-08 15:06:30.256,3.0,buy,5236.98,BTC-26APR19-5500-P,65.01,0.087,3.0,0,1554735990256,17534080,18
2019-04-08 15:06:30.295,3.0,buy,5236.98,BTC-26APR19-5500-P,65.01,0.087,3.0,1,1554735990295,17534081,19
2019-04-08 15:06:30.311,3.0,buy,5236.98,BTC-26APR19-5500-P,65.01,0.087,3.0,1,1554735990311,17534082,20
2019-04-08 15:06:30.321,1.0,buy,5236.98,BTC-26APR19-5500-P,65.01,0.087,1.0,1,1554735990321,17534083,21
2019-04-08 15:06:30.673,3.0,sell,5236.98,BTC-26APR19-5500-P,65.01,0.087,3.0,1,1554735990673,17534084,22
2019-04-08 15:06:30.673,0.4,sell,5236.98,BTC-26APR19-5500-P,64.42,0.0865,0.4,2,1554735990673,17534085,23
2019-04-08 15:06:30.716,6.6000000000000005,buy,5236.98,BTC-26APR19-5500-P,64.42,0.0865,6.6000000000000005,3,1554735990716,17534086,24
2019-04-08 18:17:25.831,0.1,sell,5228.36,BTC-26APR19-5500-P,69.81,0.092,0.1,0,1554747445831,17538343,25
2019-04-09 00:02:51.066,0.1,sell,5275.69,BTC-26APR19-5500-P,63.95,0.0805,0.1,2,1554768171066,17549831,26
2019-04-10 11:17:13.210,12.0,sell,5248.01,BTC-26APR19-5500-P,52.84,0.073,12.0,2,1554895033210,17597156,27
2019-04-10 11:17:20.878,12.0,sell,5248.01,BTC-26APR19-5500-P,52.2,0.0725,12.0,2,1554895040878,17597159,28
2019-04-10 11:17:28.178,8.9,buy,5248.03,BTC-26APR19-5500-P,51.56,0.072,8.9,2,1554895048178,17597160,29
