date_utc,amount,direction,indexPrice,instrument,iv,price,quantity,tickDirection,timeStamp,tradeId,tradeSeq
2019-02-24 14:15:27.860,1.0,buy,3803.13,BTC-26APR19-5500-P,0.0,0.4535,1.0,1,1551017727860,15899080,1
2019-04-02 05:27:42.713,4.9,buy,4981.16,BTC-26APR19-5500-P,67.71,0.1365,4.9,2,1554182862713,17064620,2
2019-04-02 14:10:21.428,4.9,buy,4702.58,BTC-26APR19-5500-P,53.04,0.1785,4.9,0,1554214221428,17114069,3
2019-04-02 14:10:25.131,4.9,buy,4694.08,BTC-26APR19-5500-P,49.46,0.1785,4.9,1,1554214225131,17114119,4
2019-04-02 15:22:03.885,0.1,buy,4730.09,BTC-26APR19-5500-P,64.56,0.18,0.1,0,1554218523885,17120928,5
2019-04-03 03:13:18.321,0.3,sell,5030.75,BTC-26APR19-5500-P,74.95,0.134,0.3,2,1554261198321,17176243,6
2019-04-03 13:13:14.890,0.3,buy,5020.81,BTC-26APR19-5500-P,76.12,0.136,0.3,0,1554297194890,17200396,7
2019-04-03 13:13:14.890,13.7,buy,5020.81,BTC-26APR19-5500-P,77.73,0.1375,13.7,0,1554297194890,17200397,8
2019-04-03 13:46:49.043,0.3,buy,5038.26,BTC-26APR19-5500-P,74.77,0.132,0.3,2,1554299209043,17201625,9
2019-04-03 16:38:03.641,14.0,buy,5110.64,BTC-26APR19-5500-P,79.5,0.1255,14.0,2,1554309483641,17213230,10
2019-04-06 16:41:42.748,0.1,buy,5218.14,BTC-26APR19-5500-P,60.0,0.08800000000000001,0.1,2,1554568902748,17408871,11
2019-04-08 07:15:07.562,10.0,buy,5220.31,BTC-26APR19-5500-P,62.97,0.08800000000000001,10.0,3,1554707707562,17517600,12
2019-04-08 07:15:25.775,10.0,buy,5226.02,BTC-26APR19-5500-P,63.87,0.08800000000000001,10.0,3,1554707725775,17517620,13
2019-04-08 07:16:51.154,10.0,buy,5232.81,BTC-26APR19-5500-P,67.28,0.09,10.0,0,1554707811154,17517687,14
2019-04-08 10:19:59.235,0.7000000000000001,buy,5244.51,BTC-26APR19-5500-P,65.81,0.087,0.7000000000000001,2,1554718799235,17523465,15
2019-04-08 15:03:54.246,3.0,sell,5244.08,BTC-26APR19-5500-P,64.93,0.086,3.0,2,1554735834246,17533895,16
2019-04-08 15:03:54.248,7.0,buy,5244.08,BTC-26APR19-5500-P,64.93,0.086,7.0,3,1554735834248,17533896,17
2019-04-08 15:06:30.256,3.0,buy,5236.98,BTC-26APR19-5500-P,65.01,0.087,3.0,0,1554735990256,17534080,18
2019-04-08 15:06:30.295,3.0,buy,5236.98,BTC-26APR19-5500-P,65.01,0.087,3.0,1,1554735990295,17534081,19
2019-04-08 15:06:30.311,3.0,buy,5236.98,BTC-26APR19-5500-P,65.01,0.087,3.0,1,1554735990311,17534082,20
2019-04-08 15:06:30.321,1.0,buy,5236.98,BTC-26APR19-5500-P,65.01,0.087,1.0,1,1554735990321,17534083,21
2019-04-08 15:06:30.673,3.0,sell,5236.98,BTC-26APR19-5500-P,65.01,0.087,3.0,1,1554735990673,17534084,22
2019-04-08 15:06:30.673,0.4,sell,5236.98,BTC-26APR19-5500-P,64.42,0.0865,0.4,2,1554735990673,17534085,23
2019-04-08 15:06:30.716,6.6000000000000005,buy,5236.98,BTC-26APR19-5500-P,64.42,0.0865,6.6000000000000005,3,1554735990716,17534086,24
2019-04-08 18:17:25.831,0.1,sell,5228.36,BTC-26APR19-5500-P,69.81,0.092,0.1,0,1554747445831,17538343,25
2019-04-09 00:02:51.066,0.1,sell,5275.69,BTC-26APR19-5500-P,63.95,0.0805,0.1,2,1554768171066,17549831,26
2019-04-10 11:17:13.210,12.0,sell,5248.01,BTC-26APR19-5500-P,52.84,0.073,12.0,2,1554895033210,17597156,27
2019-04-10 11:17:20.878,12.0,sell,5248.01,BTC-26APR19-5500-P,52.2,0.0725,12.0,2,1554895040878,17597159,28
2019-04-10 11:17:28.178,8.9,buy,5248.03,BTC-26APR19-5500-P,51.56,0.07200000000000001,8.9,2,1554895048178,17597160,29
2019-04-10 14:45:52.184,0.7000000000000001,sell,5273.31,BTC-26APR19-5500-P,59.92,0.075,0.7000000000000001,0,1554907552184,17602181,30
2019-04-10 15:40:54.843,1.0,buy,5269.22,BTC-26APR19-5500-P,54.89,0.0715,1.0,2,1554910854843,17602876,31
2019-04-10 18:31:09.581,0.1,sell,5347.95,BTC-26APR19-5500-P,58.05,0.064,0.1,2,1554921069581,17611423,32
2019-04-10 18:40:48.156,10.0,buy,5427.53,BTC-26APR19-5500-P,60.4,0.057,10.0,2,1554921648156,17618724,33
2019-04-10 18:52:02.379,12.0,buy,5417.52,BTC-26APR19-5500-P,62.16,0.0595,12.0,0,1554922322379,17621772,34
2019-04-10 18:52:11.665,4.0,sell,5414.25,BTC-26APR19-5500-P,62.95,0.0605,4.0,0,1554922331665,17621796,35
2019-04-10 18:52:14.810,12.0,buy,5413.45,BTC-26APR19-5500-P,63.45,0.061,12.0,0,1554922334810,17621797,36
2019-04-10 18:52:51.288,10.0,buy,5409.72,BTC-26APR19-5500-P,65.39,0.063,10.0,0,1554922371288,17621843,37
2019-04-10 19:05:22.697,4.0,sell,5418.7,BTC-26APR19-5500-P,62.94,0.06,4.0,2,1554923122697,17622737,38
2019-04-10 19:18:58.305,12.0,buy,5396.15,BTC-26APR19-5500-P,63.63,0.063,12.0,0,1554923938305,17623955,39
2019-04-10 19:19:17.356,12.0,sell,5395.67,BTC-26APR19-5500-P,66.0,0.065,12.0,0,1554923957356,17623976,40
2019-04-10 19:19:36.762,12.0,buy,5387.84,BTC-26APR19-5500-P,67.38,0.067,12.0,0,1554923976762,17624054,41
2019-04-10 19:37:34.456,10.0,sell,5419.26,BTC-26APR19-5500-P,60.62,0.057999999999999996,10.0,2,1554925054456,17625178,42
2019-04-10 19:40:24.615,10.0,sell,5428.04,BTC-26APR19-5500-P,59.94,0.0565,10.0,2,1554925224615,17625575,43
2019-04-10 19:44:28.446,10.0,buy,5420.36,BTC-26APR19-5500-P,60.16,0.0575,10.0,0,1554925468446,17625702,44
2019-04-10 19:46:29.119,10.0,buy,5418.32,BTC-26APR19-5500-P,60.51,0.057999999999999996,10.0,0,1554925589119,17625756,45
2019-04-10 19:51:07.819,10.0,sell,5410.54,BTC-26APR19-5500-P,60.71,0.059000000000000004,10.0,0,1554925867819,17626024,46
2019-04-10 19:52:24.620,10.0,sell,5411.23,BTC-26APR19-5500-P,59.59,0.057999999999999996,10.0,2,1554925944620,17626054,47
2019-04-10 20:36:56.192,0.1,buy,5361.39,BTC-26APR19-5500-P,61.99,0.0655,0.1,0,1554928616192,17629486,48
2019-04-11 03:21:59.406,0.2,buy,5273.39,BTC-26APR19-5500-P,62.87,0.0765,0.2,0,1554952919406,17657987,49
2019-04-11 11:31:55.477,1.0,buy,4978.85,BTC-26APR19-5500-P,61.07,0.12,1.0,0,1554982315477,17693703,50
2019-04-11 18:45:35.193,4.0,sell,5070.04,BTC-26APR19-5500-P,61.15,0.10400000000000001,4.0,2,1555008335193,17710765,51
2019-04-11 18:45:41.382,4.0,sell,5070.36,BTC-26APR19-5500-P,61.23,0.10400000000000001,4.0,3,1555008341382,17710770,52
2019-04-11 18:45:46.343,4.0,sell,5070.38,BTC-26APR19-5500-P,60.48,0.1035,4.0,2,1555008346343,17710772,53
2019-04-14 02:08:49.515,4.0,sell,5073.6,BTC-26APR19-5500-P,57.48,0.098,4.0,2,1555207729515,17789081,54
2019-04-14 05:16:49.665,0.2,buy,5031.49,BTC-26APR19-5500-P,57.21,0.105,0.2,0,1555219009665,17791201,55
2019-04-14 11:22:49.018,4.0,sell,5066.3,BTC-26APR19-5500-P,55.19,0.0975,4.0,2,1555240969018,17795256,56
2019-04-15 16:02:34.279,4.0,sell,5158.23,BTC-26APR19-5500-P,54.93,0.0805,4.0,2,1555344154279,17820970,57
2019-04-16 14:35:08.072,0.1,buy,5053.85,BTC-26APR19-5500-P,60.57,0.0995,0.1,0,1555425308072,17860786,58
2019-04-16 17:41:08.954,0.1,buy,5201.67,BTC-26APR19-5500-P,50.94,0.07,0.1,2,1555436468954,17873393,59
2019-04-16 17:41:11.813,0.1,buy,5200.44,BTC-26APR19-5500-P,50.58,0.07,0.1,3,1555436471813,17873394,60
2019-04-16 17:41:13.405,0.1,buy,5199.41,BTC-26APR19-5500-P,50.27,0.07,0.1,3,1555436473405,17873397,61
2019-04-16 17:41:15.259,0.1,buy,5199.04,BTC-26APR19-5500-P,50.16,0.07,0.1,3,1555436475259,17873398,62
2019-04-16 17:41:15.331,0.1,buy,5199.04,BTC-26APR19-5500-P,50.16,0.07,0.1,3,1555436475331,17873399,63
2019-04-16 17:41:15.358,0.1,buy,5199.04,BTC-26APR19-5500-P,50.16,0.07,0.1,3,1555436475358,17873400,64
2019-04-16 17:41:30.905,4.0,buy,5197.1,BTC-26APR19-5500-P,49.58,0.07,4.0,3,1555436490905,17873409,65
2019-04-16 17:41:37.138,4.0,buy,5196.91,BTC-26APR19-5500-P,49.52,0.07,4.0,3,1555436497138,17873413,66
2019-04-16 17:41:37.160,1.4,buy,5196.91,BTC-26APR19-5500-P,49.52,0.07,1.4,3,1555436497160,17873414,67
2019-04-16 17:56:25.108,0.1,sell,5228.09,BTC-26APR19-5500-P,48.25,0.0645,0.1,2,1555437385108,17874573,68
2019-04-16 17:56:28.216,0.1,sell,5227.21,BTC-26APR19-5500-P,48.0,0.0645,0.1,3,1555437388216,17874580,69
2019-04-16 17:56:28.216,3.9,sell,5227.21,BTC-26APR19-5500-P,46.12,0.0635,3.9,2,1555437388216,17874581,70
2019-04-16 17:57:00.623,0.1,sell,5225.14,BTC-26APR19-5500-P,45.51,0.0635,0.1,3,1555437420623,17874648,71
2019-04-16 17:57:03.670,3.9,sell,5225.36,BTC-26APR19-5500-P,44.61,0.063,3.9,2,1555437423670,17874650,73
2019-04-16 17:57:03.670,0.1,sell,5225.36,BTC-26APR19-5500-P,45.58,0.0635,0.1,3,1555437423670,17874649,72
2019-04-16 17:57:46.574,0.1,sell,5226.89,BTC-26APR19-5500-P,45.07,0.063,0.1,3,1555437466574,17874710,74
2019-04-16 17:57:52.099,4.0,sell,5224.58,BTC-26APR19-5500-P,44.38,0.063,4.0,3,1555437472099,17874715,75
2019-04-16 17:57:58.376,4.0,sell,5223.07,BTC-26APR19-5500-P,42.93,0.0625,4.0,2,1555437478376,17874741,76
2019-04-16 17:58:08.463,8.6,sell,5223.04,BTC-26APR19-5500-P,47.75,0.065,8.6,0,1555437488463,17874779,77
2019-04-16 17:58:14.412,4.0,sell,5222.61,BTC-26APR19-5500-P,43.77,0.063,4.0,2,1555437494412,17874787,78
2019-04-16 17:58:14.412,0.1,sell,5222.61,BTC-26APR19-5500-P,43.77,0.063,0.1,3,1555437494412,17874788,79
2019-04-16 17:58:24.358,6.0,sell,5220.17,BTC-26APR19-5500-P,46.91,0.065,6.0,0,1555437504358,17874813,80
2019-04-16 17:58:57.462,0.1,sell,5217.34,BTC-26APR19-5500-P,43.12,0.0635,0.1,2,1555437537462,17874855,81
2019-04-16 17:58:57.462,4.0,sell,5217.34,BTC-26APR19-5500-P,43.12,0.0635,4.0,3,1555437537462,17874856,82
2019-04-16 17:59:38.524,4.0,sell,5211.33,BTC-26APR19-5500-P,43.21,0.0645,4.0,0,1555437578524,17874956,83
2019-04-16 17:59:38.524,0.1,sell,5211.33,BTC-26APR19-5500-P,42.18,0.064,0.1,2,1555437578524,17874957,84
2019-04-16 18:00:39.571,0.1,sell,5213.63,BTC-26APR19-5500-P,42.94,0.064,0.1,3,1555437639571,17875109,85
2019-04-16 18:00:39.571,3.9,sell,5213.63,BTC-26APR19-5500-P,41.92,0.0635,3.9,2,1555437639571,17875110,86
2019-04-16 18:01:12.236,0.1,sell,5218.01,BTC-26APR19-5500-P,42.33,0.063,0.1,2,1555437672236,17875136,87
2019-04-16 18:01:12.239,15.0,buy,5218.01,BTC-26APR19-5500-P,42.33,0.063,15.0,3,1555437672239,17875137,88
2019-04-16 18:01:12.446,4.2,buy,5218.01,BTC-26APR19-5500-P,42.33,0.063,4.2,3,1555437672446,17875138,89
2019-04-16 18:01:12.797,0.5,buy,5218.01,BTC-26APR19-5500-P,42.33,0.063,0.5,3,1555437672797,17875142,90
2019-04-16 18:01:14.502,4.2,buy,5218.09,BTC-26APR19-5500-P,42.35,0.063,4.2,3,1555437674502,17875145,91
2019-04-16 18:01:15.389,0.1,buy,5218.15,BTC-26APR19-5500-P,42.37,0.063,0.1,3,1555437675389,17875148,92
2019-04-16 18:01:18.640,1.6,buy,5217.83,BTC-26APR19-5500-P,42.27,0.063,1.6,3,1555437678640,17875154,93
2019-04-16 18:01:23.140,1.1,buy,5217.81,BTC-26APR19-5500-P,42.26,0.063,1.1,3,1555437683140,17875158,94
2019-04-16 22:17:27.688,0.2,buy,5189.27,BTC-26APR19-5500-P,52.54,0.0725,0.2,0,1555453047688,17881350,95
2019-04-16 22:52:21.711,0.1,buy,5194.72,BTC-26APR19-5500-P,52.32,0.0715,0.1,2,1555455141711,17881807,96
2019-04-16 23:19:12.173,0.1,buy,5200.76,BTC-26APR19-5500-P,52.26,0.0705,0.1,2,1555456752173,17882183,97
2019-04-18 01:35:41.038,3.0,sell,5272.59,BTC-26APR19-5500-P,52.04,0.057999999999999996,3.0,2,1555551341038,17913156,98
2019-04-18 01:35:52.504,2.0,sell,5274.82,BTC-26APR19-5500-P,52.63,0.057999999999999996,2.0,3,1555551352504,17913177,99
2019-04-18 01:35:53.984,4.0,sell,5275.12,BTC-26APR19-5500-P,52.71,0.057999999999999996,4.0,3,1555551353984,17913184,100
2019-04-18 01:49:54.834,0.1,sell,5272.33,BTC-26APR19-5500-P,48.18,0.055999999999999994,0.1,2,1555552194834,17914276,101
2019-04-18 02:37:28.797,1.0,sell,5266.34,BTC-26APR19-5500-P,49.49,0.0575,1.0,0,1555555048797,17915340,102
2019-04-18 02:37:42.736,5.0,sell,5266.5,BTC-26APR19-5500-P,49.54,0.0575,5.0,1,1555555062736,17915341,103
2019-04-18 02:38:07.401,3.0,sell,5266.81,BTC-26APR19-5500-P,48.66,0.057,3.0,2,1555555087401,17915342,104
