date_utc,amount,direction,indexPrice,instrument,iv,price,quantity,tickDirection,timeStamp,tradeId,tradeSeq
2019-05-27 07:49:49.803,10.0,sell,269.17,ETH-7JUN19-290-C,106.58,0.044,10.0,1,1558943389803,3660828,1
2019-05-27 11:45:22.149,55.0,buy,266.95,ETH-7JUN19-290-C,114.63,0.046,55.0,0,1558957522149,3669654,2
2019-05-27 12:01:54.643,55.0,buy,268.47,ETH-7JUN19-290-C,117.89,0.05,55.0,0,1558958514643,3670776,3
2019-05-27 16:42:40.947,18.0,sell,270.81,ETH-7JUN19-290-C,126.47,0.058,18.0,0,1558975360947,3693830,4
2019-05-27 23:51:50.959,1.0,buy,273.8,ETH-7JUN19-290-C,119.17,0.056,1.0,2,1559001110959,3723883,5
2019-05-28 10:43:34.637,10.0,sell,269.35,ETH-7JUN19-290-C,108.9,0.042,10.0,2,1559040214637,3749140,6
2019-05-28 17:30:14.988,3.0,buy,274.06,ETH-7JUN19-290-C,110.46,0.048,3.0,0,1559064614988,3772560,7
2019-05-28 18:39:25.337,5.0,buy,273.55,ETH-7JUN19-290-C,118.16,0.052000000000000005,5.0,0,1559068765337,3777850,8
2019-05-28 18:41:20.858,5.0,sell,273.75,ETH-7JUN19-290-C,108.21,0.046,5.0,2,1559068880858,3777888,9
2019-05-28 20:47:33.038,35.0,buy,271.88,ETH-7JUN19-290-C,117.44,0.049,35.0,0,1559076453038,3784713,10
2019-05-28 20:48:29.593,10.0,buy,271.99,ETH-7JUN19-290-C,118.81,0.05,10.0,0,1559076509593,3784774,11
2019-05-28 20:57:06.948,39.0,buy,272.04,ETH-7JUN19-290-C,117.15,0.049,39.0,2,1559077026948,3785063,12
2019-05-29 05:41:15.070,1.0,sell,261.83,ETH-7JUN19-290-C,116.52,0.035,1.0,2,1559108475070,3810067,13
2019-05-29 08:34:32.883,110.0,sell,266.2,ETH-7JUN19-290-C,106.96,0.034,110.0,2,1559118872883,3820998,14
2019-05-29 12:05:39.596,1.0,sell,268.61,ETH-7JUN19-290-C,104.75,0.035,1.0,0,1559131539596,3829469,15
2019-05-29 20:46:47.160,1.0,sell,269.65,ETH-7JUN19-290-C,110.07,0.038,1.0,0,1559162807160,3852318,16
2019-05-29 22:02:21.084,1.0,buy,270.6,ETH-7JUN19-290-C,103.13,0.035,1.0,2,1559167341084,3855859,17
2019-05-29 22:27:42.473,2.0,buy,271.35,ETH-7JUN19-290-C,105.16,0.037000000000000005,2.0,0,1559168862473,3856746,18
2019-05-29 22:29:46.603,50.0,sell,271.42,ETH-7JUN19-290-C,108.51,0.039,50.0,0,1559168986603,3856781,19
2019-05-29 22:30:07.633,3.0,sell,271.42,ETH-7JUN19-290-C,108.51,0.039,3.0,1,1559169007633,3856783,20
2019-05-29 22:30:11.927,47.0,sell,271.41,ETH-7JUN19-290-C,108.53,0.039,47.0,1,1559169011927,3856788,21
2019-05-30 03:48:04.129,5.0,sell,284.61,ETH-7JUN19-290-C,106.34,0.055,5.0,0,1559188084129,3886494,22
2019-05-30 03:48:19.578,17.0,sell,283.2,ETH-7JUN19-290-C,106.53,0.053,17.0,2,1559188099578,3886820,23
2019-05-30 13:00:03.801,20.0,sell,283.46,ETH-7JUN19-290-C,113.61,0.056,20.0,0,1559221203801,3918359,24
2019-05-30 14:02:27.318,2.0,sell,283.28,ETH-7JUN19-290-C,109.21,0.053,2.0,2,1559224947318,3922061,25
2019-05-30 16:15:34.774,1.0,sell,282.0,ETH-7JUN19-290-C,114.88,0.054000000000000006,1.0,0,1559232934774,3931875,26
2019-05-30 16:19:17.758,1.0,buy,277.95,ETH-7JUN19-290-C,102.12,0.040999999999999995,1.0,2,1559233157758,3937262,27
2019-05-30 17:00:45.237,1.0,sell,270.99,ETH-7JUN19-290-C,114.84,0.039,1.0,2,1559235645237,3946532,28
2019-05-30 17:01:35.400,60.0,sell,270.73,ETH-7JUN19-290-C,104.35,0.033,60.0,2,1559235695400,3947861,29
2019-05-30 19:52:30.548,40.0,sell,268.64,ETH-7JUN19-290-C,104.02,0.03,40.0,2,1559245950548,3965036,30
2019-05-30 23:01:19.228,50.0,buy,252.67,ETH-7JUN19-290-C,120.88,0.022,50.0,2,1559257279228,4020761,31
2019-05-31 09:25:33.516,100.0,sell,253.23,ETH-7JUN19-290-C,100.9,0.013,100.0,2,1559294733516,4051505,32
2019-05-31 10:13:03.689,35.0,buy,254.87,ETH-7JUN19-290-C,100.79,0.014,35.0,0,1559297583689,4052203,33
2019-05-31 10:47:23.164,30.0,sell,255.55,ETH-7JUN19-290-C,99.69,0.014,30.0,1,1559299643164,4053174,34
2019-05-31 10:48:02.434,20.0,sell,255.35,ETH-7JUN19-290-C,100.07,0.014,20.0,1,1559299682434,4053207,35
2019-05-31 12:31:51.043,1.0,buy,255.74,ETH-7JUN19-290-C,107.55,0.017,1.0,0,1559305911043,4055416,36
2019-05-31 16:23:04.627,25.0,buy,257.33,ETH-7JUN19-290-C,103.18,0.016,25.0,2,1559319784627,4068759,37
2019-06-01 02:02:36.993,200.0,sell,270.83,ETH-7JUN19-290-C,106.72,0.029,200.0,0,1559354556993,4107336,38
2019-06-01 13:32:35.029,1.0,sell,268.0,ETH-7JUN19-290-C,104.49,0.023,1.0,2,1559395955029,4129423,39
2019-06-01 15:48:02.050,106.0,buy,265.36,ETH-7JUN19-290-C,113.9,0.024,106.0,0,1559404082050,4135766,41
2019-06-01 15:48:02.050,94.0,buy,265.36,ETH-7JUN19-290-C,101.91,0.019,94.0,2,1559404082050,4135765,40
2019-06-02 01:57:59.180,2.0,sell,267.37,ETH-7JUN19-290-C,103.7,0.02,2.0,2,1559440679180,4158487,42
2019-06-02 02:42:51.721,5.0,sell,266.12,ETH-7JUN19-290-C,107.0,0.02,5.0,3,1559443371721,4159699,43
2019-06-02 04:56:53.300,1.0,buy,267.41,ETH-7JUN19-290-C,94.55,0.016,1.0,2,1559451413300,4163140,44
2019-06-02 09:09:56.857,1.0,sell,272.32,ETH-7JUN19-290-C,94.39,0.02,1.0,0,1559466596857,4172563,45
2019-06-02 13:38:10.975,15.0,buy,269.57,ETH-7JUN19-290-C,105.85,0.021,15.0,0,1559482690975,4184516,46
2019-06-03 14:23:27.273,2.0,sell,260.86,ETH-7JUN19-290-C,95.35,0.006999999999999999,2.0,2,1559571807273,4242890,47
2019-06-03 19:34:09.226,91.0,sell,260.79,ETH-7JUN19-290-C,93.84,0.006,91.0,2,1559590449226,4257955,48
2019-06-03 23:43:26.824,20.0,buy,251.03,ETH-7JUN19-290-C,113.49,0.005,20.0,2,1559605406824,4274667,49
2019-06-04 03:29:38.439,6.0,buy,247.06,ETH-7JUN19-290-C,125.44,0.005,6.0,3,1559618978439,4299085,50
2019-06-04 03:29:45.881,6.0,buy,247.09,ETH-7JUN19-290-C,125.37,0.005,6.0,3,1559618985881,4299086,51
2019-06-04 03:29:57.058,2.0,buy,247.04,ETH-7JUN19-290-C,125.49,0.005,2.0,3,1559618997058,4299092,52
2019-06-04 03:30:03.679,3.0,buy,247.06,ETH-7JUN19-290-C,125.44,0.005,3.0,3,1559619003679,4299094,53
2019-06-04 05:06:10.648,100.0,buy,247.8,ETH-7JUN19-290-C,118.39,0.004,100.0,2,1559624770648,4307118,54
2019-06-04 17:37:08.091,1.0,sell,244.88,ETH-7JUN19-290-C,104.29,0.001,1.0,2,1559669828091,4338958,55
2019-06-04 17:37:08.091,1.0,sell,244.88,ETH-7JUN19-290-C,104.29,0.001,1.0,3,1559669828091,4338959,56
2019-06-04 18:16:03.945,1.0,buy,241.65,ETH-7JUN19-290-C,126.07,0.002,1.0,0,1559672163945,4348239,57
