date_utc,amount,direction,indexPrice,instrument,iv,price,quantity,tickDirection,timeStamp,tradeId,tradeSeq
2019-02-14 00:08:12,3.0,buy,3575.97,BTC-29MAR19-4000-C,55.92,0.034,3.0,0,1550102892000,15349852,531
2019-02-14 01:06:22,10.0,sell,3580.52,BTC-29MAR19-4000-C,54.92,0.0335,10.0,2,1550106382493,15351507,532
2019-02-14 07:23:29,0.8,sell,3565.75,BTC-29MAR19-4000-C,55.81,0.033,0.8,2,1550129009384,15357942,533
2019-02-14 10:27:25,6.4,sell,3561.27,BTC-29MAR19-4000-C,56.02,0.0325,6.4,2,1550140045718,15361519,534
2019-02-14 11:57:16,4.0,sell,3553.8,BTC-29MAR19-4000-C,55.97,0.032,4.0,2,1550145436923,15366331,535
2019-02-14 12:17:28,4.0,sell,3555.84,BTC-29MAR19-4000-C,56.21,0.0325,4.0,0,1550146648543,15367297,536
2019-02-14 12:37:23,10.0,buy,3560.45,BTC-29MAR19-4000-C,56.58,0.033,10.0,0,1550147843346,15367555,537
2019-02-14 12:42:01,5.0,sell,3560.95,BTC-29MAR19-4000-C,55.12,0.0315,5.0,2,1550148121895,15367646,538
2019-02-14 12:43:20,5.0,sell,3560.62,BTC-29MAR19-4000-C,55.14,0.0315,5.0,3,1550148200882,15367713,539
2019-02-14 12:50:37,7.0,sell,3559.56,BTC-29MAR19-4000-C,54.88,0.031,7.0,2,1550148637751,15367775,540
2019-02-14 12:51:44,0.5,sell,3559.46,BTC-29MAR19-4000-C,54.91,0.031,0.5,3,1550148704183,15367796,541
2019-02-14 13:01:47,10.0,buy,3558.59,BTC-29MAR19-4000-C,56.22,0.0325,10.0,0,1550149307870,15367916,542
2019-02-14 18:02:46,3.1,buy,3574.29,BTC-29MAR19-4000-C,55.0,0.032,3.1,2,1550167366343,15372486,543
2019-02-15 00:34:42,0.4,sell,3567.45,BTC-29MAR19-4000-C,54.15,0.0305,0.4,2,1550190882554,15376687,544
2019-02-15 01:19:15,0.1,sell,3565.2,BTC-29MAR19-4000-C,54.34,0.0305,0.1,3,1550193555568,15376873,545
2019-02-15 01:19:55,0.3,buy,3565.39,BTC-29MAR19-4000-C,54.75,0.031,0.3,0,1550193595585,15376877,546
2019-02-15 03:25:41,0.1,sell,3574.71,BTC-29MAR19-4000-C,54.18,0.031,0.1,1,1550201141096,15377839,547
2019-02-15 03:27:13,0.1,sell,3574.78,BTC-29MAR19-4000-C,54.2,0.031,0.1,1,1550201233689,15377846,548
2019-02-15 03:33:27,0.1,sell,3574.82,BTC-29MAR19-4000-C,54.2,0.031,0.1,1,1550201607711,15377868,549
2019-02-15 03:35:58,0.1,sell,3574.36,BTC-29MAR19-4000-C,54.27,0.031,0.1,1,1550201758605,15377876,550
2019-02-15 03:39:48,0.1,sell,3573.94,BTC-29MAR19-4000-C,54.25,0.031,0.1,1,1550201988355,15377907,551
2019-02-15 03:41:29,0.1,sell,3573.4,BTC-29MAR19-4000-C,54.34,0.031,0.1,1,1550202089399,15377915,552
2019-02-15 03:45:06,0.1,sell,3573.14,BTC-29MAR19-4000-C,54.36,0.031,0.1,1,1550202306847,15377921,553
2019-02-15 03:45:21,0.1,sell,3573.46,BTC-29MAR19-4000-C,54.35,0.031,0.1,1,1550202321940,15377922,554
2019-02-15 03:46:24,0.1,sell,3573.77,BTC-29MAR19-4000-C,54.35,0.031,0.1,1,1550202384248,15377944,555
2019-02-15 03:46:28,0.1,sell,3573.84,BTC-29MAR19-4000-C,54.35,0.031,0.1,1,1550202388503,15377945,556
2019-02-15 03:59:19,0.1,sell,3576.64,BTC-29MAR19-4000-C,53.91,0.031,0.1,1,1550203159813,15378406,557
2019-02-15 04:02:54,0.1,sell,3575.9,BTC-29MAR19-4000-C,54.08,0.031,0.1,1,1550203374317,15378513,558
2019-02-15 04:59:04,0.3,buy,3580.54,BTC-29MAR19-4000-C,54.29,0.0315,0.3,0,1550206744603,15380057,559
2019-02-15 05:05:08,0.2,buy,3579.96,BTC-29MAR19-4000-C,54.2,0.0315,0.2,1,1550207108621,15380190,560
2019-02-15 05:07:06,0.2,buy,3578.88,BTC-29MAR19-4000-C,54.27,0.0315,0.2,1,1550207226683,15380207,561
2019-02-15 05:09:32,0.2,buy,3578.24,BTC-29MAR19-4000-C,54.28,0.0315,0.2,1,1550207372005,15380258,562
2019-02-15 05:31:38,0.1,sell,3577.7,BTC-29MAR19-4000-C,54.09,0.031,0.1,2,1550208698864,15380448,563
2019-02-15 05:31:42,0.1,sell,3577.38,BTC-29MAR19-4000-C,54.11,0.031,0.1,3,1550208702645,15380452,564
2019-02-15 05:32:20,0.2,buy,3577.43,BTC-29MAR19-4000-C,54.52,0.0315,0.2,0,1550208740887,15380457,565
2019-02-15 05:33:06,9.8,buy,3576.98,BTC-29MAR19-4000-C,54.52,0.0315,9.8,1,1550208786758,15380460,566
2019-02-15 05:33:06,2.2,sell,3576.98,BTC-29MAR19-4000-C,54.52,0.0315,2.2,1,1550208786829,15380461,567
2019-02-15 06:26:21,0.1,sell,3578.91,BTC-29MAR19-4000-C,53.5,0.0305,0.1,2,1550211981983,15380911,568
2019-02-15 08:02:45,0.1,sell,3576.87,BTC-29MAR19-4000-C,53.39,0.0305,0.1,3,1550217765942,15382418,569
2019-02-15 08:02:45,0.9,sell,3576.87,BTC-29MAR19-4000-C,53.39,0.0305,0.9,3,1550217765942,15382419,570
2019-02-15 11:02:53,0.1,buy,3583.78,BTC-29MAR19-4000-C,55.02,0.0325,0.1,0,1550228573767,15384555,571
2019-02-15 11:02:53,10.0,buy,3583.78,BTC-29MAR19-4000-C,55.02,0.0325,10.0,1,1550228573767,15384556,572
2019-02-15 11:03:00,1.0,sell,3583.78,BTC-29MAR19-4000-C,55.0,0.0325,1.0,1,1550228580844,15384558,573
2019-02-15 11:09:29,0.1,buy,3585.64,BTC-29MAR19-4000-C,55.27,0.033,0.1,0,1550228969175,15385714,574
2019-02-15 11:09:29,12.8,buy,3585.64,BTC-29MAR19-4000-C,55.69,0.0335,12.8,0,1550228969175,15385715,575
2019-02-15 11:09:29,0.1,sell,3585.64,BTC-29MAR19-4000-C,55.69,0.0335,0.1,1,1550228969178,15385716,576
2019-02-15 12:34:34,0.1,buy,3580.42,BTC-29MAR19-4000-C,54.72,0.032,0.1,2,1550234074566,15387099,577
2019-02-15 15:38:22,0.2,sell,3551.1,BTC-29MAR19-4000-C,54.64,0.0295,0.2,2,1550245102939,15399132,578
2019-02-15 17:06:29,0.2,buy,3562.88,BTC-29MAR19-4000-C,54.49,0.03,0.2,0,1550250389443,15400345,579
2019-02-15 17:09:16,0.2,buy,3563.28,BTC-29MAR19-4000-C,54.49,0.03,0.2,1,1550250556319,15400360,580
2019-02-15 17:09:49,0.2,buy,3562.87,BTC-29MAR19-4000-C,54.49,0.03,0.2,1,1550250589686,15400376,581
2019-02-15 17:11:59,0.1,sell,3563.5,BTC-29MAR19-4000-C,53.99,0.0295,0.1,2,1550250719230,15400408,583
2019-02-15 17:11:59,0.4,sell,3563.5,BTC-29MAR19-4000-C,54.42,0.03,0.4,1,1550250719230,15400407,582
2019-02-15 19:04:10,0.1,sell,3569.09,BTC-29MAR19-4000-C,53.18,0.029,0.1,2,1550257450191,15401203,584
2019-02-15 19:04:10,0.2,sell,3569.09,BTC-29MAR19-4000-C,53.18,0.029,0.2,3,1550257450191,15401204,585
2019-02-15 19:06:49,0.6,buy,3569.04,BTC-29MAR19-4000-C,53.6,0.0295,0.6,0,1550257609169,15401241,586
2019-02-15 19:39:25,0.2,buy,3568.39,BTC-29MAR19-4000-C,53.75,0.0295,0.2,1,1550259565503,15401604,587
2019-02-15 19:39:58,0.2,buy,3568.49,BTC-29MAR19-4000-C,53.74,0.0295,0.2,1,1550259598734,15401612,588
2019-02-15 21:36:30,0.1,buy,3568.21,BTC-29MAR19-4000-C,54.03,0.03,0.1,0,1550266590080,15402397,589
2019-02-16 00:47:33,0.5,buy,3568.45,BTC-29MAR19-4000-C,53.89,0.03,0.5,1,1550278053302,15403465,590
2019-02-16 01:04:30,0.4,buy,3574.52,BTC-29MAR19-4000-C,53.41,0.03,0.4,1,1550279070169,15403969,591
2019-02-16 01:06:52,0.5,buy,3573.5,BTC-29MAR19-4000-C,53.54,0.03,0.5,1,1550279212855,15404072,592
2019-02-16 01:48:18,5.3,sell,3574.28,BTC-29MAR19-4000-C,53.53,0.03,5.3,1,1550281698372,15404539,593
2019-02-16 16:16:12,3.3000000000000003,buy,3589.36,BTC-29MAR19-4000-C,54.08,0.0315,3.3000000000000003,0,1550333772454,15421030,594
2019-02-16 16:18:05,3.1,buy,3592.0,BTC-29MAR19-4000-C,54.47,0.032,3.1,0,1550333885193,15421076,595
2019-02-17 02:21:43,1.0,buy,3585.04,BTC-29MAR19-4000-C,53.81,0.0305,1.0,2,1550370103914,15426798,596
2019-02-17 04:33:19,3.0,buy,3588.86,BTC-29MAR19-4000-C,54.12,0.031,3.0,0,1550377999433,15427354,597
2019-02-17 04:33:19,0.2,buy,3588.86,BTC-29MAR19-4000-C,54.12,0.031,0.2,1,1550377999433,15427355,598
2019-02-17 04:33:39,1.6,buy,3588.95,BTC-29MAR19-4000-C,54.54,0.0315,1.6,0,1550378019818,15427356,599
2019-02-17 04:33:39,35.1,buy,3588.95,BTC-29MAR19-4000-C,54.54,0.0315,35.1,1,1550378019818,15427357,600
2019-02-17 04:35:00,3.0,buy,3589.16,BTC-29MAR19-4000-C,54.55,0.0315,3.0,1,1550378100035,15427366,601
2019-02-17 04:35:36,11.0,buy,3589.1,BTC-29MAR19-4000-C,54.55,0.0315,11.0,1,1550378136230,15427378,602
2019-02-17 04:36:18,10.0,buy,3589.5,BTC-29MAR19-4000-C,54.55,0.0315,10.0,1,1550378178371,15427384,603
2019-02-17 04:36:22,40.0,buy,3589.5,BTC-29MAR19-4000-C,54.55,0.0315,40.0,1,1550378182349,15427385,604
2019-02-17 04:36:24,4.0,buy,3589.5,BTC-29MAR19-4000-C,54.55,0.0315,4.0,1,1550378184023,15427386,605
2019-02-17 04:36:33,0.3,buy,3589.35,BTC-29MAR19-4000-C,54.99,0.032,0.3,0,1550378193732,15427388,606
2019-02-17 04:36:33,9.7,buy,3589.35,BTC-29MAR19-4000-C,54.99,0.032,9.7,1,1550378193732,15427389,607
2019-02-17 04:37:00,10.0,buy,3589.7,BTC-29MAR19-4000-C,54.99,0.032,10.0,1,1550378220623,15427390,608
2019-02-17 04:37:44,25.0,buy,3589.53,BTC-29MAR19-4000-C,54.99,0.032,25.0,1,1550378264478,15427391,609
2019-02-17 04:44:39,0.2,buy,3590.36,BTC-29MAR19-4000-C,54.78,0.032,0.2,1,1550378679704,15427449,610
2019-02-17 04:44:39,3.7,buy,3590.36,BTC-29MAR19-4000-C,55.21,0.0325,3.7,0,1550378679704,15427450,611
2019-02-17 04:44:39,0.1,buy,3590.36,BTC-29MAR19-4000-C,55.64,0.033,0.1,0,1550378679704,15427451,612
2019-02-17 09:27:57,1.0,sell,3597.82,BTC-29MAR19-4000-C,53.65,0.031,1.0,2,1550395677175,15429512,613
2019-02-17 10:27:50,0.4,buy,3653.56,BTC-29MAR19-4000-C,52.81,0.0345,0.4,0,1550399270044,15433424,614
2019-02-17 10:27:56,0.1,buy,3658.19,BTC-29MAR19-4000-C,52.5,0.0345,0.1,1,1550399276230,15433624,615
2019-02-17 10:27:56,0.5,buy,3658.19,BTC-29MAR19-4000-C,52.5,0.0345,0.5,1,1550399276230,15433625,616
2019-02-17 10:31:08,0.2,buy,3636.0,BTC-29MAR19-4000-C,54.79,0.0355,0.2,0,1550399468297,15435978,617
2019-02-17 10:31:08,0.8,buy,3636.0,BTC-29MAR19-4000-C,55.2,0.036000000000000004,0.8,0,1550399468297,15435979,618
2019-02-17 13:06:53,0.3,sell,3563.89,BTC-29MAR19-4000-C,54.83,0.03,0.3,2,1550408813883,15446584,619
2019-02-17 13:06:54,0.4,sell,3563.89,BTC-29MAR19-4000-C,54.83,0.03,0.4,3,1550408814405,15446587,620
2019-02-17 13:07:01,0.3,sell,3563.76,BTC-29MAR19-4000-C,54.83,0.03,0.3,3,1550408821432,15446593,621
2019-02-17 13:07:01,0.2,sell,3563.76,BTC-29MAR19-4000-C,54.38,0.0295,0.2,2,1550408821432,15446594,622
2019-02-17 13:07:47,0.3,sell,3556.87,BTC-29MAR19-4000-C,54.92,0.0295,0.3,3,1550408867087,15446809,623
2019-02-17 13:18:51,0.2,buy,3564.12,BTC-29MAR19-4000-C,55.44,0.0305,0.2,0,1550409531411,15447459,624
2019-02-17 13:29:23,0.2,buy,3565.64,BTC-29MAR19-4000-C,54.4,0.0295,0.2,2,1550410163515,15447610,625
2019-02-17 13:43:37,5.5,sell,3570.19,BTC-29MAR19-4000-C,54.54,0.03,5.5,0,1550411017208,15447908,626
2019-02-17 13:43:55,13.3,sell,3569.87,BTC-29MAR19-4000-C,53.66,0.029,13.3,2,1550411035473,15447916,627
2019-02-17 21:38:59,0.2,buy,3596.95,BTC-29MAR19-4000-C,53.36,0.03,0.2,0,1550439539575,15453769,628
2019-02-17 21:39:20,0.2,buy,3596.95,BTC-29MAR19-4000-C,53.37,0.03,0.2,1,1550439560098,15453782,629
2019-02-17 21:43:56,0.8,buy,3602.04,BTC-29MAR19-4000-C,53.12,0.03,0.8,1,1550439836862,15453979,630
2019-02-18 02:55:26,0.2,sell,3670.87,BTC-29MAR19-4000-C,52.71,0.0355,0.2,0,1550458526864,15484572,631
2019-02-18 02:55:26,1.8,sell,3670.87,BTC-29MAR19-4000-C,52.71,0.0355,1.8,1,1550458526864,15484573,632
2019-02-18 03:10:51,0.2,buy,3685.76,BTC-29MAR19-4000-C,54.27,0.0385,0.2,0,1550459451834,15486678,633
2019-02-18 03:11:13,0.8,buy,3686.65,BTC-29MAR19-4000-C,54.58,0.039,0.8,0,1550459473403,15486714,634
2019-02-18 06:19:43,0.2,buy,3684.45,BTC-29MAR19-4000-C,54.02,0.0375,0.2,2,1550470783389,15494662,635
2019-02-18 06:28:55,0.2,buy,3695.44,BTC-29MAR19-4000-C,54.04,0.0385,0.2,0,1550471335852,15495606,636
2019-02-18 06:33:00,9.6,sell,3690.12,BTC-29MAR19-4000-C,54.45,0.0385,9.6,1,1550471580029,15496036,637
2019-02-18 06:42:57,0.2,buy,3697.01,BTC-29MAR19-4000-C,53.19,0.0375,0.2,2,1550472177276,15496392,638
2019-02-18 06:44:19,1.3,sell,3695.31,BTC-29MAR19-4000-C,54.1,0.0385,1.3,0,1550472259267,15496468,639
2019-02-18 07:42:45,2.0,buy,3699.9,BTC-29MAR19-4000-C,55.01,0.0405,2.0,0,1550475765701,15503772,640
2019-02-18 08:08:46,3.0,buy,3691.52,BTC-29MAR19-4000-C,55.21,0.04,3.0,2,1550477326490,15504829,641
2019-02-18 08:08:54,0.3,buy,3691.48,BTC-29MAR19-4000-C,55.21,0.04,0.3,3,1550477334021,15504834,642
2019-02-18 09:32:03,0.2,sell,3703.48,BTC-29MAR19-4000-C,53.81,0.039,0.2,3,1550482323016,15507273,644
2019-02-18 09:32:03,0.7000000000000001,sell,3703.48,BTC-29MAR19-4000-C,53.4,0.0385,0.7000000000000001,2,1550482323016,15507274,645
2019-02-18 09:32:03,0.1,sell,3703.48,BTC-29MAR19-4000-C,53.81,0.039,0.1,2,1550482323016,15507272,643
2019-02-18 10:01:34,0.3,sell,3702.01,BTC-29MAR19-4000-C,54.58,0.04,0.3,0,1550484094711,15508182,646
2019-02-18 10:05:31,0.3,sell,3699.72,BTC-29MAR19-4000-C,54.9,0.04,0.3,1,1550484331849,15508316,647
2019-02-18 10:08:57,0.2,sell,3702.41,BTC-29MAR19-4000-C,54.72,0.04,0.2,1,1550484537609,15508460,648
2019-02-18 10:19:14,4.2,sell,3697.76,BTC-29MAR19-4000-C,55.05,0.04,4.2,1,1550485154911,15509083,649
2019-02-18 11:47:19,0.2,sell,3701.43,BTC-29MAR19-4000-C,54.9,0.0405,0.2,0,1550490439158,15512211,650
2019-02-18 12:48:20,0.2,buy,3725.23,BTC-29MAR19-4000-C,53.73,0.041,0.2,0,1550494100717,15517317,651
2019-02-18 12:49:05,50.0,sell,3719.11,BTC-29MAR19-4000-C,53.35,0.04,50.0,2,1550494145159,15517686,652
2019-02-18 12:56:27,0.2,buy,3732.21,BTC-29MAR19-4000-C,53.25,0.041,0.2,0,1550494587797,15518694,653
2019-02-18 12:56:37,0.3,buy,3741.28,BTC-29MAR19-4000-C,52.61,0.041,0.3,1,1550494597746,15518965,654
2019-02-18 12:56:43,0.5,buy,3742.4,BTC-29MAR19-4000-C,52.53,0.041,0.5,1,1550494603486,15519042,655
2019-02-18 12:56:49,0.5,buy,3740.23,BTC-29MAR19-4000-C,52.58,0.041,0.5,1,1550494609579,15519251,656
2019-02-18 12:56:59,0.1,buy,3735.43,BTC-29MAR19-4000-C,53.21,0.041,0.1,1,1550494619103,15519453,657
2019-02-18 12:59:41,0.2,buy,3732.28,BTC-29MAR19-4000-C,53.33,0.041,0.2,1,1550494781696,15520135,658
2019-02-18 13:01:07,0.1,buy,3730.48,BTC-29MAR19-4000-C,53.32,0.041,0.1,1,1550494867678,15520384,659
2019-02-18 13:18:38,0.3,buy,3736.78,BTC-29MAR19-4000-C,53.21,0.041,0.3,1,1550495918569,15521871,660
2019-02-18 13:18:59,0.3,buy,3736.43,BTC-29MAR19-4000-C,53.21,0.041,0.3,1,1550495939644,15521948,661
2019-02-18 13:19:05,0.3,buy,3734.17,BTC-29MAR19-4000-C,53.4,0.041,0.3,1,1550495945144,15521959,662
2019-02-18 13:45:50,1.0,sell,3793.93,BTC-29MAR19-4000-C,52.77,0.0455,1.0,0,1550497550658,15530949,663
2019-02-18 13:56:42,0.1,buy,3814.49,BTC-29MAR19-4000-C,53.19,0.048,0.1,0,1550498202332,15534661,664
2019-02-18 14:03:22,0.2,sell,3786.73,BTC-29MAR19-4000-C,54.15,0.0465,0.2,2,1550498602837,15536358,665
2019-02-18 14:22:27,0.1,sell,3814.62,BTC-29MAR19-4000-C,52.99,0.048,0.1,0,1550499747786,15539777,666
2019-02-18 14:29:49,0.3,buy,3815.46,BTC-29MAR19-4000-C,54.12,0.05,0.3,0,1550500189901,15541283,667
2019-02-18 14:30:15,0.3,sell,3813.9,BTC-29MAR19-4000-C,52.77,0.048,0.3,2,1550500215588,15541311,668
2019-02-18 14:31:03,0.5,sell,3816.0,BTC-29MAR19-4000-C,52.74,0.048,0.5,3,1550500263914,15541442,669
2019-02-18 14:35:44,1.0,sell,3805.78,BTC-29MAR19-4000-C,53.29,0.048,1.0,3,1550500544178,15541896,670
2019-02-18 14:39:56,0.2,sell,3804.92,BTC-29MAR19-4000-C,52.99,0.0475,0.2,2,1550500796935,15542496,672
2019-02-18 14:39:56,0.1,sell,3804.92,BTC-29MAR19-4000-C,53.39,0.048,0.1,3,1550500796935,15542495,671
2019-02-18 14:56:11,5.0,buy,3803.5,BTC-29MAR19-4000-C,54.24,0.049,5.0,0,1550501771393,15543559,673
2019-02-18 15:03:38,0.1,sell,3790.49,BTC-29MAR19-4000-C,54.64,0.048,0.1,2,1550502218768,15544234,674
2019-02-18 16:23:39,0.7000000000000001,buy,3854.05,BTC-29MAR19-4000-C,51.12,0.05,0.7000000000000001,0,1550507019792,15551263,675
2019-02-18 16:23:39,0.1,buy,3854.05,BTC-29MAR19-4000-C,51.12,0.05,0.1,1,1550507019792,15551264,676
2019-02-18 16:39:22,0.2,sell,3902.51,BTC-29MAR19-4000-C,52.4,0.057,0.2,0,1550507962248,15558722,677
2019-02-18 16:44:24,0.3,buy,3863.83,BTC-29MAR19-4000-C,53.56,0.0545,0.3,2,1550508264688,15560188,678
2019-02-18 17:06:36,6.0,buy,3848.63,BTC-29MAR19-4000-C,55.38,0.055,6.0,0,1550509596663,15567247,679
2019-02-18 17:07:15,1.0,buy,3849.85,BTC-29MAR19-4000-C,54.48,0.054000000000000006,1.0,2,1550509635500,15567325,680
2019-02-18 17:08:31,2.0,buy,3850.71,BTC-29MAR19-4000-C,56.73,0.057,2.0,0,1550509711489,15567553,681
2019-02-18 17:15:43,0.7000000000000001,buy,3861.42,BTC-29MAR19-4000-C,57.02,0.0585,0.7000000000000001,1,1550510143883,15568300,684
2019-02-18 17:15:43,0.1,buy,3861.42,BTC-29MAR19-4000-C,55.86,0.057,0.1,1,1550510143883,15568298,682
2019-02-18 17:15:43,0.2,buy,3861.42,BTC-29MAR19-4000-C,57.02,0.0585,0.2,0,1550510143883,15568299,683
2019-02-18 17:17:42,0.2,sell,3869.81,BTC-29MAR19-4000-C,55.53,0.0575,0.2,2,1550510262218,15568563,685
2019-02-18 17:22:04,0.2,sell,3873.21,BTC-29MAR19-4000-C,55.28,0.0575,0.2,3,1550510524816,15569024,686
2019-02-18 17:47:32,0.1,buy,3853.11,BTC-29MAR19-4000-C,56.35,0.0565,0.1,2,1550512052063,15570450,687
2019-02-18 17:47:32,0.1,buy,3853.11,BTC-29MAR19-4000-C,57.12,0.0575,0.1,0,1550512052063,15570451,688
2019-02-18 17:55:00,0.2,sell,3853.73,BTC-29MAR19-4000-C,55.22,0.055,0.2,2,1550512500783,15570892,689
2019-02-18 18:12:44,0.2,buy,3888.79,BTC-29MAR19-4000-C,57.12,0.061,0.2,1,1550513564415,15571852,691
2019-02-18 18:12:44,0.2,buy,3888.79,BTC-29MAR19-4000-C,57.12,0.061,0.2,0,1550513564415,15571851,690
2019-02-18 18:19:26,0.2,sell,3889.88,BTC-29MAR19-4000-C,55.68,0.0595,0.2,2,1550513966476,15572650,692
2019-02-18 18:20:57,0.1,buy,3882.43,BTC-29MAR19-4000-C,56.65,0.06,0.1,0,1550514057971,15572820,693
2019-02-18 18:20:57,0.1,buy,3882.43,BTC-29MAR19-4000-C,57.43,0.061,0.1,0,1550514057971,15572821,694
2019-02-18 18:56:09,0.1,buy,3882.06,BTC-29MAR19-4000-C,55.93,0.059,0.1,2,1550516169136,15574175,695
2019-02-18 18:56:09,0.1,buy,3882.06,BTC-29MAR19-4000-C,56.32,0.0595,0.1,0,1550516169136,15574176,696
2019-02-18 19:13:28,0.2,buy,3874.27,BTC-29MAR19-4000-C,56.19,0.0585,0.2,2,1550517208772,15574713,697
2019-02-18 21:09:11,0.2,sell,3869.39,BTC-29MAR19-4000-C,55.25,0.057,0.2,2,1550524151999,15580578,698
2019-02-18 22:04:33,0.4,buy,3843.47,BTC-29MAR19-4000-C,56.62,0.056,0.4,2,1550527473584,15582446,699
2019-02-18 22:08:37,0.2,sell,3838.13,BTC-29MAR19-4000-C,55.38,0.054000000000000006,0.2,2,1550527717851,15583067,700
2019-02-18 22:24:40,0.2,sell,3856.39,BTC-29MAR19-4000-C,57.09,0.058,0.2,0,1550528680028,15584122,701
2019-02-18 22:25:39,0.2,buy,3856.35,BTC-29MAR19-4000-C,57.16,0.058,0.2,1,1550528739331,15584160,702
2019-02-18 22:26:40,0.2,buy,3853.59,BTC-29MAR19-4000-C,57.44,0.058,0.2,1,1550528800943,15584223,703
2019-02-18 22:26:41,0.2,buy,3853.59,BTC-29MAR19-4000-C,57.44,0.058,0.2,1,1550528801708,15584225,704
2019-02-18 22:26:42,0.2,buy,3853.59,BTC-29MAR19-4000-C,57.44,0.058,0.2,1,1550528802691,15584226,705
2019-02-18 22:26:43,0.2,buy,3853.59,BTC-29MAR19-4000-C,57.45,0.058,0.2,1,1550528803402,15584227,706
2019-02-18 22:26:44,0.2,buy,3853.59,BTC-29MAR19-4000-C,57.45,0.058,0.2,1,1550528804461,15584228,707
2019-02-18 22:26:45,0.2,buy,3853.59,BTC-29MAR19-4000-C,57.45,0.058,0.2,1,1550528805465,15584229,708
2019-02-18 22:26:46,0.2,buy,3853.39,BTC-29MAR19-4000-C,57.47,0.058,0.2,1,1550528806855,15584238,709
2019-02-18 22:26:54,0.2,buy,3852.71,BTC-29MAR19-4000-C,57.55,0.058,0.2,1,1550528814698,15584269,710
2019-02-18 22:26:55,0.2,buy,3852.71,BTC-29MAR19-4000-C,57.53,0.058,0.2,1,1550528815805,15584270,711
2019-02-18 22:26:55,0.2,buy,3852.71,BTC-29MAR19-4000-C,57.53,0.058,0.2,1,1550528815813,15584271,712
2019-02-18 22:26:57,0.2,buy,3852.71,BTC-29MAR19-4000-C,57.53,0.058,0.2,1,1550528817004,15584272,713
2019-02-18 22:26:58,0.2,buy,3852.71,BTC-29MAR19-4000-C,57.53,0.058,0.2,1,1550528818065,15584273,714
2019-02-18 22:27:27,0.1,buy,3851.07,BTC-29MAR19-4000-C,58.0,0.0585,0.1,0,1550528847791,15584299,715
2019-02-18 22:37:23,0.2,sell,3849.55,BTC-29MAR19-4000-C,57.25,0.058,0.2,2,1550529443636,15584631,716
2019-02-18 23:08:37,0.1,buy,3872.1,BTC-29MAR19-4000-C,56.28,0.0585,0.1,0,1550531317726,15585469,717
2019-02-18 23:08:37,0.9,buy,3872.1,BTC-29MAR19-4000-C,56.28,0.0585,0.9,1,1550531317726,15585470,718
2019-02-18 23:09:24,0.1,buy,3871.24,BTC-29MAR19-4000-C,56.31,0.0585,0.1,1,1550531364027,15585525,719
2019-02-18 23:09:24,0.1,buy,3871.24,BTC-29MAR19-4000-C,57.47,0.06,0.1,0,1550531364027,15585526,720
2019-02-18 23:10:04,0.3,buy,3869.65,BTC-29MAR19-4000-C,57.26,0.0595,0.3,2,1550531404144,15585559,721
2019-02-19 00:04:56,0.2,buy,3887.62,BTC-29MAR19-4000-C,57.24,0.062,0.2,0,1550534696094,15587942,722
2019-02-19 00:05:08,0.2,buy,3891.58,BTC-29MAR19-4000-C,58.47,0.064,0.2,0,1550534708726,15588061,723
2019-02-19 00:05:08,0.8,buy,3891.58,BTC-29MAR19-4000-C,58.85,0.0645,0.8,0,1550534708878,15588062,724
2019-02-19 00:06:41,1.0,buy,3887.96,BTC-29MAR19-4000-C,59.17,0.0645,1.0,1,1550534801490,15588313,725
2019-02-19 00:18:12,5.0,buy,3895.45,BTC-29MAR19-4000-C,58.16,0.064,5.0,2,1550535492212,15589166,726
2019-02-19 00:18:33,1.0,buy,3893.85,BTC-29MAR19-4000-C,58.22,0.064,1.0,3,1550535513815,15589188,727
2019-02-19 00:19:35,1.0,buy,3903.42,BTC-29MAR19-4000-C,58.91,0.066,1.0,0,1550535575239,15589447,728
2019-02-19 00:29:15,5.0,buy,3900.19,BTC-29MAR19-4000-C,59.32,0.066,5.0,1,1550536155093,15590620,729
2019-02-19 00:36:16,0.2,sell,3906.52,BTC-29MAR19-4000-C,58.78,0.066,0.2,1,1550536576291,15591229,730
2019-02-19 00:36:25,4.9,buy,3908.27,BTC-29MAR19-4000-C,58.98,0.0665,4.9,0,1550536585305,15591245,731
2019-02-19 00:36:59,4.8,buy,3912.5,BTC-29MAR19-4000-C,59.06,0.067,4.8,1,1550536619843,15591388,733
2019-02-19 00:36:59,0.2,buy,3912.5,BTC-29MAR19-4000-C,59.06,0.067,0.2,0,1550536619843,15591387,732
2019-02-19 00:38:00,0.2,buy,3913.58,BTC-29MAR19-4000-C,59.28,0.0675,0.2,0,1550536680012,15591520,734
2019-02-19 00:38:00,7.8,buy,3913.58,BTC-29MAR19-4000-C,59.67,0.068,7.8,0,1550536680012,15591521,735
2019-02-19 00:38:27,0.2,buy,3933.64,BTC-29MAR19-4000-C,58.67,0.069,0.2,0,1550536707745,15592196,736
2019-02-19 00:38:47,2.8000000000000003,buy,3943.61,BTC-29MAR19-4000-C,59.97,0.07200000000000001,2.8000000000000003,0,1550536727247,15592499,738
2019-02-19 00:38:47,0.2,buy,3943.61,BTC-29MAR19-4000-C,58.81,0.0705,0.2,0,1550536727247,15592498,737
2019-02-19 00:38:51,0.5,buy,3942.96,BTC-29MAR19-4000-C,60.28,0.0725,0.5,0,1550536731333,15592616,740
2019-02-19 00:38:51,0.8,buy,3942.96,BTC-29MAR19-4000-C,60.28,0.0725,0.8,1,1550536731333,15592617,741
2019-02-19 00:38:51,2.2,buy,3942.96,BTC-29MAR19-4000-C,59.9,0.07200000000000001,2.2,1,1550536731333,15592615,739
2019-02-19 00:38:55,0.5,buy,3941.19,BTC-29MAR19-4000-C,59.86,0.0715,0.5,2,1550536735982,15592683,742
2019-02-19 00:39:11,0.5,buy,3937.22,BTC-29MAR19-4000-C,60.03,0.071,0.5,2,1550536751049,15592932,743
2019-02-19 00:41:49,0.3,buy,3934.76,BTC-29MAR19-4000-C,60.05,0.071,0.3,3,1550536909625,15593756,745
2019-02-19 00:41:49,0.2,buy,3934.76,BTC-29MAR19-4000-C,60.05,0.071,0.2,3,1550536909296,15593751,744
2019-02-19 00:42:07,0.3,buy,3935.15,BTC-29MAR19-4000-C,60.08,0.071,0.3,3,1550536927566,15593805,746
2019-02-19 00:42:21,0.3,buy,3937.39,BTC-29MAR19-4000-C,59.94,0.071,0.3,3,1550536941021,15593822,747
2019-02-19 00:42:23,0.2,buy,3937.39,BTC-29MAR19-4000-C,59.94,0.071,0.2,3,1550536943945,15593828,748
2019-02-19 00:43:42,0.2,sell,3945.01,BTC-29MAR19-4000-C,58.54,0.07,0.2,2,1550537022775,15594252,749
2019-02-19 00:44:46,1.0,buy,3953.97,BTC-29MAR19-4000-C,60.42,0.0735,1.0,0,1550537086509,15594747,750
2019-02-19 00:48:57,1.0,sell,3928.09,BTC-29MAR19-4000-C,59.96,0.07,1.0,2,1550537337953,15595913,751
2019-02-19 01:11:24,0.2,buy,3901.86,BTC-29MAR19-4000-C,60.47,0.068,0.2,2,1550538684244,15598979,752
2019-02-19 01:14:32,0.2,sell,3900.55,BTC-29MAR19-4000-C,58.72,0.0655,0.2,2,1550538872194,15599150,753
2019-02-19 01:49:55,0.2,sell,3856.64,BTC-29MAR19-4000-C,59.52,0.062,0.2,2,1550540995876,15603324,754
2019-02-19 01:52:35,0.2,sell,3866.28,BTC-29MAR19-4000-C,59.49,0.063,0.2,0,1550541155618,15603680,755
2019-02-19 02:03:40,0.2,sell,3874.38,BTC-29MAR19-4000-C,59.81,0.0645,0.2,0,1550541820835,15604480,756
2019-02-19 02:42:38,1.0,sell,3868.69,BTC-29MAR19-4000-C,60.07,0.064,1.0,2,1550544158335,15605942,757
2019-02-19 02:43:10,1.0,buy,3868.06,BTC-29MAR19-4000-C,60.49,0.0645,1.0,0,1550544190098,15605948,758
2019-02-19 02:45:06,1.0,buy,3866.73,BTC-29MAR19-4000-C,60.69,0.0645,1.0,1,1550544306452,15605994,759
2019-02-19 03:04:37,1.0,buy,3861.9,BTC-29MAR19-4000-C,60.72,0.064,1.0,2,1550545477954,15606523,760
2019-02-19 03:04:39,0.2,buy,3862.19,BTC-29MAR19-4000-C,60.7,0.064,0.2,3,1550545479844,15606529,761
2019-02-19 03:07:56,1.0,buy,3866.21,BTC-29MAR19-4000-C,60.56,0.0645,1.0,0,1550545676953,15606757,762
2019-02-19 03:07:56,1.0,buy,3866.21,BTC-29MAR19-4000-C,60.56,0.0645,1.0,1,1550545676953,15606758,763
2019-02-19 03:07:56,1.0,buy,3866.21,BTC-29MAR19-4000-C,60.56,0.0645,1.0,1,1550545676953,15606759,764
2019-02-19 03:14:21,0.1,sell,3863.25,BTC-29MAR19-4000-C,60.31,0.064,0.1,2,1550546061181,15606821,765
2019-02-19 03:39:43,0.2,sell,3865.62,BTC-29MAR19-4000-C,60.6,0.064,0.2,3,1550547583230,15607193,766
2019-02-19 03:48:09,1.0,sell,3865.63,BTC-29MAR19-4000-C,60.47,0.064,1.0,3,1550548089197,15607340,767
2019-02-19 03:48:20,1.0,sell,3866.16,BTC-29MAR19-4000-C,60.49,0.064,1.0,3,1550548100718,15607341,768
2019-02-19 03:48:52,0.2,buy,3866.13,BTC-29MAR19-4000-C,60.93,0.0645,0.2,0,1550548132206,15607354,769
2019-02-19 03:49:16,3.0,sell,3867.1,BTC-29MAR19-4000-C,60.43,0.064,3.0,2,1550548156841,15607392,770
2019-02-19 03:50:44,2.0,sell,3866.65,BTC-29MAR19-4000-C,60.48,0.064,2.0,3,1550548244273,15607410,771
2019-02-19 03:54:35,0.1,buy,3867.89,BTC-29MAR19-4000-C,60.64,0.0645,0.1,1,1550548475470,15607555,773
2019-02-19 03:54:35,0.8,buy,3867.89,BTC-29MAR19-4000-C,60.64,0.0645,0.8,0,1550548475470,15607554,772
2019-02-19 04:01:40,0.4,sell,3866.83,BTC-29MAR19-4000-C,60.74,0.0645,0.4,1,1550548900125,15607686,774
2019-02-19 04:04:38,8.0,buy,3876.16,BTC-29MAR19-4000-C,61.85,0.067,8.0,0,1550549078928,15607871,775
2019-02-19 04:04:38,6.0,buy,3876.16,BTC-29MAR19-4000-C,61.85,0.067,6.0,1,1550549078928,15607872,776
2019-02-19 04:04:53,0.2,sell,3877.14,BTC-29MAR19-4000-C,60.63,0.0655,0.2,2,1550549093905,15607951,777
2019-02-19 04:15:38,0.5,sell,3881.15,BTC-29MAR19-4000-C,60.96,0.0665,0.5,0,1550549738733,15608270,778
2019-02-19 04:46:30,0.3,sell,3870.75,BTC-29MAR19-4000-C,60.42,0.0645,0.3,2,1550551590150,15609196,779
2019-02-19 05:39:11,0.3,sell,3864.53,BTC-29MAR19-4000-C,59.33,0.0625,0.3,2,1550554751977,15610428,780
2019-02-19 05:43:41,0.4,sell,3862.82,BTC-29MAR19-4000-C,61.54,0.065,0.4,0,1550555021091,15610537,781
2019-02-19 05:43:47,0.3,sell,3862.95,BTC-29MAR19-4000-C,61.52,0.065,0.3,1,1550555027703,15610540,782
2019-02-19 05:43:47,0.1,sell,3862.95,BTC-29MAR19-4000-C,58.41,0.061,0.1,2,1550555027703,15610541,783
2019-02-19 05:44:05,0.3,sell,3862.91,BTC-29MAR19-4000-C,59.14,0.062,0.3,0,1550555045681,15610554,784
2019-02-19 05:44:26,0.4,sell,3862.64,BTC-29MAR19-4000-C,59.18,0.062,0.4,1,1550555066044,15610564,785
2019-02-19 05:44:43,0.4,sell,3863.4,BTC-29MAR19-4000-C,59.12,0.062,0.4,1,1550555083402,15610579,786
2019-02-19 05:44:58,0.4,sell,3863.51,BTC-29MAR19-4000-C,59.13,0.062,0.4,1,1550555098952,15610586,787
2019-02-19 05:45:09,0.4,sell,3863.03,BTC-29MAR19-4000-C,59.1,0.062,0.4,1,1550555109812,15610597,788
2019-02-19 07:50:18,4.8,sell,3883.21,BTC-29MAR19-4000-C,58.21,0.063,4.8,1,1550562618792,15613893,790
2019-02-19 07:50:18,0.2,sell,3883.21,BTC-29MAR19-4000-C,58.21,0.063,0.2,0,1550562618792,15613892,789
2019-02-19 07:54:34,0.2,buy,3888.84,BTC-29MAR19-4000-C,60.11,0.066,0.2,0,1550562874826,15613984,791
2019-02-19 07:54:53,0.2,buy,3889.63,BTC-29MAR19-4000-C,58.86,0.0645,0.2,2,1550562893063,15614010,792
2019-02-19 07:55:09,4.8,sell,3889.6,BTC-29MAR19-4000-C,58.08,0.0635,4.8,2,1550562909618,15614024,793
2019-02-19 08:04:08,0.4,buy,3891.14,BTC-29MAR19-4000-C,59.84,0.066,0.4,0,1550563448231,15614523,794
2019-02-19 09:34:41,0.2,sell,3873.03,BTC-29MAR19-4000-C,59.85,0.064,0.2,2,1550568881005,15616356,795
2019-02-19 10:20:52,0.2,buy,3856.62,BTC-29MAR19-4000-C,59.19,0.0615,0.2,2,1550571652945,15618719,796
2019-02-19 10:35:36,5.0,sell,3851.94,BTC-29MAR19-4000-C,59.15,0.0615,5.0,3,1550572536432,15619292,797
2019-02-19 11:09:32,0.3,buy,3871.26,BTC-29MAR19-4000-C,60.7,0.0655,0.3,0,1550574572891,15620276,798
2019-02-19 11:09:48,0.2,buy,3871.26,BTC-29MAR19-4000-C,60.72,0.0655,0.2,1,1550574588713,15620282,799
2019-02-19 11:09:57,0.2,buy,3871.3,BTC-29MAR19-4000-C,60.72,0.0655,0.2,1,1550574597193,15620289,800
2019-02-19 11:15:01,0.2,buy,3871.18,BTC-29MAR19-4000-C,61.12,0.066,0.2,0,1550574901619,15620387,801
2019-02-19 11:57:49,0.4,sell,3872.22,BTC-29MAR19-4000-C,60.45,0.0655,0.4,2,1550577469733,15621318,802
2019-02-19 11:58:18,0.3,sell,3872.43,BTC-29MAR19-4000-C,60.45,0.0655,0.3,3,1550577498349,15621325,803
2019-02-19 12:01:19,0.2,buy,3875.82,BTC-29MAR19-4000-C,60.58,0.066,0.2,0,1550577679519,15621395,804
2019-02-19 12:07:38,0.1,buy,3880.01,BTC-29MAR19-4000-C,61.69,0.068,0.1,0,1550578058343,15621801,805
2019-02-19 12:19:00,0.2,buy,3890.35,BTC-29MAR19-4000-C,60.01,0.0665,0.2,2,1550578740142,15622178,806
2019-02-19 12:20:49,0.2,buy,3891.68,BTC-29MAR19-4000-C,60.17,0.067,0.2,0,1550578849581,15622393,807
2019-02-19 12:21:24,0.2,buy,3895.17,BTC-29MAR19-4000-C,60.59,0.068,0.2,0,1550578884598,15622542,808
2019-02-19 12:23:18,0.2,buy,3887.86,BTC-29MAR19-4000-C,60.59,0.067,0.2,2,1550578998992,15622770,809
2019-02-19 12:25:34,0.2,buy,3889.85,BTC-29MAR19-4000-C,60.58,0.067,0.2,3,1550579134142,15622924,810
2019-02-19 12:26:27,0.2,buy,3892.76,BTC-29MAR19-4000-C,60.65,0.0675,0.2,0,1550579187166,15623029,811
2019-02-19 13:16:24,0.2,sell,3894.15,BTC-29MAR19-4000-C,59.65,0.0665,0.2,2,1550582184925,15624273,812
2019-02-19 13:17:42,0.2,sell,3909.02,BTC-29MAR19-4000-C,59.65,0.068,0.2,0,1550582262087,15624846,813
2019-02-19 13:22:49,0.2,sell,3915.87,BTC-29MAR19-4000-C,59.39,0.0685,0.2,0,1550582569576,15626049,814
2019-02-19 13:26:04,0.2,buy,3931.26,BTC-29MAR19-4000-C,58.93,0.069,0.2,0,1550582764190,15627134,815
2019-02-19 13:26:18,9.8,buy,3938.3,BTC-29MAR19-4000-C,59.0,0.07,9.8,0,1550582778679,15627270,816
2019-02-19 13:47:03,0.2,buy,3939.93,BTC-29MAR19-4000-C,58.79,0.07,0.2,1,1550584023656,15631527,817
2019-02-19 13:47:51,4.4,buy,3942.73,BTC-29MAR19-4000-C,58.48,0.07,4.4,1,1550584071632,15631920,818
2019-02-19 13:47:57,4.3,buy,3945.02,BTC-29MAR19-4000-C,58.3,0.07,4.3,1,1550584077285,15632015,819
2019-02-19 13:47:59,0.4,buy,3946.52,BTC-29MAR19-4000-C,58.21,0.07,0.4,1,1550584079750,15632057,820
2019-02-19 13:48:14,0.3,buy,3944.5,BTC-29MAR19-4000-C,58.38,0.07,0.3,1,1550584094787,15632235,821
2019-02-19 13:48:21,0.3,buy,3942.11,BTC-29MAR19-4000-C,58.56,0.07,0.3,1,1550584101369,15632387,822
2019-02-19 13:48:24,0.3,buy,3940.22,BTC-29MAR19-4000-C,58.63,0.07,0.3,1,1550584104570,15632438,823
2019-02-19 13:49:46,0.4,buy,3955.88,BTC-29MAR19-4000-C,60.34,0.0735,0.4,0,1550584186839,15633014,824
2019-02-19 13:49:53,0.1,buy,3958.88,BTC-29MAR19-4000-C,60.0,0.0735,0.1,1,1550584193745,15633136,825
2019-02-19 13:55:52,1.0,buy,3967.97,BTC-29MAR19-4000-C,59.92,0.0745,1.0,0,1550584552676,15635411,826
2019-02-19 14:11:50,0.2,sell,3939.68,BTC-29MAR19-4000-C,58.71,0.0695,0.2,2,1550585510641,15639936,827
2019-02-19 14:51:08,1.0,buy,3923.65,BTC-29MAR19-4000-C,58.19,0.067,1.0,2,1550587868580,15644897,828
2019-02-19 14:53:39,1.0,sell,3938.65,BTC-29MAR19-4000-C,58.11,0.0685,1.0,0,1550588019254,15645651,829
2019-02-19 14:53:43,0.2,sell,3938.47,BTC-29MAR19-4000-C,58.53,0.069,0.2,0,1550588023469,15645680,830
2019-02-19 14:54:15,0.8,sell,3940.69,BTC-29MAR19-4000-C,58.11,0.0685,0.8,2,1550588055003,15645753,831
2019-02-19 14:56:03,0.2,sell,3941.72,BTC-29MAR19-4000-C,58.46,0.069,0.2,0,1550588163572,15645950,832
2019-02-19 14:56:03,0.3,sell,3941.72,BTC-29MAR19-4000-C,58.46,0.069,0.3,1,1550588163572,15645951,833
2019-02-19 15:05:06,1.5,buy,3945.05,BTC-29MAR19-4000-C,58.3,0.069,1.5,1,1550588706457,15646668,834
2019-02-19 16:05:18,0.1,buy,3955.5,BTC-29MAR19-4000-C,59.73,0.07200000000000001,0.1,0,1550592318274,15652246,835
2019-02-19 16:05:26,0.1,buy,3956.0,BTC-29MAR19-4000-C,59.72,0.07200000000000001,0.1,1,1550592326353,15652252,836
2019-02-19 16:05:30,0.1,buy,3955.94,BTC-29MAR19-4000-C,59.71,0.07200000000000001,0.1,1,1550592330059,15652260,837
2019-02-19 16:05:35,0.1,buy,3956.2,BTC-29MAR19-4000-C,59.7,0.07200000000000001,0.1,1,1550592335763,15652266,838
2019-02-19 16:05:39,0.1,buy,3956.4,BTC-29MAR19-4000-C,59.68,0.07200000000000001,0.1,1,1550592339394,15652273,839
2019-02-19 16:06:46,0.1,sell,3954.71,BTC-29MAR19-4000-C,59.9,0.07200000000000001,0.1,1,1550592406827,15652476,840
2019-02-19 16:06:46,0.1,sell,3954.71,BTC-29MAR19-4000-C,59.51,0.0715,0.1,2,1550592406827,15652477,841
2019-02-19 16:06:46,0.2,sell,3954.71,BTC-29MAR19-4000-C,58.72,0.0705,0.2,2,1550592406827,15652478,842
2019-02-19 16:20:37,0.3,sell,3944.32,BTC-29MAR19-4000-C,59.12,0.07,0.3,2,1550593237915,15653571,843
2019-02-19 16:23:06,0.3,sell,3945.57,BTC-29MAR19-4000-C,59.19,0.07,0.3,3,1550593386649,15653740,844
2019-02-19 16:37:59,0.4,buy,3937.94,BTC-29MAR19-4000-C,59.68,0.07,0.4,3,1550594279522,15654551,845
2019-02-19 17:08:06,0.3,sell,3939.93,BTC-29MAR19-4000-C,58.42,0.0685,0.3,2,1550596086155,15655509,846
2019-02-19 17:18:12,0.2,sell,3925.65,BTC-29MAR19-4000-C,58.28,0.067,0.2,2,1550596692165,15656492,847
2019-02-19 17:19:12,0.3,sell,3930.6,BTC-29MAR19-4000-C,58.48,0.0675,0.3,0,1550596752396,15656530,848
2019-02-19 17:22:17,0.2,sell,3929.0,BTC-29MAR19-4000-C,58.12,0.067,0.2,2,1550596937238,15656675,849
2019-02-19 18:01:49,0.3,buy,3934.45,BTC-29MAR19-4000-C,59.83,0.07,0.3,0,1550599309151,15658092,850
2019-02-19 18:46:27,0.5,sell,3927.2,BTC-29MAR19-4000-C,58.09,0.0665,0.5,2,1550601987904,15658872,851
2019-02-19 21:55:51,0.5,sell,3878.56,BTC-29MAR19-4000-C,57.73,0.061,0.5,2,1550613351275,15664851,852
2019-02-20 00:24:41,0.4,sell,3878.4,BTC-29MAR19-4000-C,57.52,0.0605,0.4,2,1550622281025,15670574,853
2019-02-20 00:30:21,1.0,sell,3878.28,BTC-29MAR19-4000-C,57.34,0.0605,1.0,3,1550622621594,15670794,854
2019-02-20 03:30:44,0.2,buy,3904.38,BTC-29MAR19-4000-C,60.2,0.067,0.2,0,1550633444993,15675595,855
2019-02-20 03:31:03,0.2,buy,3904.52,BTC-29MAR19-4000-C,60.98,0.068,0.2,0,1550633463234,15675600,856
2019-02-20 03:31:07,0.2,buy,3904.35,BTC-29MAR19-4000-C,61.0,0.068,0.2,1,1550633467066,15675601,857
2019-02-20 03:31:26,0.2,sell,3904.21,BTC-29MAR19-4000-C,61.0,0.068,0.2,1,1550633486539,15675608,859
2019-02-20 03:31:26,0.2,buy,3904.21,BTC-29MAR19-4000-C,61.0,0.068,0.2,1,1550633486536,15675607,858
2019-02-20 05:11:42,0.2,sell,3887.47,BTC-29MAR19-4000-C,59.12,0.064,0.2,2,1550639502899,15676969,860
2019-02-20 08:23:36,0.1,buy,3896.68,BTC-29MAR19-4000-C,58.75,0.064,0.1,3,1550651016403,15680733,861
2019-02-20 08:54:32,0.7000000000000001,buy,3912.21,BTC-29MAR19-4000-C,57.41,0.064,0.7000000000000001,3,1550652872555,15681807,862
2019-02-20 10:28:43,4.2,sell,3940.16,BTC-29MAR19-4000-C,56.63,0.0665,4.2,0,1550658523151,15686647,863
2019-02-20 11:19:46,0.2,sell,3925.83,BTC-29MAR19-4000-C,56.34,0.0645,0.2,3,1550661586316,15690118,865
2019-02-20 11:19:46,0.1,sell,3925.83,BTC-29MAR19-4000-C,56.34,0.0645,0.1,2,1550661586316,15690117,864
2019-02-20 11:21:12,0.4,sell,3925.3,BTC-29MAR19-4000-C,56.32,0.0645,0.4,3,1550661672221,15690178,866
2019-02-20 11:59:54,1.0,buy,3926.27,BTC-29MAR19-4000-C,57.2,0.0655,1.0,0,1550663994171,15691246,867
2019-02-20 13:24:41,0.1,buy,3929.52,BTC-29MAR19-4000-C,57.14,0.065,0.1,2,1550669081891,15696705,868
2019-02-20 13:31:25,0.1,buy,3927.45,BTC-29MAR19-4000-C,57.03,0.0645,0.1,2,1550669485788,15697456,869
2019-02-20 13:31:57,0.5,sell,3927.93,BTC-29MAR19-4000-C,56.19,0.0635,0.5,2,1550669517429,15697512,870
2019-02-20 17:15:38,0.4,sell,3925.01,BTC-29MAR19-4000-C,55.41,0.062,0.4,2,1550682938129,15706377,871
2019-02-20 17:20:53,0.4,sell,3924.29,BTC-29MAR19-4000-C,55.49,0.062,0.4,3,1550683253064,15706449,872
2019-02-20 17:20:53,3.3000000000000003,buy,3924.29,BTC-29MAR19-4000-C,55.88,0.0625,3.3000000000000003,0,1550683253379,15706453,873
2019-02-20 17:21:25,0.8,sell,3926.22,BTC-29MAR19-4000-C,54.96,0.0615,0.8,2,1550683285749,15706465,875
2019-02-20 17:21:25,4.2,sell,3926.22,BTC-29MAR19-4000-C,55.36,0.062,4.2,2,1550683285749,15706464,874
2019-02-20 17:29:50,0.4,sell,3927.68,BTC-29MAR19-4000-C,55.0,0.062,0.4,0,1550683790479,15706599,876
2019-02-20 17:42:41,1.0,sell,3919.7,BTC-29MAR19-4000-C,55.5,0.062,1.0,1,1550684561649,15706945,877
2019-02-20 17:57:10,4.3,buy,3919.72,BTC-29MAR19-4000-C,56.45,0.063,4.3,0,1550685430399,15707189,878
2019-02-20 18:08:16,4.9,buy,3913.73,BTC-29MAR19-4000-C,57.23,0.063,4.9,1,1550686096368,15707410,879
2019-02-20 18:18:19,4.8,buy,3916.83,BTC-29MAR19-4000-C,57.16,0.0635,4.8,0,1550686699309,15707530,880
2019-02-20 18:18:27,0.3,buy,3918.75,BTC-29MAR19-4000-C,57.02,0.0635,0.3,1,1550686707905,15707541,881
2019-02-20 18:23:40,4.5,sell,3918.66,BTC-29MAR19-4000-C,57.07,0.0635,4.5,1,1550687020574,15707576,882
2019-02-20 18:34:47,4.3,buy,3911.2,BTC-29MAR19-4000-C,57.24,0.0625,4.3,2,1550687687802,15707939,883
2019-02-20 18:38:32,4.6000000000000005,buy,3915.38,BTC-29MAR19-4000-C,57.59,0.0635,4.6000000000000005,0,1550687912533,15708014,884
2019-02-20 19:09:36,4.5,buy,3917.21,BTC-29MAR19-4000-C,56.7,0.063,4.5,2,1550689776630,15708706,885
2019-02-20 19:58:15,4.0,buy,3924.0,BTC-29MAR19-4000-C,59.71,0.0675,4.0,0,1550692695543,15709463,886
2019-02-20 21:28:28,2.0,sell,3932.97,BTC-29MAR19-4000-C,55.33,0.0625,2.0,2,1550698108797,15712088,887
2019-02-21 01:08:07,1.0,buy,3924.72,BTC-29MAR19-4000-C,60.22,0.068,1.0,0,1550711287597,15717720,888
2019-02-21 02:35:55,1.0,buy,3919.64,BTC-29MAR19-4000-C,55.88,0.062,1.0,2,1550716555066,15718641,889
2019-02-21 06:26:21,5.0,buy,3926.76,BTC-29MAR19-4000-C,59.12,0.0665,5.0,0,1550730381045,15730138,890
2019-02-21 06:59:32,1.0,buy,3924.94,BTC-29MAR19-4000-C,55.95,0.0625,1.0,2,1550732372159,15730643,891
2019-02-21 09:48:25,0.1,sell,3905.79,BTC-29MAR19-4000-C,55.38,0.06,0.1,2,1550742505894,15737115,892
2019-02-21 09:48:25,0.3,buy,3905.79,BTC-29MAR19-4000-C,55.38,0.06,0.3,3,1550742505912,15737116,893
2019-02-21 09:50:03,0.4,buy,3906.65,BTC-29MAR19-4000-C,55.69,0.06,0.4,3,1550742603804,15737148,894
2019-02-21 11:58:53,0.5,sell,3893.27,BTC-29MAR19-4000-C,54.57,0.058,0.5,2,1550750333061,15741788,895
2019-02-21 12:00:27,0.6,sell,3894.27,BTC-29MAR19-4000-C,54.86,0.0585,0.6,0,1550750427279,15741856,896
2019-02-21 12:00:27,0.4,buy,3894.27,BTC-29MAR19-4000-C,54.86,0.0585,0.4,1,1550750427282,15741857,897
2019-02-21 12:11:52,8.0,buy,3893.23,BTC-29MAR19-4000-C,58.3,0.0625,8.0,1,1550751112472,15742219,901
2019-02-21 12:11:52,0.1,buy,3893.23,BTC-29MAR19-4000-C,58.3,0.0625,0.1,0,1550751112472,15742218,900
2019-02-21 12:11:52,0.2,buy,3893.23,BTC-29MAR19-4000-C,57.5,0.0615,0.2,0,1550751112472,15742216,898
2019-02-21 12:11:52,1.1,buy,3893.23,BTC-29MAR19-4000-C,58.7,0.063,1.1,0,1550751112472,15742220,902
2019-02-21 12:11:52,0.6,buy,3893.23,BTC-29MAR19-4000-C,57.9,0.062,0.6,0,1550751112472,15742217,899
2019-02-21 12:41:40,0.2,sell,3895.61,BTC-29MAR19-4000-C,57.4,0.0615,0.2,2,1550752900242,15742898,903
2019-02-21 13:37:57,0.1,buy,3911.53,BTC-29MAR19-4000-C,56.05,0.0615,0.1,3,1550756277499,15744475,904
2019-02-21 13:37:57,0.1,buy,3911.53,BTC-29MAR19-4000-C,57.25,0.063,0.1,0,1550756277499,15744476,905
2019-02-21 15:25:24,0.2,sell,3893.3,BTC-29MAR19-4000-C,56.43,0.0605,0.2,2,1550762724063,15745839,906
2019-02-21 15:27:06,0.2,sell,3892.93,BTC-29MAR19-4000-C,56.17,0.06,0.2,2,1550762826920,15745869,907
2019-02-21 15:27:36,0.1,sell,3892.95,BTC-29MAR19-4000-C,55.78,0.0595,0.1,2,1550762856558,15745876,908
2019-02-21 15:31:48,4.5,sell,3892.93,BTC-29MAR19-4000-C,55.49,0.059,4.5,2,1550763108798,15745956,909
2019-02-21 19:01:46,0.3,buy,3880.81,BTC-29MAR19-4000-C,55.36,0.0575,0.3,2,1550775706488,15748778,910
2019-02-21 19:05:35,0.1,buy,3880.29,BTC-29MAR19-4000-C,55.6,0.0575,0.1,3,1550775935784,15748904,911
2019-02-21 19:08:08,0.8,buy,3882.48,BTC-29MAR19-4000-C,55.68,0.057999999999999996,0.8,0,1550776088568,15748998,912
2019-02-21 21:27:22,0.1,sell,3899.56,BTC-29MAR19-4000-C,55.17,0.059000000000000004,0.1,0,1550784442328,15750413,913
2019-02-21 22:45:05,5.0,buy,3887.85,BTC-29MAR19-4000-C,57.42,0.0605,5.0,0,1550789105369,15750786,914
2019-02-21 23:51:49,0.2,sell,3893.4,BTC-29MAR19-4000-C,55.64,0.059000000000000004,0.2,2,1550793109492,15751844,915
2019-02-22 02:24:15,1.0,buy,3918.37,BTC-29MAR19-4000-C,54.99,0.061,1.0,0,1550802255038,15754053,916
2019-02-22 03:45:53,0.8,sell,3914.97,BTC-29MAR19-4000-C,54.12,0.0595,0.8,3,1550807153782,15755205,918
2019-02-22 03:45:53,0.2,sell,3914.97,BTC-29MAR19-4000-C,54.12,0.0595,0.2,2,1550807153782,15755204,917
2019-02-22 05:15:55,0.1,buy,3920.63,BTC-29MAR19-4000-C,55.98,0.062,0.1,0,1550812555691,15756143,919
2019-02-22 06:47:18,0.1,sell,3915.88,BTC-29MAR19-4000-C,55.63,0.061,0.1,2,1550818038923,15757144,920
2019-02-22 06:47:18,4.8,sell,3915.88,BTC-29MAR19-4000-C,55.63,0.061,4.8,3,1550818038923,15757145,921
2019-02-22 06:47:24,1.1,buy,3915.8,BTC-29MAR19-4000-C,55.63,0.061,1.1,3,1550818044448,15757164,922
2019-02-22 06:58:59,4.8,sell,3911.52,BTC-29MAR19-4000-C,56.13,0.061,4.8,3,1550818739324,15757369,923
2019-02-22 06:58:59,0.1,sell,3911.52,BTC-29MAR19-4000-C,56.13,0.061,0.1,3,1550818739324,15757370,924
2019-02-22 07:01:22,4.9,sell,3910.08,BTC-29MAR19-4000-C,56.44,0.061,4.9,3,1550818882514,15757510,925
2019-02-22 07:02:28,4.9,sell,3906.05,BTC-29MAR19-4000-C,55.9,0.06,4.9,2,1550818948827,15757580,926
2019-02-22 07:02:28,0.1,sell,3906.05,BTC-29MAR19-4000-C,55.9,0.06,0.1,3,1550818948827,15757581,927
2019-02-22 07:10:03,0.4,buy,3900.52,BTC-29MAR19-4000-C,57.1,0.061,0.4,0,1550819403253,15757908,928
2019-02-22 07:10:03,1.6,sell,3900.52,BTC-29MAR19-4000-C,57.1,0.061,1.6,1,1550819403256,15757909,929
2019-02-22 07:10:34,0.9,sell,3898.83,BTC-29MAR19-4000-C,56.04,0.0595,0.9,2,1550819434041,15757930,930
2019-02-22 07:14:02,5.1000000000000005,sell,3894.4,BTC-29MAR19-4000-C,56.36,0.0595,5.1000000000000005,3,1550819642303,15758203,931
2019-02-22 07:16:18,5.0,buy,3898.13,BTC-29MAR19-4000-C,57.21,0.061,5.0,0,1550819778198,15758332,932
2019-02-22 07:16:43,5.0,buy,3894.92,BTC-29MAR19-4000-C,57.39,0.061,5.0,1,1550819803774,15758366,933
2019-02-22 07:21:52,5.1000000000000005,sell,3889.67,BTC-29MAR19-4000-C,57.14,0.06,5.1000000000000005,2,1550820112316,15758577,934
2019-02-22 07:23:42,5.0,sell,3890.12,BTC-29MAR19-4000-C,56.83,0.0595,5.0,2,1550820222945,15758711,935
2019-02-22 07:27:33,5.0,sell,3890.53,BTC-29MAR19-4000-C,56.68,0.0595,5.0,3,1550820453118,15758883,936
2019-02-22 07:46:32,5.1000000000000005,sell,3889.31,BTC-29MAR19-4000-C,57.24,0.06,5.1000000000000005,0,1550821592629,15759649,937
2019-02-22 08:03:18,2.0,buy,3894.73,BTC-29MAR19-4000-C,57.89,0.061,2.0,0,1550822598833,15760156,938
2019-02-22 08:03:56,1.0,sell,3895.38,BTC-29MAR19-4000-C,57.01,0.06,1.0,2,1550822636856,15760239,939
2019-02-22 08:15:29,4.0,sell,3891.81,BTC-29MAR19-4000-C,56.98,0.0595,4.0,2,1550823329630,15760464,940
2019-02-22 08:23:58,0.1,sell,3920.9,BTC-29MAR19-4000-C,56.57,0.062,0.1,0,1550823838531,15761715,941
2019-02-22 08:23:58,4.8,sell,3920.9,BTC-29MAR19-4000-C,56.57,0.062,4.8,1,1550823838531,15761716,942
2019-02-22 08:24:47,4.1,sell,3917.61,BTC-29MAR19-4000-C,56.68,0.062,4.1,1,1550823887862,15761894,943
2019-02-22 08:29:13,4.7,sell,3924.32,BTC-29MAR19-4000-C,56.67,0.063,4.7,0,1550824153881,15762494,944
2019-02-22 10:20:48,4.6000000000000005,sell,3925.0,BTC-29MAR19-4000-C,56.93,0.0635,4.6000000000000005,1,1550830848024,15766783,946
2019-02-22 10:20:48,0.1,sell,3925.0,BTC-29MAR19-4000-C,56.93,0.0635,0.1,0,1550830848024,15766782,945
2019-02-22 12:16:36,0.1,buy,3925.23,BTC-29MAR19-4000-C,57.79,0.065,0.1,0,1550837796654,15769014,947
2019-02-22 12:32:10,4.4,sell,3935.22,BTC-29MAR19-4000-C,56.49,0.0645,4.4,2,1550838730077,15770335,948
2019-02-22 12:40:38,4.9,sell,3943.88,BTC-29MAR19-4000-C,56.57,0.0655,4.9,0,1550839238095,15770982,949
2019-02-22 12:52:25,0.5,buy,3934.69,BTC-29MAR19-4000-C,56.88,0.065,0.5,2,1550839945942,15772160,950
2019-02-22 13:26:52,1.0,buy,3940.52,BTC-29MAR19-4000-C,56.69,0.0655,1.0,0,1550842012989,15773597,951
2019-02-22 13:53:22,0.7000000000000001,buy,3955.36,BTC-29MAR19-4000-C,58.06,0.069,0.7000000000000001,0,1550843602869,15775251,954
2019-02-22 13:53:22,6.0,buy,3955.36,BTC-29MAR19-4000-C,57.25,0.068,6.0,0,1550843602869,15775249,952
2019-02-22 13:53:22,4.2,buy,3955.36,BTC-29MAR19-4000-C,57.66,0.0685,4.2,0,1550843602869,15775250,953
2019-02-22 13:53:22,7.1000000000000005,buy,3955.36,BTC-29MAR19-4000-C,58.06,0.069,7.1000000000000005,1,1550843602869,15775252,955
2019-02-22 14:06:45,5.0,buy,3949.9,BTC-29MAR19-4000-C,57.94,0.068,5.0,2,1550844405765,15776206,956
2019-02-22 14:33:42,0.7000000000000001,sell,3938.06,BTC-29MAR19-4000-C,56.81,0.0655,0.7000000000000001,2,1550846022935,15777970,957
2019-02-22 14:33:42,0.3,sell,3938.06,BTC-29MAR19-4000-C,56.4,0.065,0.3,2,1550846022935,15777971,958
2019-02-22 14:51:49,4.3,buy,3946.27,BTC-29MAR19-4000-C,58.06,0.0675,4.3,0,1550847109346,15778593,959
2019-02-22 14:52:02,6.0,buy,3946.25,BTC-29MAR19-4000-C,58.06,0.0675,6.0,1,1550847122270,15778605,960
2019-02-22 14:53:50,4.3,sell,3947.3,BTC-29MAR19-4000-C,58.03,0.0675,4.3,1,1550847230627,15778641,961
2019-02-22 14:55:55,4.3,sell,3946.08,BTC-29MAR19-4000-C,58.05,0.0675,4.3,1,1550847355483,15778669,962
2019-02-22 14:56:01,1.7,buy,3946.08,BTC-29MAR19-4000-C,58.04,0.0675,1.7,1,1550847361202,15778674,963
2019-02-22 15:34:11,0.1,sell,3923.8,BTC-29MAR19-4000-C,57.9,0.064,0.1,2,1550849651732,15781782,964
2019-02-22 15:34:11,4.7,sell,3923.8,BTC-29MAR19-4000-C,57.9,0.064,4.7,3,1550849651732,15781783,965
2019-02-22 15:38:55,0.1,sell,3921.1,BTC-29MAR19-4000-C,57.66,0.0635,0.1,2,1550849935098,15781863,966
2019-02-22 15:38:55,4.7,sell,3921.1,BTC-29MAR19-4000-C,57.66,0.0635,4.7,3,1550849935098,15781864,967
2019-02-22 15:39:04,4.7,sell,3921.65,BTC-29MAR19-4000-C,57.62,0.0635,4.7,3,1550849944428,15781870,968
2019-02-22 17:09:55,0.2,buy,3929.43,BTC-29MAR19-4000-C,59.52,0.067,0.2,0,1550855395726,15784524,969
2019-02-22 17:31:48,0.2,sell,3926.92,BTC-29MAR19-4000-C,58.21,0.065,0.2,2,1550856708243,15784743,970
2019-02-22 18:20:56,0.7000000000000001,sell,3940.91,BTC-29MAR19-4000-C,58.5,0.0665,0.7000000000000001,0,1550859656654,15785742,971
2019-02-22 18:21:32,4.4,sell,3941.16,BTC-29MAR19-4000-C,57.67,0.0655,4.4,3,1550859692094,15785752,973
2019-02-22 18:21:32,0.7000000000000001,sell,3941.16,BTC-29MAR19-4000-C,57.67,0.0655,0.7000000000000001,2,1550859692094,15785751,972
2019-02-22 18:21:39,0.7000000000000001,sell,3941.12,BTC-29MAR19-4000-C,57.69,0.0655,0.7000000000000001,3,1550859699902,15785769,974
2019-02-22 18:22:56,4.7,sell,3940.59,BTC-29MAR19-4000-C,56.49,0.064,4.7,2,1550859776558,15785791,975
2019-02-22 18:22:56,1.3,sell,3940.59,BTC-29MAR19-4000-C,56.49,0.064,1.3,3,1550859776558,15785792,976
2019-02-22 21:23:18,0.7000000000000001,buy,3938.07,BTC-29MAR19-4000-C,58.95,0.0665,0.7000000000000001,0,1550870598060,15787719,977
2019-02-22 21:23:18,4.5,buy,3938.07,BTC-29MAR19-4000-C,58.95,0.0665,4.5,1,1550870598060,15787720,978
2019-02-22 21:23:18,2.8000000000000003,buy,3938.07,BTC-29MAR19-4000-C,59.36,0.067,2.8000000000000003,0,1550870598060,15787721,979
2019-02-23 03:09:13,0.7000000000000001,sell,3937.68,BTC-29MAR19-4000-C,58.55,0.0655,0.7000000000000001,2,1550891353845,15793052,980
2019-02-23 03:09:13,0.3,sell,3937.68,BTC-29MAR19-4000-C,58.55,0.0655,0.3,3,1550891353845,15793053,981
2019-02-23 03:28:58,4.6000000000000005,buy,3937.46,BTC-29MAR19-4000-C,59.38,0.0665,4.6000000000000005,0,1550892538002,15793156,982
2019-02-23 03:28:58,0.2,buy,3937.46,BTC-29MAR19-4000-C,60.2,0.0675,0.2,0,1550892538002,15793157,983
2019-02-23 03:28:58,5.2,buy,3937.46,BTC-29MAR19-4000-C,60.2,0.0675,5.2,1,1550892538002,15793158,984
2019-02-23 05:21:12,1.0,sell,3920.7,BTC-29MAR19-4000-C,59.05,0.064,1.0,2,1550899272855,15796022,985
2019-02-23 07:14:19,1.0,sell,3928.96,BTC-29MAR19-4000-C,58.92,0.0645,1.0,0,1550906059533,15797156,986
2019-02-23 08:56:50,0.3,sell,3920.89,BTC-29MAR19-4000-C,59.72,0.064,0.3,2,1550912210859,15798514,987
2019-02-23 08:56:50,0.7000000000000001,sell,3920.89,BTC-29MAR19-4000-C,59.72,0.064,0.7000000000000001,3,1550912210859,15798515,988
2019-02-23 08:57:34,1.0,sell,3920.68,BTC-29MAR19-4000-C,59.73,0.064,1.0,3,1550912254600,15798530,989
2019-02-23 10:02:24,3.0,sell,3932.11,BTC-29MAR19-4000-C,60.23,0.066,3.0,0,1550916144248,15800038,990
