date_utc,amount,direction,indexPrice,instrument,iv,price,quantity,tickDirection,timeStamp,tradeId,tradeSeq
2019-02-14 00:08:12.000,3.0,buy,3575.97,BTC-29MAR19-4000-C,55.92,0.034,3.0,0,1550102892000,15349852,531
2019-02-14 01:06:22.493,10.0,sell,3580.52,BTC-29MAR19-4000-C,54.92,0.0335,10.0,2,1550106382493,15351507,532
2019-02-14 07:23:29.384,0.8,sell,3565.75,BTC-29MAR19-4000-C,55.81,0.033,0.8,2,1550129009384,15357942,533
2019-02-14 10:27:25.718,6.4,sell,3561.27,BTC-29MAR19-4000-C,56.02,0.0325,6.4,2,1550140045718,15361519,534
2019-02-14 11:57:16.923,4.0,sell,3553.8,BTC-29MAR19-4000-C,55.97,0.032,4.0,2,1550145436923,15366331,535
2019-02-14 12:17:28.543,4.0,sell,3555.84,BTC-29MAR19-4000-C,56.21,0.0325,4.0,0,1550146648543,15367297,536
2019-02-14 12:37:23.346,10.0,buy,3560.45,BTC-29MAR19-4000-C,56.58,0.033,10.0,0,1550147843346,15367555,537
2019-02-14 12:42:01.895,5.0,sell,3560.95,BTC-29MAR19-4000-C,55.12,0.0315,5.0,2,1550148121895,15367646,538
2019-02-14 12:43:20.882,5.0,sell,3560.62,BTC-29MAR19-4000-C,55.14,0.0315,5.0,3,1550148200882,15367713,539
2019-02-14 12:50:37.751,7.0,sell,3559.56,BTC-29MAR19-4000-C,54.88,0.031,7.0,2,1550148637751,15367775,540
2019-02-14 12:51:44.183,0.5,sell,3559.46,BTC-29MAR19-4000-C,54.91,0.031,0.5,3,1550148704183,15367796,541
2019-02-14 13:01:47.870,10.0,buy,3558.59,BTC-29MAR19-4000-C,56.22,0.0325,10.0,0,1550149307870,15367916,542
2019-02-14 18:02:46.343,3.1,buy,3574.29,BTC-29MAR19-4000-C,55.0,0.032,3.1,2,1550167366343,15372486,543
2019-02-15 00:34:42.554,0.4,sell,3567.45,BTC-29MAR19-4000-C,54.15,0.0305,0.4,2,1550190882554,15376687,544
2019-02-15 01:19:15.568,0.1,sell,3565.2,BTC-29MAR19-4000-C,54.34,0.0305,0.1,3,1550193555568,15376873,545
2019-02-15 01:19:55.585,0.3,buy,3565.39,BTC-29MAR19-4000-C,54.75,0.031,0.3,0,1550193595585,15376877,546
2019-02-15 03:25:41.096,0.1,sell,3574.71,BTC-29MAR19-4000-C,54.18,0.031,0.1,1,1550201141096,15377839,547
2019-02-15 03:27:13.689,0.1,sell,3574.78,BTC-29MAR19-4000-C,54.2,0.031,0.1,1,1550201233689,15377846,548
2019-02-15 03:33:27.711,0.1,sell,3574.82,BTC-29MAR19-4000-C,54.2,0.031,0.1,1,1550201607711,15377868,549
2019-02-15 03:35:58.605,0.1,sell,3574.36,BTC-29MAR19-4000-C,54.27,0.031,0.1,1,1550201758605,15377876,550
2019-02-15 03:39:48.355,0.1,sell,3573.94,BTC-29MAR19-4000-C,54.25,0.031,0.1,1,1550201988355,15377907,551
2019-02-15 03:41:29.399,0.1,sell,3573.4,BTC-29MAR19-4000-C,54.34,0.031,0.1,1,1550202089399,15377915,552
2019-02-15 03:45:06.847,0.1,sell,3573.14,BTC-29MAR19-4000-C,54.36,0.031,0.1,1,1550202306847,15377921,553
2019-02-15 03:45:21.940,0.1,sell,3573.46,BTC-29MAR19-4000-C,54.35,0.031,0.1,1,1550202321940,15377922,554
2019-02-15 03:46:24.248,0.1,sell,3573.77,BTC-29MAR19-4000-C,54.35,0.031,0.1,1,1550202384248,15377944,555
2019-02-15 03:46:28.503,0.1,sell,3573.84,BTC-29MAR19-4000-C,54.35,0.031,0.1,1,1550202388503,15377945,556
2019-02-15 03:59:19.813,0.1,sell,3576.64,BTC-29MAR19-4000-C,53.91,0.031,0.1,1,1550203159813,15378406,557
2019-02-15 04:02:54.317,0.1,sell,3575.9,BTC-29MAR19-4000-C,54.08,0.031,0.1,1,1550203374317,15378513,558
2019-02-15 04:59:04.603,0.3,buy,3580.54,BTC-29MAR19-4000-C,54.29,0.0315,0.3,0,1550206744603,15380057,559
2019-02-15 05:05:08.621,0.2,buy,3579.96,BTC-29MAR19-4000-C,54.2,0.0315,0.2,1,1550207108621,15380190,560
2019-02-15 05:07:06.683,0.2,buy,3578.88,BTC-29MAR19-4000-C,54.27,0.0315,0.2,1,1550207226683,15380207,561
2019-02-15 05:09:32.005,0.2,buy,3578.24,BTC-29MAR19-4000-C,54.28,0.0315,0.2,1,1550207372005,15380258,562
2019-02-15 05:31:38.864,0.1,sell,3577.7,BTC-29MAR19-4000-C,54.09,0.031,0.1,2,1550208698864,15380448,563
2019-02-15 05:31:42.645,0.1,sell,3577.38,BTC-29MAR19-4000-C,54.11,0.031,0.1,3,1550208702645,15380452,564
2019-02-15 05:32:20.887,0.2,buy,3577.43,BTC-29MAR19-4000-C,54.52,0.0315,0.2,0,1550208740887,15380457,565
2019-02-15 05:33:06.758,9.8,buy,3576.98,BTC-29MAR19-4000-C,54.52,0.0315,9.8,1,1550208786758,15380460,566
2019-02-15 05:33:06.829,2.2,sell,3576.98,BTC-29MAR19-4000-C,54.52,0.0315,2.2,1,1550208786829,15380461,567
2019-02-15 06:26:21.983,0.1,sell,3578.91,BTC-29MAR19-4000-C,53.5,0.0305,0.1,2,1550211981983,15380911,568
2019-02-15 08:02:45.942,0.1,sell,3576.87,BTC-29MAR19-4000-C,53.39,0.0305,0.1,3,1550217765942,15382418,569
2019-02-15 08:02:45.942,0.9,sell,3576.87,BTC-29MAR19-4000-C,53.39,0.0305,0.9,3,1550217765942,15382419,570
2019-02-15 11:02:53.767,0.1,buy,3583.78,BTC-29MAR19-4000-C,55.02,0.0325,0.1,0,1550228573767,15384555,571
2019-02-15 11:02:53.767,10.0,buy,3583.78,BTC-29MAR19-4000-C,55.02,0.0325,10.0,1,1550228573767,15384556,572
2019-02-15 11:03:00.844,1.0,sell,3583.78,BTC-29MAR19-4000-C,55.0,0.0325,1.0,1,1550228580844,15384558,573
2019-02-15 11:09:29.175,12.8,buy,3585.64,BTC-29MAR19-4000-C,55.69,0.0335,12.8,0,1550228969175,15385715,575
2019-02-15 11:09:29.175,0.1,buy,3585.64,BTC-29MAR19-4000-C,55.27,0.033,0.1,0,1550228969175,15385714,574
2019-02-15 11:09:29.178,0.1,sell,3585.64,BTC-29MAR19-4000-C,55.69,0.0335,0.1,1,1550228969178,15385716,576
2019-02-15 12:34:34.566,0.1,buy,3580.42,BTC-29MAR19-4000-C,54.72,0.032,0.1,2,1550234074566,15387099,577
2019-02-15 15:38:22.939,0.2,sell,3551.1,BTC-29MAR19-4000-C,54.64,0.0295,0.2,2,1550245102939,15399132,578
2019-02-15 17:06:29.443,0.2,buy,3562.88,BTC-29MAR19-4000-C,54.49,0.03,0.2,0,1550250389443,15400345,579
2019-02-15 17:09:16.319,0.2,buy,3563.28,BTC-29MAR19-4000-C,54.49,0.03,0.2,1,1550250556319,15400360,580
2019-02-15 17:09:49.686,0.2,buy,3562.87,BTC-29MAR19-4000-C,54.49,0.03,0.2,1,1550250589686,15400376,581
2019-02-15 17:11:59.230,0.4,sell,3563.5,BTC-29MAR19-4000-C,54.42,0.03,0.4,1,1550250719230,15400407,582
2019-02-15 17:11:59.230,0.1,sell,3563.5,BTC-29MAR19-4000-C,53.99,0.0295,0.1,2,1550250719230,15400408,583
2019-02-15 19:04:10.191,0.1,sell,3569.09,BTC-29MAR19-4000-C,53.18,0.028999999999999998,0.1,2,1550257450191,15401203,584
2019-02-15 19:04:10.191,0.2,sell,3569.09,BTC-29MAR19-4000-C,53.18,0.028999999999999998,0.2,3,1550257450191,15401204,585
2019-02-15 19:06:49.169,0.6,buy,3569.04,BTC-29MAR19-4000-C,53.6,0.0295,0.6,0,1550257609169,15401241,586
2019-02-15 19:39:25.503,0.2,buy,3568.39,BTC-29MAR19-4000-C,53.75,0.0295,0.2,1,1550259565503,15401604,587
2019-02-15 19:39:58.734,0.2,buy,3568.49,BTC-29MAR19-4000-C,53.74,0.0295,0.2,1,1550259598734,15401612,588
2019-02-15 21:36:30.080,0.1,buy,3568.21,BTC-29MAR19-4000-C,54.03,0.03,0.1,0,1550266590080,15402397,589
2019-02-16 00:47:33.302,0.5,buy,3568.45,BTC-29MAR19-4000-C,53.89,0.03,0.5,1,1550278053302,15403465,590
2019-02-16 01:04:30.169,0.4,buy,3574.52,BTC-29MAR19-4000-C,53.41,0.03,0.4,1,1550279070169,15403969,591
2019-02-16 01:06:52.855,0.5,buy,3573.5,BTC-29MAR19-4000-C,53.54,0.03,0.5,1,1550279212855,15404072,592
2019-02-16 01:48:18.372,5.3,sell,3574.28,BTC-29MAR19-4000-C,53.53,0.03,5.3,1,1550281698372,15404539,593
2019-02-16 16:16:12.454,3.3000000000000003,buy,3589.36,BTC-29MAR19-4000-C,54.08,0.0315,3.3000000000000003,0,1550333772454,15421030,594
2019-02-16 16:18:05.193,3.1,buy,3592.0,BTC-29MAR19-4000-C,54.47,0.032,3.1,0,1550333885193,15421076,595
2019-02-17 02:21:43.914,1.0,buy,3585.04,BTC-29MAR19-4000-C,53.81,0.0305,1.0,2,1550370103914,15426798,596
2019-02-17 04:33:19.433,3.0,buy,3588.86,BTC-29MAR19-4000-C,54.12,0.031,3.0,0,1550377999433,15427354,597
2019-02-17 04:33:19.433,0.2,buy,3588.86,BTC-29MAR19-4000-C,54.12,0.031,0.2,1,1550377999433,15427355,598
2019-02-17 04:33:39.818,35.1,buy,3588.95,BTC-29MAR19-4000-C,54.54,0.0315,35.1,1,1550378019818,15427357,600
2019-02-17 04:33:39.818,1.6,buy,3588.95,BTC-29MAR19-4000-C,54.54,0.0315,1.6,0,1550378019818,15427356,599
2019-02-17 04:35:00.035,3.0,buy,3589.16,BTC-29MAR19-4000-C,54.55,0.0315,3.0,1,1550378100035,15427366,601
2019-02-17 04:35:36.230,11.0,buy,3589.1,BTC-29MAR19-4000-C,54.55,0.0315,11.0,1,1550378136230,15427378,602
2019-02-17 04:36:18.371,10.0,buy,3589.5,BTC-29MAR19-4000-C,54.55,0.0315,10.0,1,1550378178371,15427384,603
2019-02-17 04:36:22.349,40.0,buy,3589.5,BTC-29MAR19-4000-C,54.55,0.0315,40.0,1,1550378182349,15427385,604
2019-02-17 04:36:24.023,4.0,buy,3589.5,BTC-29MAR19-4000-C,54.55,0.0315,4.0,1,1550378184023,15427386,605
2019-02-17 04:36:33.732,9.7,buy,3589.35,BTC-29MAR19-4000-C,54.99,0.032,9.7,1,1550378193732,15427389,607
2019-02-17 04:36:33.732,0.3,buy,3589.35,BTC-29MAR19-4000-C,54.99,0.032,0.3,0,1550378193732,15427388,606
2019-02-17 04:37:00.623,10.0,buy,3589.7,BTC-29MAR19-4000-C,54.99,0.032,10.0,1,1550378220623,15427390,608
2019-02-17 04:37:44.478,25.0,buy,3589.53,BTC-29MAR19-4000-C,54.99,0.032,25.0,1,1550378264478,15427391,609
2019-02-17 04:44:39.704,3.7,buy,3590.36,BTC-29MAR19-4000-C,55.21,0.0325,3.7,0,1550378679704,15427450,611
2019-02-17 04:44:39.704,0.2,buy,3590.36,BTC-29MAR19-4000-C,54.78,0.032,0.2,1,1550378679704,15427449,610
2019-02-17 04:44:39.704,0.1,buy,3590.36,BTC-29MAR19-4000-C,55.64,0.033,0.1,0,1550378679704,15427451,612
2019-02-17 09:27:57.175,1.0,sell,3597.82,BTC-29MAR19-4000-C,53.65,0.031,1.0,2,1550395677175,15429512,613
2019-02-17 10:27:50.044,0.4,buy,3653.56,BTC-29MAR19-4000-C,52.81,0.0345,0.4,0,1550399270044,15433424,614
2019-02-17 10:27:56.230,0.5,buy,3658.19,BTC-29MAR19-4000-C,52.5,0.0345,0.5,1,1550399276230,15433625,616
2019-02-17 10:27:56.230,0.1,buy,3658.19,BTC-29MAR19-4000-C,52.5,0.0345,0.1,1,1550399276230,15433624,615
2019-02-17 10:31:08.297,0.8,buy,3636.0,BTC-29MAR19-4000-C,55.2,0.036000000000000004,0.8,0,1550399468297,15435979,618
2019-02-17 10:31:08.297,0.2,buy,3636.0,BTC-29MAR19-4000-C,54.79,0.0355,0.2,0,1550399468297,15435978,617
2019-02-17 13:06:53.883,0.3,sell,3563.89,BTC-29MAR19-4000-C,54.83,0.03,0.3,2,1550408813883,15446584,619
2019-02-17 13:06:54.405,0.4,sell,3563.89,BTC-29MAR19-4000-C,54.83,0.03,0.4,3,1550408814405,15446587,620
2019-02-17 13:07:01.432,0.3,sell,3563.76,BTC-29MAR19-4000-C,54.83,0.03,0.3,3,1550408821432,15446593,621
2019-02-17 13:07:01.432,0.2,sell,3563.76,BTC-29MAR19-4000-C,54.38,0.0295,0.2,2,1550408821432,15446594,622
2019-02-17 13:07:47.087,0.3,sell,3556.87,BTC-29MAR19-4000-C,54.92,0.0295,0.3,3,1550408867087,15446809,623
2019-02-17 13:18:51.411,0.2,buy,3564.12,BTC-29MAR19-4000-C,55.44,0.0305,0.2,0,1550409531411,15447459,624
2019-02-17 13:29:23.515,0.2,buy,3565.64,BTC-29MAR19-4000-C,54.4,0.0295,0.2,2,1550410163515,15447610,625
2019-02-17 13:43:37.208,5.5,sell,3570.19,BTC-29MAR19-4000-C,54.54,0.03,5.5,0,1550411017208,15447908,626
2019-02-17 13:43:55.473,13.3,sell,3569.87,BTC-29MAR19-4000-C,53.66,0.028999999999999998,13.3,2,1550411035473,15447916,627
2019-02-17 21:38:59.575,0.2,buy,3596.95,BTC-29MAR19-4000-C,53.36,0.03,0.2,0,1550439539575,15453769,628
2019-02-17 21:39:20.098,0.2,buy,3596.95,BTC-29MAR19-4000-C,53.37,0.03,0.2,1,1550439560098,15453782,629
2019-02-17 21:43:56.862,0.8,buy,3602.04,BTC-29MAR19-4000-C,53.12,0.03,0.8,1,1550439836862,15453979,630
2019-02-18 02:55:26.864,0.2,sell,3670.87,BTC-29MAR19-4000-C,52.71,0.0355,0.2,0,1550458526864,15484572,631
2019-02-18 02:55:26.864,1.8,sell,3670.87,BTC-29MAR19-4000-C,52.71,0.0355,1.8,1,1550458526864,15484573,632
2019-02-18 03:10:51.834,0.2,buy,3685.76,BTC-29MAR19-4000-C,54.27,0.0385,0.2,0,1550459451834,15486678,633
2019-02-18 03:11:13.403,0.8,buy,3686.65,BTC-29MAR19-4000-C,54.58,0.039,0.8,0,1550459473403,15486714,634
2019-02-18 06:19:43.389,0.2,buy,3684.45,BTC-29MAR19-4000-C,54.02,0.0375,0.2,2,1550470783389,15494662,635
2019-02-18 06:28:55.852,0.2,buy,3695.44,BTC-29MAR19-4000-C,54.04,0.0385,0.2,0,1550471335852,15495606,636
2019-02-18 06:33:00.029,9.6,sell,3690.12,BTC-29MAR19-4000-C,54.45,0.0385,9.6,1,1550471580029,15496036,637
2019-02-18 06:42:57.276,0.2,buy,3697.01,BTC-29MAR19-4000-C,53.19,0.0375,0.2,2,1550472177276,15496392,638
2019-02-18 06:44:19.267,1.3,sell,3695.31,BTC-29MAR19-4000-C,54.1,0.0385,1.3,0,1550472259267,15496468,639
2019-02-18 07:42:45.701,2.0,buy,3699.9,BTC-29MAR19-4000-C,55.01,0.0405,2.0,0,1550475765701,15503772,640
2019-02-18 08:08:46.490,3.0,buy,3691.52,BTC-29MAR19-4000-C,55.21,0.04,3.0,2,1550477326490,15504829,641
2019-02-18 08:08:54.021,0.3,buy,3691.48,BTC-29MAR19-4000-C,55.21,0.04,0.3,3,1550477334021,15504834,642
2019-02-18 09:32:03.016,0.1,sell,3703.48,BTC-29MAR19-4000-C,53.81,0.039,0.1,2,1550482323016,15507272,643
2019-02-18 09:32:03.016,0.2,sell,3703.48,BTC-29MAR19-4000-C,53.81,0.039,0.2,3,1550482323016,15507273,644
2019-02-18 09:32:03.016,0.7000000000000001,sell,3703.48,BTC-29MAR19-4000-C,53.4,0.0385,0.7000000000000001,2,1550482323016,15507274,645
2019-02-18 10:01:34.711,0.3,sell,3702.01,BTC-29MAR19-4000-C,54.58,0.04,0.3,0,1550484094711,15508182,646
2019-02-18 10:05:31.849,0.3,sell,3699.72,BTC-29MAR19-4000-C,54.9,0.04,0.3,1,1550484331849,15508316,647
2019-02-18 10:08:57.609,0.2,sell,3702.41,BTC-29MAR19-4000-C,54.72,0.04,0.2,1,1550484537609,15508460,648
2019-02-18 10:19:14.911,4.2,sell,3697.76,BTC-29MAR19-4000-C,55.05,0.04,4.2,1,1550485154911,15509083,649
2019-02-18 11:47:19.158,0.2,sell,3701.43,BTC-29MAR19-4000-C,54.9,0.0405,0.2,0,1550490439158,15512211,650
2019-02-18 12:48:20.717,0.2,buy,3725.23,BTC-29MAR19-4000-C,53.73,0.040999999999999995,0.2,0,1550494100717,15517317,651
2019-02-18 12:49:05.159,50.0,sell,3719.11,BTC-29MAR19-4000-C,53.35,0.04,50.0,2,1550494145159,15517686,652
2019-02-18 12:56:27.797,0.2,buy,3732.21,BTC-29MAR19-4000-C,53.25,0.040999999999999995,0.2,0,1550494587797,15518694,653
2019-02-18 12:56:37.746,0.3,buy,3741.28,BTC-29MAR19-4000-C,52.61,0.040999999999999995,0.3,1,1550494597746,15518965,654
2019-02-18 12:56:43.486,0.5,buy,3742.4,BTC-29MAR19-4000-C,52.53,0.040999999999999995,0.5,1,1550494603486,15519042,655
2019-02-18 12:56:49.579,0.5,buy,3740.23,BTC-29MAR19-4000-C,52.58,0.040999999999999995,0.5,1,1550494609579,15519251,656
2019-02-18 12:56:59.103,0.1,buy,3735.43,BTC-29MAR19-4000-C,53.21,0.040999999999999995,0.1,1,1550494619103,15519453,657
2019-02-18 12:59:41.696,0.2,buy,3732.28,BTC-29MAR19-4000-C,53.33,0.040999999999999995,0.2,1,1550494781696,15520135,658
2019-02-18 13:01:07.678,0.1,buy,3730.48,BTC-29MAR19-4000-C,53.32,0.040999999999999995,0.1,1,1550494867678,15520384,659
2019-02-18 13:18:38.569,0.3,buy,3736.78,BTC-29MAR19-4000-C,53.21,0.040999999999999995,0.3,1,1550495918569,15521871,660
2019-02-18 13:18:59.644,0.3,buy,3736.43,BTC-29MAR19-4000-C,53.21,0.040999999999999995,0.3,1,1550495939644,15521948,661
2019-02-18 13:19:05.144,0.3,buy,3734.17,BTC-29MAR19-4000-C,53.4,0.040999999999999995,0.3,1,1550495945144,15521959,662
2019-02-18 13:45:50.658,1.0,sell,3793.93,BTC-29MAR19-4000-C,52.77,0.0455,1.0,0,1550497550658,15530949,663
2019-02-18 13:56:42.332,0.1,buy,3814.49,BTC-29MAR19-4000-C,53.19,0.048,0.1,0,1550498202332,15534661,664
2019-02-18 14:03:22.837,0.2,sell,3786.73,BTC-29MAR19-4000-C,54.15,0.0465,0.2,2,1550498602837,15536358,665
2019-02-18 14:22:27.786,0.1,sell,3814.62,BTC-29MAR19-4000-C,52.99,0.048,0.1,0,1550499747786,15539777,666
2019-02-18 14:29:49.901,0.3,buy,3815.46,BTC-29MAR19-4000-C,54.12,0.05,0.3,0,1550500189901,15541283,667
2019-02-18 14:30:15.588,0.3,sell,3813.9,BTC-29MAR19-4000-C,52.77,0.048,0.3,2,1550500215588,15541311,668
2019-02-18 14:31:03.914,0.5,sell,3816.0,BTC-29MAR19-4000-C,52.74,0.048,0.5,3,1550500263914,15541442,669
2019-02-18 14:35:44.178,1.0,sell,3805.78,BTC-29MAR19-4000-C,53.29,0.048,1.0,3,1550500544178,15541896,670
2019-02-18 14:39:56.935,0.2,sell,3804.92,BTC-29MAR19-4000-C,52.99,0.0475,0.2,2,1550500796935,15542496,672
2019-02-18 14:39:56.935,0.1,sell,3804.92,BTC-29MAR19-4000-C,53.39,0.048,0.1,3,1550500796935,15542495,671
2019-02-18 14:56:11.393,5.0,buy,3803.5,BTC-29MAR19-4000-C,54.24,0.049,5.0,0,1550501771393,15543559,673
2019-02-18 15:03:38.768,0.1,sell,3790.49,BTC-29MAR19-4000-C,54.64,0.048,0.1,2,1550502218768,15544234,674
2019-02-18 16:23:39.792,0.1,buy,3854.05,BTC-29MAR19-4000-C,51.12,0.05,0.1,1,1550507019792,15551264,676
2019-02-18 16:23:39.792,0.7000000000000001,buy,3854.05,BTC-29MAR19-4000-C,51.12,0.05,0.7000000000000001,0,1550507019792,15551263,675
2019-02-18 16:39:22.248,0.2,sell,3902.51,BTC-29MAR19-4000-C,52.4,0.057,0.2,0,1550507962248,15558722,677
2019-02-18 16:44:24.688,0.3,buy,3863.83,BTC-29MAR19-4000-C,53.56,0.0545,0.3,2,1550508264688,15560188,678
2019-02-18 17:06:36.663,6.0,buy,3848.63,BTC-29MAR19-4000-C,55.38,0.055,6.0,0,1550509596663,15567247,679
2019-02-18 17:07:15.500,1.0,buy,3849.85,BTC-29MAR19-4000-C,54.48,0.054000000000000006,1.0,2,1550509635500,15567325,680
2019-02-18 17:08:31.489,2.0,buy,3850.71,BTC-29MAR19-4000-C,56.73,0.057,2.0,0,1550509711489,15567553,681
2019-02-18 17:15:43.883,0.1,buy,3861.42,BTC-29MAR19-4000-C,55.86,0.057,0.1,1,1550510143883,15568298,682
2019-02-18 17:15:43.883,0.7000000000000001,buy,3861.42,BTC-29MAR19-4000-C,57.02,0.0585,0.7000000000000001,1,1550510143883,15568300,684
2019-02-18 17:15:43.883,0.2,buy,3861.42,BTC-29MAR19-4000-C,57.02,0.0585,0.2,0,1550510143883,15568299,683
2019-02-18 17:17:42.218,0.2,sell,3869.81,BTC-29MAR19-4000-C,55.53,0.0575,0.2,2,1550510262218,15568563,685
2019-02-18 17:22:04.816,0.2,sell,3873.21,BTC-29MAR19-4000-C,55.28,0.0575,0.2,3,1550510524816,15569024,686
2019-02-18 17:47:32.063,0.1,buy,3853.11,BTC-29MAR19-4000-C,56.35,0.0565,0.1,2,1550512052063,15570450,687
2019-02-18 17:47:32.063,0.1,buy,3853.11,BTC-29MAR19-4000-C,57.12,0.0575,0.1,0,1550512052063,15570451,688
2019-02-18 17:55:00.783,0.2,sell,3853.73,BTC-29MAR19-4000-C,55.22,0.055,0.2,2,1550512500783,15570892,689
2019-02-18 18:12:44.415,0.2,buy,3888.79,BTC-29MAR19-4000-C,57.12,0.061,0.2,0,1550513564415,15571851,690
2019-02-18 18:12:44.415,0.2,buy,3888.79,BTC-29MAR19-4000-C,57.12,0.061,0.2,1,1550513564415,15571852,691
2019-02-18 18:19:26.476,0.2,sell,3889.88,BTC-29MAR19-4000-C,55.68,0.0595,0.2,2,1550513966476,15572650,692
2019-02-18 18:20:57.971,0.1,buy,3882.43,BTC-29MAR19-4000-C,57.43,0.061,0.1,0,1550514057971,15572821,694
2019-02-18 18:20:57.971,0.1,buy,3882.43,BTC-29MAR19-4000-C,56.65,0.06,0.1,0,1550514057971,15572820,693
2019-02-18 18:56:09.136,0.1,buy,3882.06,BTC-29MAR19-4000-C,55.93,0.059000000000000004,0.1,2,1550516169136,15574175,695
2019-02-18 18:56:09.136,0.1,buy,3882.06,BTC-29MAR19-4000-C,56.32,0.0595,0.1,0,1550516169136,15574176,696
2019-02-18 19:13:28.772,0.2,buy,3874.27,BTC-29MAR19-4000-C,56.19,0.0585,0.2,2,1550517208772,15574713,697
2019-02-18 21:09:11.999,0.2,sell,3869.39,BTC-29MAR19-4000-C,55.25,0.057,0.2,2,1550524151999,15580578,698
2019-02-18 22:04:33.584,0.4,buy,3843.47,BTC-29MAR19-4000-C,56.62,0.055999999999999994,0.4,2,1550527473584,15582446,699
2019-02-18 22:08:37.851,0.2,sell,3838.13,BTC-29MAR19-4000-C,55.38,0.054000000000000006,0.2,2,1550527717851,15583067,700
2019-02-18 22:24:40.028,0.2,sell,3856.39,BTC-29MAR19-4000-C,57.09,0.057999999999999996,0.2,0,1550528680028,15584122,701
2019-02-18 22:25:39.331,0.2,buy,3856.35,BTC-29MAR19-4000-C,57.16,0.057999999999999996,0.2,1,1550528739331,15584160,702
2019-02-18 22:26:40.943,0.2,buy,3853.59,BTC-29MAR19-4000-C,57.44,0.057999999999999996,0.2,1,1550528800943,15584223,703
2019-02-18 22:26:41.708,0.2,buy,3853.59,BTC-29MAR19-4000-C,57.44,0.057999999999999996,0.2,1,1550528801708,15584225,704
2019-02-18 22:26:42.691,0.2,buy,3853.59,BTC-29MAR19-4000-C,57.44,0.057999999999999996,0.2,1,1550528802691,15584226,705
2019-02-18 22:26:43.402,0.2,buy,3853.59,BTC-29MAR19-4000-C,57.45,0.057999999999999996,0.2,1,1550528803402,15584227,706
2019-02-18 22:26:44.461,0.2,buy,3853.59,BTC-29MAR19-4000-C,57.45,0.057999999999999996,0.2,1,1550528804461,15584228,707
2019-02-18 22:26:45.465,0.2,buy,3853.59,BTC-29MAR19-4000-C,57.45,0.057999999999999996,0.2,1,1550528805465,15584229,708
2019-02-18 22:26:46.855,0.2,buy,3853.39,BTC-29MAR19-4000-C,57.47,0.057999999999999996,0.2,1,1550528806855,15584238,709
2019-02-18 22:26:54.698,0.2,buy,3852.71,BTC-29MAR19-4000-C,57.55,0.057999999999999996,0.2,1,1550528814698,15584269,710
2019-02-18 22:26:55.805,0.2,buy,3852.71,BTC-29MAR19-4000-C,57.53,0.057999999999999996,0.2,1,1550528815805,15584270,711
2019-02-18 22:26:55.813,0.2,buy,3852.71,BTC-29MAR19-4000-C,57.53,0.057999999999999996,0.2,1,1550528815813,15584271,712
2019-02-18 22:26:57.004,0.2,buy,3852.71,BTC-29MAR19-4000-C,57.53,0.057999999999999996,0.2,1,1550528817004,15584272,713
2019-02-18 22:26:58.065,0.2,buy,3852.71,BTC-29MAR19-4000-C,57.53,0.057999999999999996,0.2,1,1550528818065,15584273,714
2019-02-18 22:27:27.791,0.1,buy,3851.07,BTC-29MAR19-4000-C,58.0,0.0585,0.1,0,1550528847791,15584299,715
2019-02-18 22:37:23.636,0.2,sell,3849.55,BTC-29MAR19-4000-C,57.25,0.057999999999999996,0.2,2,1550529443636,15584631,716
2019-02-18 23:08:37.726,0.9,buy,3872.1,BTC-29MAR19-4000-C,56.28,0.0585,0.9,1,1550531317726,15585470,718
2019-02-18 23:08:37.726,0.1,buy,3872.1,BTC-29MAR19-4000-C,56.28,0.0585,0.1,0,1550531317726,15585469,717
2019-02-18 23:09:24.027,0.1,buy,3871.24,BTC-29MAR19-4000-C,56.31,0.0585,0.1,1,1550531364027,15585525,719
2019-02-18 23:09:24.027,0.1,buy,3871.24,BTC-29MAR19-4000-C,57.47,0.06,0.1,0,1550531364027,15585526,720
2019-02-18 23:10:04.144,0.3,buy,3869.65,BTC-29MAR19-4000-C,57.26,0.0595,0.3,2,1550531404144,15585559,721
2019-02-19 00:04:56.094,0.2,buy,3887.62,BTC-29MAR19-4000-C,57.24,0.062,0.2,0,1550534696094,15587942,722
2019-02-19 00:05:08.726,0.2,buy,3891.58,BTC-29MAR19-4000-C,58.47,0.064,0.2,0,1550534708726,15588061,723
2019-02-19 00:05:08.878,0.8,buy,3891.58,BTC-29MAR19-4000-C,58.85,0.0645,0.8,0,1550534708878,15588062,724
2019-02-19 00:06:41.490,1.0,buy,3887.96,BTC-29MAR19-4000-C,59.17,0.0645,1.0,1,1550534801490,15588313,725
2019-02-19 00:18:12.212,5.0,buy,3895.45,BTC-29MAR19-4000-C,58.16,0.064,5.0,2,1550535492212,15589166,726
2019-02-19 00:18:33.815,1.0,buy,3893.85,BTC-29MAR19-4000-C,58.22,0.064,1.0,3,1550535513815,15589188,727
2019-02-19 00:19:35.239,1.0,buy,3903.42,BTC-29MAR19-4000-C,58.91,0.066,1.0,0,1550535575239,15589447,728
2019-02-19 00:29:15.093,5.0,buy,3900.19,BTC-29MAR19-4000-C,59.32,0.066,5.0,1,1550536155093,15590620,729
2019-02-19 00:36:16.291,0.2,sell,3906.52,BTC-29MAR19-4000-C,58.78,0.066,0.2,1,1550536576291,15591229,730
2019-02-19 00:36:25.305,4.9,buy,3908.27,BTC-29MAR19-4000-C,58.98,0.0665,4.9,0,1550536585305,15591245,731
2019-02-19 00:36:59.843,4.8,buy,3912.5,BTC-29MAR19-4000-C,59.06,0.067,4.8,1,1550536619843,15591388,733
2019-02-19 00:36:59.843,0.2,buy,3912.5,BTC-29MAR19-4000-C,59.06,0.067,0.2,0,1550536619843,15591387,732
2019-02-19 00:38:00.012,7.8,buy,3913.58,BTC-29MAR19-4000-C,59.67,0.068,7.8,0,1550536680012,15591521,735
2019-02-19 00:38:00.012,0.2,buy,3913.58,BTC-29MAR19-4000-C,59.28,0.0675,0.2,0,1550536680012,15591520,734
2019-02-19 00:38:27.745,0.2,buy,3933.64,BTC-29MAR19-4000-C,58.67,0.069,0.2,0,1550536707745,15592196,736
2019-02-19 00:38:47.247,0.2,buy,3943.61,BTC-29MAR19-4000-C,58.81,0.0705,0.2,0,1550536727247,15592498,737
2019-02-19 00:38:47.247,2.8000000000000003,buy,3943.61,BTC-29MAR19-4000-C,59.97,0.07200000000000001,2.8000000000000003,0,1550536727247,15592499,738
2019-02-19 00:38:51.333,0.8,buy,3942.96,BTC-29MAR19-4000-C,60.28,0.0725,0.8,1,1550536731333,15592617,741
2019-02-19 00:38:51.333,2.2,buy,3942.96,BTC-29MAR19-4000-C,59.9,0.07200000000000001,2.2,1,1550536731333,15592615,739
2019-02-19 00:38:51.333,0.5,buy,3942.96,BTC-29MAR19-4000-C,60.28,0.0725,0.5,0,1550536731333,15592616,740
2019-02-19 00:38:55.982,0.5,buy,3941.19,BTC-29MAR19-4000-C,59.86,0.0715,0.5,2,1550536735982,15592683,742
2019-02-19 00:39:11.049,0.5,buy,3937.22,BTC-29MAR19-4000-C,60.03,0.071,0.5,2,1550536751049,15592932,743
2019-02-19 00:41:49.296,0.2,buy,3934.76,BTC-29MAR19-4000-C,60.05,0.071,0.2,3,1550536909296,15593751,744
2019-02-19 00:41:49.625,0.3,buy,3934.76,BTC-29MAR19-4000-C,60.05,0.071,0.3,3,1550536909625,15593756,745
2019-02-19 00:42:07.566,0.3,buy,3935.15,BTC-29MAR19-4000-C,60.08,0.071,0.3,3,1550536927566,15593805,746
2019-02-19 00:42:21.021,0.3,buy,3937.39,BTC-29MAR19-4000-C,59.94,0.071,0.3,3,1550536941021,15593822,747
2019-02-19 00:42:23.945,0.2,buy,3937.39,BTC-29MAR19-4000-C,59.94,0.071,0.2,3,1550536943945,15593828,748
2019-02-19 00:43:42.775,0.2,sell,3945.01,BTC-29MAR19-4000-C,58.54,0.07,0.2,2,1550537022775,15594252,749
2019-02-19 00:44:46.509,1.0,buy,3953.97,BTC-29MAR19-4000-C,60.42,0.0735,1.0,0,1550537086509,15594747,750
2019-02-19 00:48:57.953,1.0,sell,3928.09,BTC-29MAR19-4000-C,59.96,0.07,1.0,2,1550537337953,15595913,751
2019-02-19 01:11:24.244,0.2,buy,3901.86,BTC-29MAR19-4000-C,60.47,0.068,0.2,2,1550538684244,15598979,752
2019-02-19 01:14:32.194,0.2,sell,3900.55,BTC-29MAR19-4000-C,58.72,0.0655,0.2,2,1550538872194,15599150,753
2019-02-19 01:49:55.876,0.2,sell,3856.64,BTC-29MAR19-4000-C,59.52,0.062,0.2,2,1550540995876,15603324,754
2019-02-19 01:52:35.618,0.2,sell,3866.28,BTC-29MAR19-4000-C,59.49,0.063,0.2,0,1550541155618,15603680,755
2019-02-19 02:03:40.835,0.2,sell,3874.38,BTC-29MAR19-4000-C,59.81,0.0645,0.2,0,1550541820835,15604480,756
2019-02-19 02:42:38.335,1.0,sell,3868.69,BTC-29MAR19-4000-C,60.07,0.064,1.0,2,1550544158335,15605942,757
2019-02-19 02:43:10.098,1.0,buy,3868.06,BTC-29MAR19-4000-C,60.49,0.0645,1.0,0,1550544190098,15605948,758
2019-02-19 02:45:06.452,1.0,buy,3866.73,BTC-29MAR19-4000-C,60.69,0.0645,1.0,1,1550544306452,15605994,759
2019-02-19 03:04:37.954,1.0,buy,3861.9,BTC-29MAR19-4000-C,60.72,0.064,1.0,2,1550545477954,15606523,760
2019-02-19 03:04:39.844,0.2,buy,3862.19,BTC-29MAR19-4000-C,60.7,0.064,0.2,3,1550545479844,15606529,761
2019-02-19 03:07:56.953,1.0,buy,3866.21,BTC-29MAR19-4000-C,60.56,0.0645,1.0,0,1550545676953,15606757,762
2019-02-19 03:07:56.953,1.0,buy,3866.21,BTC-29MAR19-4000-C,60.56,0.0645,1.0,1,1550545676953,15606758,763
2019-02-19 03:07:56.953,1.0,buy,3866.21,BTC-29MAR19-4000-C,60.56,0.0645,1.0,1,1550545676953,15606759,764
2019-02-19 03:14:21.181,0.1,sell,3863.25,BTC-29MAR19-4000-C,60.31,0.064,0.1,2,1550546061181,15606821,765
2019-02-19 03:39:43.230,0.2,sell,3865.62,BTC-29MAR19-4000-C,60.6,0.064,0.2,3,1550547583230,15607193,766
2019-02-19 03:48:09.197,1.0,sell,3865.63,BTC-29MAR19-4000-C,60.47,0.064,1.0,3,1550548089197,15607340,767
2019-02-19 03:48:20.718,1.0,sell,3866.16,BTC-29MAR19-4000-C,60.49,0.064,1.0,3,1550548100718,15607341,768
2019-02-19 03:48:52.206,0.2,buy,3866.13,BTC-29MAR19-4000-C,60.93,0.0645,0.2,0,1550548132206,15607354,769
2019-02-19 03:49:16.841,3.0,sell,3867.1,BTC-29MAR19-4000-C,60.43,0.064,3.0,2,1550548156841,15607392,770
2019-02-19 03:50:44.273,2.0,sell,3866.65,BTC-29MAR19-4000-C,60.48,0.064,2.0,3,1550548244273,15607410,771
2019-02-19 03:54:35.470,0.8,buy,3867.89,BTC-29MAR19-4000-C,60.64,0.0645,0.8,0,1550548475470,15607554,772
2019-02-19 03:54:35.470,0.1,buy,3867.89,BTC-29MAR19-4000-C,60.64,0.0645,0.1,1,1550548475470,15607555,773
2019-02-19 04:01:40.125,0.4,sell,3866.83,BTC-29MAR19-4000-C,60.74,0.0645,0.4,1,1550548900125,15607686,774
2019-02-19 04:04:38.928,6.0,buy,3876.16,BTC-29MAR19-4000-C,61.85,0.067,6.0,1,1550549078928,15607872,776
2019-02-19 04:04:38.928,8.0,buy,3876.16,BTC-29MAR19-4000-C,61.85,0.067,8.0,0,1550549078928,15607871,775
2019-02-19 04:04:53.905,0.2,sell,3877.14,BTC-29MAR19-4000-C,60.63,0.0655,0.2,2,1550549093905,15607951,777
2019-02-19 04:15:38.733,0.5,sell,3881.15,BTC-29MAR19-4000-C,60.96,0.0665,0.5,0,1550549738733,15608270,778
2019-02-19 04:46:30.150,0.3,sell,3870.75,BTC-29MAR19-4000-C,60.42,0.0645,0.3,2,1550551590150,15609196,779
2019-02-19 05:39:11.977,0.3,sell,3864.53,BTC-29MAR19-4000-C,59.33,0.0625,0.3,2,1550554751977,15610428,780
2019-02-19 05:43:41.091,0.4,sell,3862.82,BTC-29MAR19-4000-C,61.54,0.065,0.4,0,1550555021091,15610537,781
2019-02-19 05:43:47.703,0.3,sell,3862.95,BTC-29MAR19-4000-C,61.52,0.065,0.3,1,1550555027703,15610540,782
2019-02-19 05:43:47.703,0.1,sell,3862.95,BTC-29MAR19-4000-C,58.41,0.061,0.1,2,1550555027703,15610541,783
2019-02-19 05:44:05.681,0.3,sell,3862.91,BTC-29MAR19-4000-C,59.14,0.062,0.3,0,1550555045681,15610554,784
2019-02-19 05:44:26.044,0.4,sell,3862.64,BTC-29MAR19-4000-C,59.18,0.062,0.4,1,1550555066044,15610564,785
2019-02-19 05:44:43.402,0.4,sell,3863.4,BTC-29MAR19-4000-C,59.12,0.062,0.4,1,1550555083402,15610579,786
2019-02-19 05:44:58.952,0.4,sell,3863.51,BTC-29MAR19-4000-C,59.13,0.062,0.4,1,1550555098952,15610586,787
2019-02-19 05:45:09.812,0.4,sell,3863.03,BTC-29MAR19-4000-C,59.1,0.062,0.4,1,1550555109812,15610597,788
2019-02-19 07:50:18.792,0.2,sell,3883.21,BTC-29MAR19-4000-C,58.21,0.063,0.2,0,1550562618792,15613892,789
2019-02-19 07:50:18.792,4.8,sell,3883.21,BTC-29MAR19-4000-C,58.21,0.063,4.8,1,1550562618792,15613893,790
2019-02-19 07:54:34.826,0.2,buy,3888.84,BTC-29MAR19-4000-C,60.11,0.066,0.2,0,1550562874826,15613984,791
2019-02-19 07:54:53.063,0.2,buy,3889.63,BTC-29MAR19-4000-C,58.86,0.0645,0.2,2,1550562893063,15614010,792
2019-02-19 07:55:09.618,4.8,sell,3889.6,BTC-29MAR19-4000-C,58.08,0.0635,4.8,2,1550562909618,15614024,793
2019-02-19 08:04:08.231,0.4,buy,3891.14,BTC-29MAR19-4000-C,59.84,0.066,0.4,0,1550563448231,15614523,794
2019-02-19 09:34:41.005,0.2,sell,3873.03,BTC-29MAR19-4000-C,59.85,0.064,0.2,2,1550568881005,15616356,795
2019-02-19 10:20:52.945,0.2,buy,3856.62,BTC-29MAR19-4000-C,59.19,0.0615,0.2,2,1550571652945,15618719,796
2019-02-19 10:35:36.432,5.0,sell,3851.94,BTC-29MAR19-4000-C,59.15,0.0615,5.0,3,1550572536432,15619292,797
2019-02-19 11:09:32.891,0.3,buy,3871.26,BTC-29MAR19-4000-C,60.7,0.0655,0.3,0,1550574572891,15620276,798
2019-02-19 11:09:48.713,0.2,buy,3871.26,BTC-29MAR19-4000-C,60.72,0.0655,0.2,1,1550574588713,15620282,799
2019-02-19 11:09:57.193,0.2,buy,3871.3,BTC-29MAR19-4000-C,60.72,0.0655,0.2,1,1550574597193,15620289,800
2019-02-19 11:15:01.619,0.2,buy,3871.18,BTC-29MAR19-4000-C,61.12,0.066,0.2,0,1550574901619,15620387,801
2019-02-19 11:57:49.733,0.4,sell,3872.22,BTC-29MAR19-4000-C,60.45,0.0655,0.4,2,1550577469733,15621318,802
2019-02-19 11:58:18.349,0.3,sell,3872.43,BTC-29MAR19-4000-C,60.45,0.0655,0.3,3,1550577498349,15621325,803
2019-02-19 12:01:19.519,0.2,buy,3875.82,BTC-29MAR19-4000-C,60.58,0.066,0.2,0,1550577679519,15621395,804
2019-02-19 12:07:38.343,0.1,buy,3880.01,BTC-29MAR19-4000-C,61.69,0.068,0.1,0,1550578058343,15621801,805
2019-02-19 12:19:00.142,0.2,buy,3890.35,BTC-29MAR19-4000-C,60.01,0.0665,0.2,2,1550578740142,15622178,806
2019-02-19 12:20:49.581,0.2,buy,3891.68,BTC-29MAR19-4000-C,60.17,0.067,0.2,0,1550578849581,15622393,807
2019-02-19 12:21:24.598,0.2,buy,3895.17,BTC-29MAR19-4000-C,60.59,0.068,0.2,0,1550578884598,15622542,808
2019-02-19 12:23:18.992,0.2,buy,3887.86,BTC-29MAR19-4000-C,60.59,0.067,0.2,2,1550578998992,15622770,809
2019-02-19 12:25:34.142,0.2,buy,3889.85,BTC-29MAR19-4000-C,60.58,0.067,0.2,3,1550579134142,15622924,810
2019-02-19 12:26:27.166,0.2,buy,3892.76,BTC-29MAR19-4000-C,60.65,0.0675,0.2,0,1550579187166,15623029,811
2019-02-19 13:16:24.925,0.2,sell,3894.15,BTC-29MAR19-4000-C,59.65,0.0665,0.2,2,1550582184925,15624273,812
2019-02-19 13:17:42.087,0.2,sell,3909.02,BTC-29MAR19-4000-C,59.65,0.068,0.2,0,1550582262087,15624846,813
2019-02-19 13:22:49.576,0.2,sell,3915.87,BTC-29MAR19-4000-C,59.39,0.0685,0.2,0,1550582569576,15626049,814
2019-02-19 13:26:04.190,0.2,buy,3931.26,BTC-29MAR19-4000-C,58.93,0.069,0.2,0,1550582764190,15627134,815
2019-02-19 13:26:18.679,9.8,buy,3938.3,BTC-29MAR19-4000-C,59.0,0.07,9.8,0,1550582778679,15627270,816
2019-02-19 13:47:03.656,0.2,buy,3939.93,BTC-29MAR19-4000-C,58.79,0.07,0.2,1,1550584023656,15631527,817
2019-02-19 13:47:51.632,4.4,buy,3942.73,BTC-29MAR19-4000-C,58.48,0.07,4.4,1,1550584071632,15631920,818
2019-02-19 13:47:57.285,4.3,buy,3945.02,BTC-29MAR19-4000-C,58.3,0.07,4.3,1,1550584077285,15632015,819
2019-02-19 13:47:59.750,0.4,buy,3946.52,BTC-29MAR19-4000-C,58.21,0.07,0.4,1,1550584079750,15632057,820
2019-02-19 13:48:14.787,0.3,buy,3944.5,BTC-29MAR19-4000-C,58.38,0.07,0.3,1,1550584094787,15632235,821
2019-02-19 13:48:21.369,0.3,buy,3942.11,BTC-29MAR19-4000-C,58.56,0.07,0.3,1,1550584101369,15632387,822
2019-02-19 13:48:24.570,0.3,buy,3940.22,BTC-29MAR19-4000-C,58.63,0.07,0.3,1,1550584104570,15632438,823
2019-02-19 13:49:46.839,0.4,buy,3955.88,BTC-29MAR19-4000-C,60.34,0.0735,0.4,0,1550584186839,15633014,824
2019-02-19 13:49:53.745,0.1,buy,3958.88,BTC-29MAR19-4000-C,60.0,0.0735,0.1,1,1550584193745,15633136,825
2019-02-19 13:55:52.676,1.0,buy,3967.97,BTC-29MAR19-4000-C,59.92,0.0745,1.0,0,1550584552676,15635411,826
2019-02-19 14:11:50.641,0.2,sell,3939.68,BTC-29MAR19-4000-C,58.71,0.0695,0.2,2,1550585510641,15639936,827
2019-02-19 14:51:08.580,1.0,buy,3923.65,BTC-29MAR19-4000-C,58.19,0.067,1.0,2,1550587868580,15644897,828
2019-02-19 14:53:39.254,1.0,sell,3938.65,BTC-29MAR19-4000-C,58.11,0.0685,1.0,0,1550588019254,15645651,829
2019-02-19 14:53:43.469,0.2,sell,3938.47,BTC-29MAR19-4000-C,58.53,0.069,0.2,0,1550588023469,15645680,830
2019-02-19 14:54:15.003,0.8,sell,3940.69,BTC-29MAR19-4000-C,58.11,0.0685,0.8,2,1550588055003,15645753,831
2019-02-19 14:56:03.572,0.3,sell,3941.72,BTC-29MAR19-4000-C,58.46,0.069,0.3,1,1550588163572,15645951,833
2019-02-19 14:56:03.572,0.2,sell,3941.72,BTC-29MAR19-4000-C,58.46,0.069,0.2,0,1550588163572,15645950,832
2019-02-19 15:05:06.457,1.5,buy,3945.05,BTC-29MAR19-4000-C,58.3,0.069,1.5,1,1550588706457,15646668,834
2019-02-19 16:05:18.274,0.1,buy,3955.5,BTC-29MAR19-4000-C,59.73,0.07200000000000001,0.1,0,1550592318274,15652246,835
2019-02-19 16:05:26.353,0.1,buy,3956.0,BTC-29MAR19-4000-C,59.72,0.07200000000000001,0.1,1,1550592326353,15652252,836
2019-02-19 16:05:30.059,0.1,buy,3955.94,BTC-29MAR19-4000-C,59.71,0.07200000000000001,0.1,1,1550592330059,15652260,837
2019-02-19 16:05:35.763,0.1,buy,3956.2,BTC-29MAR19-4000-C,59.7,0.07200000000000001,0.1,1,1550592335763,15652266,838
2019-02-19 16:05:39.394,0.1,buy,3956.4,BTC-29MAR19-4000-C,59.68,0.07200000000000001,0.1,1,1550592339394,15652273,839
2019-02-19 16:06:46.827,0.2,sell,3954.71,BTC-29MAR19-4000-C,58.72,0.0705,0.2,2,1550592406827,15652478,842
2019-02-19 16:06:46.827,0.1,sell,3954.71,BTC-29MAR19-4000-C,59.51,0.0715,0.1,2,1550592406827,15652477,841
2019-02-19 16:06:46.827,0.1,sell,3954.71,BTC-29MAR19-4000-C,59.9,0.07200000000000001,0.1,1,1550592406827,15652476,840
2019-02-19 16:20:37.915,0.3,sell,3944.32,BTC-29MAR19-4000-C,59.12,0.07,0.3,2,1550593237915,15653571,843
2019-02-19 16:23:06.649,0.3,sell,3945.57,BTC-29MAR19-4000-C,59.19,0.07,0.3,3,1550593386649,15653740,844
2019-02-19 16:37:59.522,0.4,buy,3937.94,BTC-29MAR19-4000-C,59.68,0.07,0.4,3,1550594279522,15654551,845
2019-02-19 17:08:06.155,0.3,sell,3939.93,BTC-29MAR19-4000-C,58.42,0.0685,0.3,2,1550596086155,15655509,846
2019-02-19 17:18:12.165,0.2,sell,3925.65,BTC-29MAR19-4000-C,58.28,0.067,0.2,2,1550596692165,15656492,847
2019-02-19 17:19:12.396,0.3,sell,3930.6,BTC-29MAR19-4000-C,58.48,0.0675,0.3,0,1550596752396,15656530,848
2019-02-19 17:22:17.238,0.2,sell,3929.0,BTC-29MAR19-4000-C,58.12,0.067,0.2,2,1550596937238,15656675,849
2019-02-19 18:01:49.151,0.3,buy,3934.45,BTC-29MAR19-4000-C,59.83,0.07,0.3,0,1550599309151,15658092,850
2019-02-19 18:46:27.904,0.5,sell,3927.2,BTC-29MAR19-4000-C,58.09,0.0665,0.5,2,1550601987904,15658872,851
2019-02-19 21:55:51.275,0.5,sell,3878.56,BTC-29MAR19-4000-C,57.73,0.061,0.5,2,1550613351275,15664851,852
2019-02-20 00:24:41.025,0.4,sell,3878.4,BTC-29MAR19-4000-C,57.52,0.0605,0.4,2,1550622281025,15670574,853
2019-02-20 00:30:21.594,1.0,sell,3878.28,BTC-29MAR19-4000-C,57.34,0.0605,1.0,3,1550622621594,15670794,854
2019-02-20 03:30:44.993,0.2,buy,3904.38,BTC-29MAR19-4000-C,60.2,0.067,0.2,0,1550633444993,15675595,855
2019-02-20 03:31:03.234,0.2,buy,3904.52,BTC-29MAR19-4000-C,60.98,0.068,0.2,0,1550633463234,15675600,856
2019-02-20 03:31:07.066,0.2,buy,3904.35,BTC-29MAR19-4000-C,61.0,0.068,0.2,1,1550633467066,15675601,857
2019-02-20 03:31:26.536,0.2,buy,3904.21,BTC-29MAR19-4000-C,61.0,0.068,0.2,1,1550633486536,15675607,858
2019-02-20 03:31:26.539,0.2,sell,3904.21,BTC-29MAR19-4000-C,61.0,0.068,0.2,1,1550633486539,15675608,859
2019-02-20 05:11:42.899,0.2,sell,3887.47,BTC-29MAR19-4000-C,59.12,0.064,0.2,2,1550639502899,15676969,860
2019-02-20 08:23:36.403,0.1,buy,3896.68,BTC-29MAR19-4000-C,58.75,0.064,0.1,3,1550651016403,15680733,861
2019-02-20 08:54:32.555,0.7000000000000001,buy,3912.21,BTC-29MAR19-4000-C,57.41,0.064,0.7000000000000001,3,1550652872555,15681807,862
2019-02-20 10:28:43.151,4.2,sell,3940.16,BTC-29MAR19-4000-C,56.63,0.0665,4.2,0,1550658523151,15686647,863
2019-02-20 11:19:46.316,0.1,sell,3925.83,BTC-29MAR19-4000-C,56.34,0.0645,0.1,2,1550661586316,15690117,864
2019-02-20 11:19:46.316,0.2,sell,3925.83,BTC-29MAR19-4000-C,56.34,0.0645,0.2,3,1550661586316,15690118,865
2019-02-20 11:21:12.221,0.4,sell,3925.3,BTC-29MAR19-4000-C,56.32,0.0645,0.4,3,1550661672221,15690178,866
2019-02-20 11:59:54.171,1.0,buy,3926.27,BTC-29MAR19-4000-C,57.2,0.0655,1.0,0,1550663994171,15691246,867
2019-02-20 13:24:41.891,0.1,buy,3929.52,BTC-29MAR19-4000-C,57.14,0.065,0.1,2,1550669081891,15696705,868
2019-02-20 13:31:25.788,0.1,buy,3927.45,BTC-29MAR19-4000-C,57.03,0.0645,0.1,2,1550669485788,15697456,869
2019-02-20 13:31:57.429,0.5,sell,3927.93,BTC-29MAR19-4000-C,56.19,0.0635,0.5,2,1550669517429,15697512,870
2019-02-20 17:15:38.129,0.4,sell,3925.01,BTC-29MAR19-4000-C,55.41,0.062,0.4,2,1550682938129,15706377,871
2019-02-20 17:20:53.064,0.4,sell,3924.29,BTC-29MAR19-4000-C,55.49,0.062,0.4,3,1550683253064,15706449,872
2019-02-20 17:20:53.379,3.3000000000000003,buy,3924.29,BTC-29MAR19-4000-C,55.88,0.0625,3.3000000000000003,0,1550683253379,15706453,873
2019-02-20 17:21:25.749,0.8,sell,3926.22,BTC-29MAR19-4000-C,54.96,0.0615,0.8,2,1550683285749,15706465,875
2019-02-20 17:21:25.749,4.2,sell,3926.22,BTC-29MAR19-4000-C,55.36,0.062,4.2,2,1550683285749,15706464,874
2019-02-20 17:29:50.479,0.4,sell,3927.68,BTC-29MAR19-4000-C,55.0,0.062,0.4,0,1550683790479,15706599,876
2019-02-20 17:42:41.649,1.0,sell,3919.7,BTC-29MAR19-4000-C,55.5,0.062,1.0,1,1550684561649,15706945,877
2019-02-20 17:57:10.399,4.3,buy,3919.72,BTC-29MAR19-4000-C,56.45,0.063,4.3,0,1550685430399,15707189,878
2019-02-20 18:08:16.368,4.9,buy,3913.73,BTC-29MAR19-4000-C,57.23,0.063,4.9,1,1550686096368,15707410,879
2019-02-20 18:18:19.309,4.8,buy,3916.83,BTC-29MAR19-4000-C,57.16,0.0635,4.8,0,1550686699309,15707530,880
2019-02-20 18:18:27.905,0.3,buy,3918.75,BTC-29MAR19-4000-C,57.02,0.0635,0.3,1,1550686707905,15707541,881
2019-02-20 18:23:40.574,4.5,sell,3918.66,BTC-29MAR19-4000-C,57.07,0.0635,4.5,1,1550687020574,15707576,882
2019-02-20 18:34:47.802,4.3,buy,3911.2,BTC-29MAR19-4000-C,57.24,0.0625,4.3,2,1550687687802,15707939,883
2019-02-20 18:38:32.533,4.6000000000000005,buy,3915.38,BTC-29MAR19-4000-C,57.59,0.0635,4.6000000000000005,0,1550687912533,15708014,884
2019-02-20 19:09:36.630,4.5,buy,3917.21,BTC-29MAR19-4000-C,56.7,0.063,4.5,2,1550689776630,15708706,885
2019-02-20 19:58:15.543,4.0,buy,3924.0,BTC-29MAR19-4000-C,59.71,0.0675,4.0,0,1550692695543,15709463,886
2019-02-20 21:28:28.797,2.0,sell,3932.97,BTC-29MAR19-4000-C,55.33,0.0625,2.0,2,1550698108797,15712088,887
2019-02-21 01:08:07.597,1.0,buy,3924.72,BTC-29MAR19-4000-C,60.22,0.068,1.0,0,1550711287597,15717720,888
2019-02-21 02:35:55.066,1.0,buy,3919.64,BTC-29MAR19-4000-C,55.88,0.062,1.0,2,1550716555066,15718641,889
2019-02-21 06:26:21.045,5.0,buy,3926.76,BTC-29MAR19-4000-C,59.12,0.0665,5.0,0,1550730381045,15730138,890
2019-02-21 06:59:32.159,1.0,buy,3924.94,BTC-29MAR19-4000-C,55.95,0.0625,1.0,2,1550732372159,15730643,891
2019-02-21 09:48:25.894,0.1,sell,3905.79,BTC-29MAR19-4000-C,55.38,0.06,0.1,2,1550742505894,15737115,892
2019-02-21 09:48:25.912,0.3,buy,3905.79,BTC-29MAR19-4000-C,55.38,0.06,0.3,3,1550742505912,15737116,893
2019-02-21 09:50:03.804,0.4,buy,3906.65,BTC-29MAR19-4000-C,55.69,0.06,0.4,3,1550742603804,15737148,894
2019-02-21 11:58:53.061,0.5,sell,3893.27,BTC-29MAR19-4000-C,54.57,0.057999999999999996,0.5,2,1550750333061,15741788,895
2019-02-21 12:00:27.279,0.6,sell,3894.27,BTC-29MAR19-4000-C,54.86,0.0585,0.6,0,1550750427279,15741856,896
2019-02-21 12:00:27.282,0.4,buy,3894.27,BTC-29MAR19-4000-C,54.86,0.0585,0.4,1,1550750427282,15741857,897
2019-02-21 12:11:52.472,8.0,buy,3893.23,BTC-29MAR19-4000-C,58.3,0.0625,8.0,1,1550751112472,15742219,901
2019-02-21 12:11:52.472,0.6,buy,3893.23,BTC-29MAR19-4000-C,57.9,0.062,0.6,0,1550751112472,15742217,899
2019-02-21 12:11:52.472,0.1,buy,3893.23,BTC-29MAR19-4000-C,58.3,0.0625,0.1,0,1550751112472,15742218,900
2019-02-21 12:11:52.472,0.2,buy,3893.23,BTC-29MAR19-4000-C,57.5,0.0615,0.2,0,1550751112472,15742216,898
2019-02-21 12:11:52.472,1.1,buy,3893.23,BTC-29MAR19-4000-C,58.7,0.063,1.1,0,1550751112472,15742220,902
2019-02-21 12:41:40.242,0.2,sell,3895.61,BTC-29MAR19-4000-C,57.4,0.0615,0.2,2,1550752900242,15742898,903
2019-02-21 13:37:57.499,0.1,buy,3911.53,BTC-29MAR19-4000-C,57.25,0.063,0.1,0,1550756277499,15744476,905
2019-02-21 13:37:57.499,0.1,buy,3911.53,BTC-29MAR19-4000-C,56.05,0.0615,0.1,3,1550756277499,15744475,904
2019-02-21 15:25:24.063,0.2,sell,3893.3,BTC-29MAR19-4000-C,56.43,0.0605,0.2,2,1550762724063,15745839,906
2019-02-21 15:27:06.920,0.2,sell,3892.93,BTC-29MAR19-4000-C,56.17,0.06,0.2,2,1550762826920,15745869,907
2019-02-21 15:27:36.558,0.1,sell,3892.95,BTC-29MAR19-4000-C,55.78,0.0595,0.1,2,1550762856558,15745876,908
2019-02-21 15:31:48.798,4.5,sell,3892.93,BTC-29MAR19-4000-C,55.49,0.059000000000000004,4.5,2,1550763108798,15745956,909
2019-02-21 19:01:46.488,0.3,buy,3880.81,BTC-29MAR19-4000-C,55.36,0.0575,0.3,2,1550775706488,15748778,910
2019-02-21 19:05:35.784,0.1,buy,3880.29,BTC-29MAR19-4000-C,55.6,0.0575,0.1,3,1550775935784,15748904,911
2019-02-21 19:08:08.568,0.8,buy,3882.48,BTC-29MAR19-4000-C,55.68,0.058,0.8,0,1550776088568,15748998,912
2019-02-21 21:27:22.328,0.1,sell,3899.56,BTC-29MAR19-4000-C,55.17,0.059,0.1,0,1550784442328,15750413,913
2019-02-21 22:45:05.369,5.0,buy,3887.85,BTC-29MAR19-4000-C,57.42,0.0605,5.0,0,1550789105369,15750786,914
2019-02-21 23:51:49.492,0.2,sell,3893.4,BTC-29MAR19-4000-C,55.64,0.059,0.2,2,1550793109492,15751844,915
2019-02-22 02:24:15.038,1.0,buy,3918.37,BTC-29MAR19-4000-C,54.99,0.061,1.0,0,1550802255038,15754053,916
2019-02-22 03:45:53.782,0.2,sell,3914.97,BTC-29MAR19-4000-C,54.12,0.0595,0.2,2,1550807153782,15755204,917
2019-02-22 03:45:53.782,0.8,sell,3914.97,BTC-29MAR19-4000-C,54.12,0.0595,0.8,3,1550807153782,15755205,918
2019-02-22 05:15:55.691,0.1,buy,3920.63,BTC-29MAR19-4000-C,55.98,0.062,0.1,0,1550812555691,15756143,919
2019-02-22 06:47:18.923,0.1,sell,3915.88,BTC-29MAR19-4000-C,55.63,0.061,0.1,2,1550818038923,15757144,920
2019-02-22 06:47:18.923,4.8,sell,3915.88,BTC-29MAR19-4000-C,55.63,0.061,4.8,3,1550818038923,15757145,921
2019-02-22 06:47:24.448,1.1,buy,3915.8,BTC-29MAR19-4000-C,55.63,0.061,1.1,3,1550818044448,15757164,922
2019-02-22 06:58:59.324,0.1,sell,3911.52,BTC-29MAR19-4000-C,56.13,0.061,0.1,3,1550818739324,15757370,924
2019-02-22 06:58:59.324,4.8,sell,3911.52,BTC-29MAR19-4000-C,56.13,0.061,4.8,3,1550818739324,15757369,923
2019-02-22 07:01:22.514,4.9,sell,3910.08,BTC-29MAR19-4000-C,56.44,0.061,4.9,3,1550818882514,15757510,925
2019-02-22 07:02:28.827,4.9,sell,3906.05,BTC-29MAR19-4000-C,55.9,0.06,4.9,2,1550818948827,15757580,926
2019-02-22 07:02:28.827,0.1,sell,3906.05,BTC-29MAR19-4000-C,55.9,0.06,0.1,3,1550818948827,15757581,927
2019-02-22 07:10:03.253,0.4,buy,3900.52,BTC-29MAR19-4000-C,57.1,0.061,0.4,0,1550819403253,15757908,928
2019-02-22 07:10:03.256,1.6,sell,3900.52,BTC-29MAR19-4000-C,57.1,0.061,1.6,1,1550819403256,15757909,929
2019-02-22 07:10:34.041,0.9,sell,3898.83,BTC-29MAR19-4000-C,56.04,0.0595,0.9,2,1550819434041,15757930,930
2019-02-22 07:14:02.303,5.1000000000000005,sell,3894.4,BTC-29MAR19-4000-C,56.36,0.0595,5.1000000000000005,3,1550819642303,15758203,931
2019-02-22 07:16:18.198,5.0,buy,3898.13,BTC-29MAR19-4000-C,57.21,0.061,5.0,0,1550819778198,15758332,932
2019-02-22 07:16:43.774,5.0,buy,3894.92,BTC-29MAR19-4000-C,57.39,0.061,5.0,1,1550819803774,15758366,933
2019-02-22 07:21:52.316,5.1000000000000005,sell,3889.67,BTC-29MAR19-4000-C,57.14,0.06,5.1000000000000005,2,1550820112316,15758577,934
2019-02-22 07:23:42.945,5.0,sell,3890.12,BTC-29MAR19-4000-C,56.83,0.0595,5.0,2,1550820222945,15758711,935
2019-02-22 07:27:33.118,5.0,sell,3890.53,BTC-29MAR19-4000-C,56.68,0.0595,5.0,3,1550820453118,15758883,936
2019-02-22 07:46:32.629,5.1000000000000005,sell,3889.31,BTC-29MAR19-4000-C,57.24,0.06,5.1000000000000005,0,1550821592629,15759649,937
2019-02-22 08:03:18.833,2.0,buy,3894.73,BTC-29MAR19-4000-C,57.89,0.061,2.0,0,1550822598833,15760156,938
2019-02-22 08:03:56.856,1.0,sell,3895.38,BTC-29MAR19-4000-C,57.01,0.06,1.0,2,1550822636856,15760239,939
2019-02-22 08:15:29.630,4.0,sell,3891.81,BTC-29MAR19-4000-C,56.98,0.0595,4.0,2,1550823329630,15760464,940
2019-02-22 08:23:58.531,0.1,sell,3920.9,BTC-29MAR19-4000-C,56.57,0.062,0.1,0,1550823838531,15761715,941
2019-02-22 08:23:58.531,4.8,sell,3920.9,BTC-29MAR19-4000-C,56.57,0.062,4.8,1,1550823838531,15761716,942
2019-02-22 08:24:47.862,4.1,sell,3917.61,BTC-29MAR19-4000-C,56.68,0.062,4.1,1,1550823887862,15761894,943
2019-02-22 08:29:13.881,4.7,sell,3924.32,BTC-29MAR19-4000-C,56.67,0.063,4.7,0,1550824153881,15762494,944
2019-02-22 10:20:48.024,0.1,sell,3925.0,BTC-29MAR19-4000-C,56.93,0.0635,0.1,0,1550830848024,15766782,945
2019-02-22 10:20:48.024,4.6000000000000005,sell,3925.0,BTC-29MAR19-4000-C,56.93,0.0635,4.6000000000000005,1,1550830848024,15766783,946
2019-02-22 12:16:36.654,0.1,buy,3925.23,BTC-29MAR19-4000-C,57.79,0.065,0.1,0,1550837796654,15769014,947
2019-02-22 12:32:10.077,4.4,sell,3935.22,BTC-29MAR19-4000-C,56.49,0.0645,4.4,2,1550838730077,15770335,948
2019-02-22 12:40:38.095,4.9,sell,3943.88,BTC-29MAR19-4000-C,56.57,0.0655,4.9,0,1550839238095,15770982,949
2019-02-22 12:52:25.942,0.5,buy,3934.69,BTC-29MAR19-4000-C,56.88,0.065,0.5,2,1550839945942,15772160,950
2019-02-22 13:26:52.989,1.0,buy,3940.52,BTC-29MAR19-4000-C,56.69,0.0655,1.0,0,1550842012989,15773597,951
2019-02-22 13:53:22.869,7.1000000000000005,buy,3955.36,BTC-29MAR19-4000-C,58.06,0.069,7.1000000000000005,1,1550843602869,15775252,955
2019-02-22 13:53:22.869,6.0,buy,3955.36,BTC-29MAR19-4000-C,57.25,0.068,6.0,0,1550843602869,15775249,952
2019-02-22 13:53:22.869,4.2,buy,3955.36,BTC-29MAR19-4000-C,57.66,0.0685,4.2,0,1550843602869,15775250,953
2019-02-22 13:53:22.869,0.7000000000000001,buy,3955.36,BTC-29MAR19-4000-C,58.06,0.069,0.7000000000000001,0,1550843602869,15775251,954
2019-02-22 14:06:45.765,5.0,buy,3949.9,BTC-29MAR19-4000-C,57.94,0.068,5.0,2,1550844405765,15776206,956
2019-02-22 14:33:42.935,0.3,sell,3938.06,BTC-29MAR19-4000-C,56.4,0.065,0.3,2,1550846022935,15777971,958
2019-02-22 14:33:42.935,0.7000000000000001,sell,3938.06,BTC-29MAR19-4000-C,56.81,0.0655,0.7000000000000001,2,1550846022935,15777970,957
2019-02-22 14:51:49.346,4.3,buy,3946.27,BTC-29MAR19-4000-C,58.06,0.0675,4.3,0,1550847109346,15778593,959
2019-02-22 14:52:02.270,6.0,buy,3946.25,BTC-29MAR19-4000-C,58.06,0.0675,6.0,1,1550847122270,15778605,960
2019-02-22 14:53:50.627,4.3,sell,3947.3,BTC-29MAR19-4000-C,58.03,0.0675,4.3,1,1550847230627,15778641,961
2019-02-22 14:55:55.483,4.3,sell,3946.08,BTC-29MAR19-4000-C,58.05,0.0675,4.3,1,1550847355483,15778669,962
2019-02-22 14:56:01.202,1.7,buy,3946.08,BTC-29MAR19-4000-C,58.04,0.0675,1.7,1,1550847361202,15778674,963
2019-02-22 15:34:11.732,4.7,sell,3923.8,BTC-29MAR19-4000-C,57.9,0.064,4.7,3,1550849651732,15781783,965
2019-02-22 15:34:11.732,0.1,sell,3923.8,BTC-29MAR19-4000-C,57.9,0.064,0.1,2,1550849651732,15781782,964
2019-02-22 15:38:55.098,4.7,sell,3921.1,BTC-29MAR19-4000-C,57.66,0.0635,4.7,3,1550849935098,15781864,967
2019-02-22 15:38:55.098,0.1,sell,3921.1,BTC-29MAR19-4000-C,57.66,0.0635,0.1,2,1550849935098,15781863,966
2019-02-22 15:39:04.428,4.7,sell,3921.65,BTC-29MAR19-4000-C,57.62,0.0635,4.7,3,1550849944428,15781870,968
2019-02-22 17:09:55.726,0.2,buy,3929.43,BTC-29MAR19-4000-C,59.52,0.067,0.2,0,1550855395726,15784524,969
2019-02-22 17:31:48.243,0.2,sell,3926.92,BTC-29MAR19-4000-C,58.21,0.065,0.2,2,1550856708243,15784743,970
2019-02-22 18:20:56.654,0.7000000000000001,sell,3940.91,BTC-29MAR19-4000-C,58.5,0.0665,0.7000000000000001,0,1550859656654,15785742,971
2019-02-22 18:21:32.094,0.7000000000000001,sell,3941.16,BTC-29MAR19-4000-C,57.67,0.0655,0.7000000000000001,2,1550859692094,15785751,972
2019-02-22 18:21:32.094,4.4,sell,3941.16,BTC-29MAR19-4000-C,57.67,0.0655,4.4,3,1550859692094,15785752,973
2019-02-22 18:21:39.902,0.7000000000000001,sell,3941.12,BTC-29MAR19-4000-C,57.69,0.0655,0.7000000000000001,3,1550859699902,15785769,974
2019-02-22 18:22:56.558,1.3,sell,3940.59,BTC-29MAR19-4000-C,56.49,0.064,1.3,3,1550859776558,15785792,976
2019-02-22 18:22:56.558,4.7,sell,3940.59,BTC-29MAR19-4000-C,56.49,0.064,4.7,2,1550859776558,15785791,975
2019-02-22 21:23:18.060,2.8000000000000003,buy,3938.07,BTC-29MAR19-4000-C,59.36,0.067,2.8000000000000003,0,1550870598060,15787721,979
2019-02-22 21:23:18.060,4.5,buy,3938.07,BTC-29MAR19-4000-C,58.95,0.0665,4.5,1,1550870598060,15787720,978
2019-02-22 21:23:18.060,0.7000000000000001,buy,3938.07,BTC-29MAR19-4000-C,58.95,0.0665,0.7000000000000001,0,1550870598060,15787719,977
2019-02-23 03:09:13.845,0.7000000000000001,sell,3937.68,BTC-29MAR19-4000-C,58.55,0.0655,0.7000000000000001,2,1550891353845,15793052,980
2019-02-23 03:09:13.845,0.3,sell,3937.68,BTC-29MAR19-4000-C,58.55,0.0655,0.3,3,1550891353845,15793053,981
2019-02-23 03:28:58.002,4.6000000000000005,buy,3937.46,BTC-29MAR19-4000-C,59.38,0.0665,4.6000000000000005,0,1550892538002,15793156,982
2019-02-23 03:28:58.002,5.2,buy,3937.46,BTC-29MAR19-4000-C,60.2,0.0675,5.2,1,1550892538002,15793158,984
2019-02-23 03:28:58.002,0.2,buy,3937.46,BTC-29MAR19-4000-C,60.2,0.0675,0.2,0,1550892538002,15793157,983
2019-02-23 05:21:12.855,1.0,sell,3920.7,BTC-29MAR19-4000-C,59.05,0.064,1.0,2,1550899272855,15796022,985
2019-02-23 07:14:19.533,1.0,sell,3928.96,BTC-29MAR19-4000-C,58.92,0.0645,1.0,0,1550906059533,15797156,986
2019-02-23 08:56:50.859,0.3,sell,3920.89,BTC-29MAR19-4000-C,59.72,0.064,0.3,2,1550912210859,15798514,987
2019-02-23 08:56:50.859,0.7000000000000001,sell,3920.89,BTC-29MAR19-4000-C,59.72,0.064,0.7000000000000001,3,1550912210859,15798515,988
2019-02-23 08:57:34.600,1.0,sell,3920.68,BTC-29MAR19-4000-C,59.73,0.064,1.0,3,1550912254600,15798530,989
2019-02-23 10:02:24.248,3.0,sell,3932.11,BTC-29MAR19-4000-C,60.23,0.066,3.0,0,1550916144248,15800038,990
2019-02-23 11:53:34.918,0.1,sell,3943.09,BTC-29MAR19-4000-C,60.47,0.0675,0.1,0,1550922814918,15801564,991
2019-02-23 11:53:43.501,0.1,sell,3943.11,BTC-29MAR19-4000-C,60.45,0.0675,0.1,1,1550922823501,15801566,992
2019-02-23 11:55:19.625,8.0,buy,3943.47,BTC-29MAR19-4000-C,62.45,0.07,8.0,0,1550922919625,15801584,996
2019-02-23 11:55:19.625,0.1,buy,3943.47,BTC-29MAR19-4000-C,61.21,0.0685,0.1,0,1550922919625,15801581,993
2019-02-23 11:55:19.625,0.7000000000000001,buy,3943.47,BTC-29MAR19-4000-C,62.03,0.0695,0.7000000000000001,0,1550922919625,15801583,995
2019-02-23 11:55:19.625,0.1,buy,3943.47,BTC-29MAR19-4000-C,61.62,0.069,0.1,0,1550922919625,15801582,994
2019-02-23 11:55:19.625,3.1,buy,3943.47,BTC-29MAR19-4000-C,62.45,0.07,3.1,1,1550922919625,15801585,997
2019-02-23 12:46:51.252,2.0,sell,3937.66,BTC-29MAR19-4000-C,60.71,0.0675,2.0,2,1550926011252,15802838,998
2019-02-23 16:31:40.663,0.6,sell,3930.05,BTC-29MAR19-4000-C,59.11,0.064,0.6,2,1550939500663,15806121,999
2019-02-23 17:07:15.456,0.7000000000000001,sell,3996.74,BTC-29MAR19-4000-C,59.22,0.0705,0.7000000000000001,0,1550941635456,15810730,1000
2019-02-23 17:07:48.721,3.7,buy,4010.2,BTC-29MAR19-4000-C,59.17,0.073,3.7,0,1550941668721,15811704,1001
2019-02-23 17:07:52.301,0.6,buy,4012.46,BTC-29MAR19-4000-C,58.76,0.073,0.6,1,1550941672301,15811780,1002
2019-02-23 17:09:43.946,0.7000000000000001,sell,3983.48,BTC-29MAR19-4000-C,59.44,0.0705,0.7000000000000001,2,1550941783946,15813571,1003
2019-02-23 17:11:04.516,0.7000000000000001,buy,3950.55,BTC-29MAR19-4000-C,61.27,0.0685,0.7000000000000001,2,1550941864516,15814629,1004
2019-02-23 17:13:34.442,0.7000000000000001,buy,3965.0,BTC-29MAR19-4000-C,61.47,0.07,0.7000000000000001,0,1550942014442,15816017,1005
2019-02-23 17:15:19.559,0.7000000000000001,buy,3975.51,BTC-29MAR19-4000-C,62.01,0.07200000000000001,0.7000000000000001,0,1550942119559,15816389,1006
2019-02-23 17:17:27.795,0.7000000000000001,buy,3983.18,BTC-29MAR19-4000-C,61.42,0.07200000000000001,0.7000000000000001,1,1550942247795,15817510,1007
2019-02-23 17:29:19.745,0.7000000000000001,buy,4008.85,BTC-29MAR19-4000-C,60.06,0.0735,0.7000000000000001,0,1550942959745,15819590,1008
2019-02-23 17:29:19.745,0.5,buy,4008.85,BTC-29MAR19-4000-C,61.31,0.075,0.5,0,1550942959745,15819591,1009
2019-02-23 17:35:47.667,0.7000000000000001,buy,4020.79,BTC-29MAR19-4000-C,59.54,0.07400000000000001,0.7000000000000001,2,1550943347667,15821119,1010
2019-02-23 17:37:13.193,0.7000000000000001,sell,4033.21,BTC-29MAR19-4000-C,59.56,0.076,0.7000000000000001,0,1550943433193,15822160,1011
2019-02-23 17:39:09.131,0.7000000000000001,buy,4036.95,BTC-29MAR19-4000-C,58.71,0.075,0.7000000000000001,2,1550943549131,15823047,1012
2019-02-23 17:45:45.957,0.7000000000000001,sell,4048.37,BTC-29MAR19-4000-C,60.19,0.078,0.7000000000000001,0,1550943945957,15824756,1013
2019-02-23 17:52:41.479,3.0,buy,4075.09,BTC-29MAR19-4000-C,62.11,0.084,3.0,0,1550944361479,15827645,1014
2019-02-23 18:00:32.370,1.0,buy,4095.49,BTC-29MAR19-4000-C,62.58,0.0875,1.0,0,1550944832370,15830014,1015
2019-02-23 18:08:28.774,5.0,sell,4102.82,BTC-29MAR19-4000-C,60.84,0.087,5.0,2,1550945308774,15834086,1016
2019-02-23 18:12:59.660,0.7000000000000001,buy,4098.97,BTC-29MAR19-4000-C,61.79,0.08800000000000001,0.7000000000000001,0,1550945579660,15835081,1017
2019-02-23 18:13:29.016,3.3000000000000003,sell,4100.84,BTC-29MAR19-4000-C,61.59,0.08800000000000001,3.3000000000000003,1,1550945609016,15835096,1018
2019-02-23 18:13:54.997,1.8,buy,4103.47,BTC-29MAR19-4000-C,62.21,0.08900000000000001,1.8,1,1550945634997,15835218,1021
2019-02-23 18:13:54.997,0.2,buy,4103.47,BTC-29MAR19-4000-C,61.79,0.0885,0.2,0,1550945634997,15835216,1019
2019-02-23 18:13:54.997,8.0,buy,4103.47,BTC-29MAR19-4000-C,62.21,0.08900000000000001,8.0,0,1550945634997,15835217,1020
2019-02-23 18:17:20.374,5.0,buy,4102.1,BTC-29MAR19-4000-C,62.54,0.08900000000000001,5.0,1,1550945840374,15835752,1022
2019-02-23 18:20:01.777,1.6,sell,4089.34,BTC-29MAR19-4000-C,60.41,0.085,1.6,2,1550946001777,15836278,1023
2019-02-23 18:59:10.857,1.2,sell,4089.65,BTC-29MAR19-4000-C,60.32,0.084,1.2,2,1550948350857,15838946,1024
2019-02-23 19:15:17.828,1.4,buy,4115.52,BTC-29MAR19-4000-C,59.0,0.085,1.4,0,1550949317828,15839647,1025
2019-02-23 19:15:19.847,0.1,buy,4115.25,BTC-29MAR19-4000-C,58.97,0.085,0.1,1,1550949319847,15839655,1026
2019-02-23 20:29:58.119,0.2,buy,4130.32,BTC-29MAR19-4000-C,61.38,0.0895,0.2,0,1550953798119,15844695,1027
2019-02-23 20:33:00.466,0.7000000000000001,sell,4135.07,BTC-29MAR19-4000-C,61.24,0.09,0.7000000000000001,0,1550953980466,15845326,1028
2019-02-23 20:33:22.433,5.2,sell,4134.62,BTC-29MAR19-4000-C,62.54,0.0915,5.2,0,1550954002433,15845436,1029
2019-02-23 20:40:34.888,1.7,sell,4140.85,BTC-29MAR19-4000-C,62.2,0.092,1.7,0,1550954434888,15846505,1030
2019-02-23 21:01:04.905,4.7,sell,4132.56,BTC-29MAR19-4000-C,60.29,0.08900000000000001,4.7,2,1550955664905,15848952,1031
2019-02-23 23:31:46.864,0.1,buy,4110.43,BTC-29MAR19-4000-C,60.88,0.0875,0.1,2,1550964706864,15853901,1032
2019-02-24 02:05:24.442,0.8,sell,4128.58,BTC-29MAR19-4000-C,58.57,0.086,0.8,3,1550973924442,15857885,1035
2019-02-24 02:05:24.442,5.2,sell,4128.58,BTC-29MAR19-4000-C,58.57,0.086,5.2,3,1550973924442,15857884,1034
2019-02-24 02:05:24.442,4.0,sell,4128.58,BTC-29MAR19-4000-C,58.57,0.086,4.0,2,1550973924442,15857883,1033
2019-02-24 04:00:53.314,0.5,sell,4162.05,BTC-29MAR19-4000-C,58.81,0.0905,0.5,0,1550980853314,15865747,1036
2019-02-24 04:20:09.463,1.0,buy,4165.77,BTC-29MAR19-4000-C,62.53,0.0955,1.0,0,1550982009463,15866092,1037
2019-02-24 04:20:22.426,1.0,buy,4166.23,BTC-29MAR19-4000-C,62.51,0.0955,1.0,1,1550982022426,15866093,1038
2019-02-24 04:21:20.541,1.0,buy,4165.11,BTC-29MAR19-4000-C,62.37,0.095,1.0,2,1550982080541,15866149,1039
2019-02-24 04:38:47.985,3.0,sell,4153.49,BTC-29MAR19-4000-C,59.67,0.09,3.0,2,1550983127985,15867155,1040
2019-02-24 09:12:01.719,0.2,sell,4140.65,BTC-29MAR19-4000-C,58.78,0.0885,0.2,2,1550999521719,15873911,1041
2019-02-24 13:14:51.688,0.8,buy,4114.55,BTC-29MAR19-4000-C,60.84,0.0885,0.8,3,1551014091688,15881348,1042
2019-02-24 14:12:21.255,8.0,sell,3909.21,BTC-29MAR19-4000-C,63.51,0.063,8.0,2,1551017541255,15893996,1043
2019-02-24 14:12:22.666,2.0,sell,3905.05,BTC-29MAR19-4000-C,63.82,0.063,2.0,3,1551017542666,15894027,1044
2019-02-24 14:15:03.450,4.8,sell,3826.17,BTC-29MAR19-4000-C,61.19,0.053,4.8,2,1551017703450,15898250,1045
2019-02-24 14:15:48.387,0.1,sell,3776.36,BTC-29MAR19-4000-C,63.64,0.048,0.1,2,1551017748387,15900110,1046
2019-02-24 14:30:47.499,1.3,buy,3788.87,BTC-29MAR19-4000-C,62.26,0.0485,1.3,0,1551018647499,15916024,1047
2019-02-24 14:32:27.068,0.1,sell,3781.9,BTC-29MAR19-4000-C,62.66,0.048,0.1,2,1551018747068,15916974,1048
2019-02-24 14:35:51.216,0.5,buy,3798.9,BTC-29MAR19-4000-C,64.04,0.052000000000000005,0.5,0,1551018951216,15919190,1049
2019-02-24 14:56:06.698,0.2,sell,3791.28,BTC-29MAR19-4000-C,60.94,0.0475,0.2,2,1551020166698,15927986,1050
2019-02-24 14:57:21.474,0.1,buy,3782.33,BTC-29MAR19-4000-C,63.31,0.0495,0.1,0,1551020241474,15928537,1051
2019-02-24 16:01:39.121,0.2,sell,3750.26,BTC-29MAR19-4000-C,63.52,0.0465,0.2,2,1551024099121,15939468,1052
2019-02-24 16:26:11.563,0.4,sell,3754.85,BTC-29MAR19-4000-C,56.81,0.04,0.4,2,1551025571563,15945205,1056
2019-02-24 16:26:11.563,2.0,sell,3754.85,BTC-29MAR19-4000-C,59.02,0.0425,2.0,2,1551025571563,15945204,1055
2019-02-24 16:26:11.563,5.3,sell,3754.85,BTC-29MAR19-4000-C,59.89,0.0435,5.3,2,1551025571563,15945202,1053
2019-02-24 16:26:11.563,1.3,sell,3754.85,BTC-29MAR19-4000-C,59.89,0.0435,1.3,3,1551025571563,15945203,1054
2019-02-24 16:30:35.123,0.3,sell,3748.5,BTC-29MAR19-4000-C,59.91,0.043,0.3,0,1551025835123,15945662,1057
2019-02-24 16:30:35.123,0.7000000000000001,sell,3748.5,BTC-29MAR19-4000-C,59.47,0.0425,0.7000000000000001,2,1551025835123,15945663,1058
2019-02-24 17:26:36.096,0.2,buy,3770.55,BTC-29MAR19-4000-C,63.15,0.049,0.2,0,1551029196096,15951063,1059
2019-02-24 18:31:31.857,1.0,sell,3761.06,BTC-29MAR19-4000-C,60.59,0.045,1.0,2,1551033091857,15953878,1060
2019-02-24 18:44:30.539,4.0,buy,3773.53,BTC-29MAR19-4000-C,62.22,0.048,4.0,0,1551033870539,15954350,1061
2019-02-24 19:07:02.186,0.6,sell,3779.91,BTC-29MAR19-4000-C,60.06,0.046,0.6,2,1551035222186,15955146,1062
2019-02-24 20:03:43.210,0.1,buy,3772.99,BTC-29MAR19-4000-C,61.61,0.047,0.1,0,1551038623210,15956145,1063
2019-02-24 20:12:42.038,0.2,buy,3777.92,BTC-29MAR19-4000-C,61.76,0.0475,0.2,0,1551039162038,15956353,1064
2019-02-24 20:12:48.672,0.2,buy,3778.41,BTC-29MAR19-4000-C,61.69,0.0475,0.2,1,1551039168672,15956356,1065
2019-02-24 20:16:28.559,0.1,buy,3776.83,BTC-29MAR19-4000-C,62.15,0.048,0.1,0,1551039388559,15956460,1066
2019-02-24 21:03:59.141,1.0,buy,3784.77,BTC-29MAR19-4000-C,61.74,0.0475,1.0,2,1551042239141,15957347,1067
2019-02-24 22:04:17.349,0.1,buy,3746.81,BTC-29MAR19-4000-C,63.16,0.046,0.1,2,1551045857349,15961070,1068
2019-02-24 22:14:03.868,0.2,buy,3769.08,BTC-29MAR19-4000-C,61.49,0.0465,0.2,0,1551046443868,15961994,1069
2019-02-24 22:29:50.492,0.1,buy,3753.5,BTC-29MAR19-4000-C,62.44,0.046,0.1,2,1551047390492,15962628,1070
2019-02-24 22:41:27.437,0.1,sell,3763.18,BTC-29MAR19-4000-C,61.4,0.0455,0.1,2,1551048087437,15963187,1071
2019-02-24 23:52:03.454,0.1,sell,3730.74,BTC-29MAR19-4000-C,62.91,0.045,0.1,2,1551052323454,15966324,1072
2019-02-25 01:04:09.592,0.4,buy,3760.71,BTC-29MAR19-4000-C,60.34,0.0445,0.4,2,1551056649592,15969371,1073
2019-02-25 01:18:17.555,0.8,sell,3763.78,BTC-29MAR19-4000-C,60.32,0.045,0.8,0,1551057497555,15969970,1074
2019-02-25 02:16:56.286,0.1,sell,3763.06,BTC-29MAR19-4000-C,60.36,0.0445,0.1,2,1551061016286,15971059,1075
2019-02-25 02:17:38.972,0.2,buy,3761.71,BTC-29MAR19-4000-C,61.3,0.0455,0.2,0,1551061058972,15971060,1076
2019-02-25 02:17:53.547,0.1,sell,3762.53,BTC-29MAR19-4000-C,60.34,0.0445,0.1,2,1551061073547,15971080,1077
2019-02-25 02:48:07.064,6.0,buy,3769.82,BTC-29MAR19-4000-C,61.62,0.047,6.0,0,1551062887064,15971670,1078
2019-02-25 04:01:04.281,0.1,sell,3777.02,BTC-29MAR19-4000-C,61.35,0.047,0.1,1,1551067264281,15973948,1079
2019-02-25 04:05:08.452,0.1,sell,3776.42,BTC-29MAR19-4000-C,61.31,0.047,0.1,1,1551067508452,15974062,1080
2019-02-25 06:18:44.385,0.6,sell,3784.92,BTC-29MAR19-4000-C,63.18,0.05,0.6,0,1551075524385,15977283,1081
2019-02-25 09:27:27.012,0.1,buy,3779.9,BTC-29MAR19-4000-C,61.02,0.047,0.1,2,1551086847012,15981611,1082
2019-02-25 09:53:50.411,1.0,buy,3772.33,BTC-29MAR19-4000-C,62.16,0.0475,1.0,0,1551088430411,15981996,1083
2019-02-25 10:53:14.388,0.2,buy,3781.33,BTC-29MAR19-4000-C,63.72,0.05,0.2,1,1551091994388,15985361,1085
2019-02-25 10:53:14.388,0.1,buy,3781.33,BTC-29MAR19-4000-C,63.72,0.05,0.1,0,1551091994388,15985360,1084
2019-02-25 14:05:11.686,0.1,sell,3769.61,BTC-29MAR19-4000-C,61.77,0.0465,0.1,2,1551103511686,15989179,1086
2019-02-25 14:05:33.574,0.1,buy,3766.94,BTC-29MAR19-4000-C,61.04,0.0455,0.1,2,1551103533574,15989262,1087
2019-02-25 14:06:26.169,0.1,buy,3773.94,BTC-29MAR19-4000-C,60.56,0.0455,0.1,3,1551103586169,15989442,1088
2019-02-25 14:07:26.179,0.1,buy,3779.17,BTC-29MAR19-4000-C,60.6,0.046,0.1,0,1551103646179,15989542,1089
2019-02-25 14:08:38.015,7.5,sell,3779.85,BTC-29MAR19-4000-C,60.5,0.046,7.5,1,1551103718015,15989575,1090
2019-02-25 14:55:39.159,0.1,buy,3779.1,BTC-29MAR19-4000-C,60.65,0.046,0.1,1,1551106539159,15990460,1092
2019-02-25 14:55:39.159,5.0,buy,3779.1,BTC-29MAR19-4000-C,60.65,0.046,5.0,1,1551106539159,15990459,1091
2019-02-25 15:59:56.004,1.0,buy,3792.23,BTC-29MAR19-4000-C,62.6,0.0495,1.0,0,1551110396004,15991861,1093
2019-02-25 17:20:42.835,0.6,sell,3828.81,BTC-29MAR19-4000-C,60.21,0.0495,0.6,1,1551115242835,16000198,1094
2019-02-25 17:23:25.761,2.0,sell,3823.55,BTC-29MAR19-4000-C,60.13,0.049,2.0,2,1551115405761,16000364,1095
2019-02-25 17:47:07.164,2.0,sell,3827.43,BTC-29MAR19-4000-C,60.52,0.05,2.0,0,1551116827164,16001112,1096
2019-02-25 18:05:35.778,0.1,buy,3839.07,BTC-29MAR19-4000-C,60.65,0.051,0.1,1,1551117935778,16002310,1098
2019-02-25 18:05:35.778,0.2,buy,3839.07,BTC-29MAR19-4000-C,60.65,0.051,0.2,0,1551117935778,16002309,1097
2019-02-25 18:06:09.165,0.1,buy,3845.44,BTC-29MAR19-4000-C,60.54,0.0515,0.1,0,1551117969165,16002608,1099
2019-02-25 18:58:29.447,0.1,sell,3858.02,BTC-29MAR19-4000-C,60.18,0.0525,0.1,0,1551121109447,16005131,1100
2019-02-25 19:02:39.646,3.0,sell,3851.89,BTC-29MAR19-4000-C,60.37,0.052000000000000005,3.0,2,1551121359646,16005342,1101
2019-02-25 19:03:53.463,0.9,sell,3851.57,BTC-29MAR19-4000-C,60.39,0.052000000000000005,0.9,3,1551121433463,16005393,1102
2019-02-25 19:03:53.464,1.2,sell,3851.57,BTC-29MAR19-4000-C,60.39,0.052000000000000005,1.2,3,1551121433464,16005394,1103
2019-02-25 19:03:53.475,0.4,sell,3851.57,BTC-29MAR19-4000-C,60.39,0.052000000000000005,0.4,3,1551121433475,16005395,1104
2019-02-25 19:03:53.477,1.0,sell,3851.57,BTC-29MAR19-4000-C,60.39,0.052000000000000005,1.0,3,1551121433477,16005396,1105
2019-02-25 19:03:53.625,1.3,sell,3851.86,BTC-29MAR19-4000-C,60.36,0.052000000000000005,1.3,3,1551121433625,16005397,1106
2019-02-25 19:03:53.637,0.5,sell,3851.86,BTC-29MAR19-4000-C,60.36,0.052000000000000005,0.5,3,1551121433637,16005398,1107
2019-02-25 19:03:53.653,0.5,sell,3851.86,BTC-29MAR19-4000-C,60.36,0.052000000000000005,0.5,3,1551121433653,16005399,1108
2019-02-25 19:03:53.654,0.2,sell,3851.86,BTC-29MAR19-4000-C,60.36,0.052000000000000005,0.2,3,1551121433654,16005400,1109
2019-02-25 19:03:53.784,0.4,sell,3851.86,BTC-29MAR19-4000-C,60.36,0.052000000000000005,0.4,3,1551121433784,16005401,1110
2019-02-25 19:03:53.790,1.8,buy,3851.86,BTC-29MAR19-4000-C,60.36,0.052000000000000005,1.8,3,1551121433790,16005402,1111
2019-02-25 19:43:48.728,50.0,sell,3846.31,BTC-29MAR19-4000-C,59.51,0.0505,50.0,2,1551123828728,16006452,1112
2019-02-25 20:18:16.936,1.0,sell,3846.16,BTC-29MAR19-4000-C,59.41,0.0505,1.0,3,1551125896936,16006946,1113
2019-02-25 20:48:23.914,0.6,sell,3819.05,BTC-29MAR19-4000-C,58.93,0.0475,0.6,2,1551127703914,16009883,1114
2019-02-25 20:48:23.917,1.0,buy,3819.05,BTC-29MAR19-4000-C,58.93,0.0475,1.0,3,1551127703917,16009885,1116
2019-02-25 20:48:23.917,0.6,buy,3819.05,BTC-29MAR19-4000-C,58.93,0.0475,0.6,3,1551127703917,16009884,1115
2019-02-25 20:48:23.990,0.4,sell,3819.05,BTC-29MAR19-4000-C,58.93,0.0475,0.4,3,1551127703990,16009886,1117
2019-02-25 20:48:24.001,0.9,sell,3819.05,BTC-29MAR19-4000-C,58.93,0.0475,0.9,3,1551127704001,16009887,1118
2019-02-25 20:48:24.019,0.5,sell,3819.05,BTC-29MAR19-4000-C,58.93,0.0475,0.5,3,1551127704019,16009888,1119
2019-02-25 20:48:24.029,1.3,sell,3819.05,BTC-29MAR19-4000-C,58.93,0.0475,1.3,3,1551127704029,16009889,1120
2019-02-25 20:48:24.082,0.2,buy,3819.05,BTC-29MAR19-4000-C,58.93,0.0475,0.2,3,1551127704082,16009890,1121
2019-02-25 20:48:24.113,0.5,sell,3819.05,BTC-29MAR19-4000-C,58.93,0.0475,0.5,3,1551127704113,16009891,1122
2019-02-25 20:48:24.114,2.2,sell,3819.05,BTC-29MAR19-4000-C,58.93,0.0475,2.2,3,1551127704114,16009892,1123
2019-02-25 21:33:48.198,0.1,buy,3817.19,BTC-29MAR19-4000-C,60.68,0.0495,0.1,1,1551130428198,16010984,1125
2019-02-25 21:33:48.198,4.9,buy,3817.19,BTC-29MAR19-4000-C,61.11,0.05,4.9,1,1551130428198,16010986,1127
2019-02-25 21:33:48.198,4.4,buy,3817.19,BTC-29MAR19-4000-C,61.11,0.05,4.4,0,1551130428198,16010985,1126
2019-02-25 21:33:48.198,0.6,buy,3817.19,BTC-29MAR19-4000-C,60.68,0.0495,0.6,0,1551130428198,16010983,1124
2019-02-26 01:25:27.648,6.0,sell,3819.68,BTC-29MAR19-4000-C,59.85,0.0485,6.0,2,1551144327648,16013994,1128
2019-02-26 01:25:53.766,6.0,sell,3819.79,BTC-29MAR19-4000-C,60.3,0.049,6.0,0,1551144353766,16013997,1129
2019-02-26 01:26:17.551,6.0,sell,3819.66,BTC-29MAR19-4000-C,59.45,0.048,6.0,2,1551144377551,16014017,1130
2019-02-26 01:26:47.281,5.9,sell,3819.05,BTC-29MAR19-4000-C,59.36,0.048,5.9,3,1551144407281,16014027,1132
2019-02-26 01:26:47.281,0.1,sell,3819.05,BTC-29MAR19-4000-C,59.36,0.048,0.1,3,1551144407281,16014026,1131
2019-02-26 01:27:25.445,6.0,sell,3819.38,BTC-29MAR19-4000-C,59.37,0.048,6.0,3,1551144445445,16014048,1133
2019-02-26 01:43:13.118,30.0,sell,3819.18,BTC-29MAR19-4000-C,59.54,0.048,30.0,3,1551145393118,16014178,1134
2019-02-26 02:05:21.985,60.0,sell,3819.59,BTC-29MAR19-4000-C,58.94,0.0475,60.0,2,1551146721985,16014272,1135
2019-02-26 02:06:13.894,16.5,sell,3819.39,BTC-29MAR19-4000-C,58.97,0.0475,16.5,3,1551146773894,16014312,1136
2019-02-26 02:06:19.436,60.0,sell,3819.38,BTC-29MAR19-4000-C,58.97,0.0475,60.0,3,1551146779436,16014313,1137
2019-02-26 02:06:21.939,20.0,sell,3819.27,BTC-29MAR19-4000-C,58.97,0.0475,20.0,3,1551146781939,16014316,1138
2019-02-26 02:07:11.711,1.5,sell,3819.19,BTC-29MAR19-4000-C,58.95,0.0475,1.5,3,1551146831711,16014321,1139
2019-02-26 02:07:24.865,4.0,sell,3819.19,BTC-29MAR19-4000-C,58.95,0.0475,4.0,3,1551146844865,16014323,1140
2019-02-26 02:07:41.606,0.1,sell,3819.19,BTC-29MAR19-4000-C,58.95,0.0475,0.1,3,1551146861606,16014324,1141
2019-02-26 02:10:19.126,0.5,sell,3819.55,BTC-29MAR19-4000-C,58.95,0.0475,0.5,3,1551147019126,16014347,1142
2019-02-26 02:12:04.238,10.0,sell,3819.88,BTC-29MAR19-4000-C,58.93,0.0475,10.0,3,1551147124238,16014350,1143
2019-02-26 02:17:02.516,15.0,sell,3824.38,BTC-29MAR19-4000-C,58.7,0.0475,15.0,3,1551147422516,16014413,1144
2019-02-26 02:42:06.821,0.5,buy,3823.47,BTC-29MAR19-4000-C,60.04,0.049,0.5,0,1551148926821,16014775,1145
2019-02-26 02:44:19.397,4.9,buy,3823.01,BTC-29MAR19-4000-C,60.51,0.0495,4.9,0,1551149059397,16014788,1146
2019-02-26 02:44:46.040,0.6,buy,3822.17,BTC-29MAR19-4000-C,61.03,0.05,0.6,0,1551149086040,16014810,1147
2019-02-26 02:51:54.767,1.0,sell,3822.98,BTC-29MAR19-4000-C,58.88,0.0475,1.0,2,1551149514767,16014882,1148
2019-02-26 02:52:04.630,0.1,sell,3822.73,BTC-29MAR19-4000-C,58.89,0.0475,0.1,3,1551149524630,16014883,1149
2019-02-26 03:48:48.954,6.9,sell,3825.86,BTC-29MAR19-4000-C,58.74,0.0475,6.9,3,1551152928954,16015251,1150
2019-02-26 03:52:48.932,7.0,sell,3826.07,BTC-29MAR19-4000-C,58.21,0.047,7.0,2,1551153168932,16015283,1151
2019-02-26 03:53:31.082,7.0,sell,3825.74,BTC-29MAR19-4000-C,58.28,0.047,7.0,3,1551153211082,16015295,1152
2019-02-26 03:59:52.080,7.0,sell,3824.1,BTC-29MAR19-4000-C,58.3,0.047,7.0,3,1551153592080,16015322,1153
2019-02-26 04:02:38.194,7.0,sell,3823.99,BTC-29MAR19-4000-C,57.91,0.0465,7.0,2,1551153758194,16015369,1154
2019-02-26 04:02:38.197,3.0,buy,3823.99,BTC-29MAR19-4000-C,57.91,0.0465,3.0,3,1551153758197,16015370,1155
2019-02-26 04:02:46.874,7.0,sell,3823.99,BTC-29MAR19-4000-C,57.91,0.0465,7.0,3,1551153766874,16015371,1156
2019-02-26 04:02:46.881,3.0,buy,3823.99,BTC-29MAR19-4000-C,57.91,0.0465,3.0,3,1551153766881,16015372,1157
2019-02-26 04:03:00.778,0.6,sell,3824.03,BTC-29MAR19-4000-C,57.89,0.0465,0.6,3,1551153780778,16015373,1158
2019-02-26 04:03:00.782,4.3,buy,3824.03,BTC-29MAR19-4000-C,57.89,0.0465,4.3,3,1551153780782,16015374,1159
2019-02-26 04:03:09.891,5.1000000000000005,buy,3824.04,BTC-29MAR19-4000-C,57.89,0.0465,5.1000000000000005,3,1551153789891,16015375,1160
2019-02-26 04:03:20.788,2.1,sell,3824.11,BTC-29MAR19-4000-C,57.89,0.0465,2.1,3,1551153800788,16015376,1161
2019-02-26 06:30:17.658,3.0,sell,3778.53,BTC-29MAR19-4000-C,58.72,0.0435,3.0,2,1551162617658,16021515,1162
2019-02-26 07:25:39.262,0.3,buy,3778.63,BTC-29MAR19-4000-C,59.0,0.044000000000000004,0.3,0,1551165939262,16022849,1163
2019-02-26 07:26:13.180,0.2,buy,3779.62,BTC-29MAR19-4000-C,58.88,0.044000000000000004,0.2,1,1551165973180,16022874,1164
2019-02-26 08:25:08.189,0.1,buy,3786.31,BTC-29MAR19-4000-C,61.7,0.0475,0.1,0,1551169508189,16024277,1165
2019-02-26 10:56:32.488,1.0,sell,3799.42,BTC-29MAR19-4000-C,58.65,0.045,1.0,2,1551178592488,16027835,1166
2019-02-26 12:19:36.741,2.0,buy,3789.54,BTC-29MAR19-4000-C,58.65,0.044000000000000004,2.0,2,1551183576741,16029335,1167
2019-02-26 16:10:15.858,0.6,buy,3795.79,BTC-29MAR19-4000-C,59.76,0.045,0.6,0,1551197415858,16035713,1168
2019-02-26 16:10:15.858,0.4,buy,3795.79,BTC-29MAR19-4000-C,60.21,0.0455,0.4,0,1551197415858,16035714,1169
2019-02-26 16:10:20.960,1.0,buy,3795.12,BTC-29MAR19-4000-C,59.83,0.045,1.0,2,1551197420960,16035738,1170
2019-02-26 17:16:31.086,0.1,sell,3792.04,BTC-29MAR19-4000-C,58.48,0.0435,0.1,2,1551201391086,16037191,1171
2019-02-26 18:42:56.961,0.1,sell,3805.27,BTC-29MAR19-4000-C,56.43,0.0425,0.1,2,1551206576961,16038928,1172
2019-02-26 18:42:56.961,0.4,sell,3805.27,BTC-29MAR19-4000-C,56.43,0.0425,0.4,3,1551206576961,16038929,1173
2019-02-26 18:43:58.100,0.5,sell,3803.84,BTC-29MAR19-4000-C,56.64,0.0425,0.5,3,1551206638100,16038954,1174
2019-02-26 21:45:14.997,0.2,sell,3797.57,BTC-29MAR19-4000-C,56.89,0.0425,0.2,3,1551217514997,16042378,1175
2019-02-26 22:02:32.867,0.1,buy,3789.25,BTC-29MAR19-4000-C,59.25,0.044,0.1,0,1551218552867,16042960,1176
2019-02-26 23:35:39.733,0.1,sell,3795.73,BTC-29MAR19-4000-C,57.05,0.042,0.1,2,1551224139733,16043983,1177
2019-02-26 23:35:39.733,0.3,sell,3795.73,BTC-29MAR19-4000-C,56.6,0.0415,0.3,2,1551224139733,16043984,1178
2019-02-27 01:02:25.447,5.0,buy,3785.09,BTC-29MAR19-4000-C,58.91,0.0435,5.0,0,1551229345447,16045904,1179
2019-02-27 01:02:38.324,5.0,sell,3785.09,BTC-29MAR19-4000-C,58.47,0.043,5.0,2,1551229358324,16045905,1180
2019-02-27 01:13:20.431,0.5,sell,3782.5,BTC-29MAR19-4000-C,58.53,0.0425,0.5,2,1551230000431,16046000,1181
2019-02-27 01:13:25.507,2.5,sell,3782.11,BTC-29MAR19-4000-C,58.57,0.0425,2.5,3,1551230005507,16046004,1182
2019-02-27 03:26:39.896,0.1,buy,3799.6,BTC-29MAR19-4000-C,58.84,0.0445,0.1,0,1551237999896,16048055,1183
2019-02-27 08:58:13.842,0.5,sell,3811.33,BTC-29MAR19-4000-C,56.4,0.0425,0.5,2,1551257893842,16052066,1184
2019-02-27 08:58:13.842,0.5,sell,3811.33,BTC-29MAR19-4000-C,56.4,0.0425,0.5,3,1551257893842,16052067,1185
2019-02-27 08:58:53.231,1.0,buy,3810.96,BTC-29MAR19-4000-C,57.33,0.0435,1.0,0,1551257933231,16052075,1186
2019-02-27 13:18:12.028,0.5,buy,3819.55,BTC-29MAR19-4000-C,57.64,0.0445,0.5,1,1551273492028,16055620,1188
2019-02-27 13:18:12.028,0.9,buy,3819.55,BTC-29MAR19-4000-C,57.64,0.0445,0.9,0,1551273492028,16055619,1187
2019-02-27 16:40:01.878,0.5,sell,3802.91,BTC-29MAR19-4000-C,56.55,0.0415,0.5,2,1551285601878,16062833,1189
2019-02-27 19:12:50.495,0.1,buy,3798.82,BTC-29MAR19-4000-C,57.92,0.0425,0.1,0,1551294770495,16064416,1190
2019-02-27 19:38:36.249,1.9,sell,3799.09,BTC-29MAR19-4000-C,56.53,0.040999999999999995,1.9,3,1551296316249,16064517,1192
2019-02-27 19:38:36.249,0.1,sell,3799.09,BTC-29MAR19-4000-C,56.53,0.040999999999999995,0.1,2,1551296316249,16064516,1191
2019-02-27 20:32:52.757,0.1,sell,3769.78,BTC-29MAR19-4000-C,58.28,0.0405,0.1,2,1551299572757,16065593,1193
2019-02-27 20:32:54.017,0.1,sell,3769.63,BTC-29MAR19-4000-C,58.28,0.0405,0.1,3,1551299574017,16065618,1194
2019-02-27 20:33:34.753,1.0,sell,3759.09,BTC-29MAR19-4000-C,58.45,0.04,1.0,2,1551299614753,16066134,1195
2019-02-27 20:34:20.354,0.1,sell,3718.21,BTC-29MAR19-4000-C,58.87,0.037000000000000005,0.1,2,1551299660354,16067388,1196
2019-02-27 20:34:28.778,0.4,sell,3713.48,BTC-29MAR19-4000-C,58.92,0.037000000000000005,0.4,3,1551299668778,16067685,1197
2019-02-27 20:36:56.986,0.2,buy,3690.02,BTC-29MAR19-4000-C,57.69,0.034,0.2,2,1551299816986,16071074,1198
2019-02-27 20:37:42.678,0.3,buy,3712.39,BTC-29MAR19-4000-C,56.4,0.034,0.3,3,1551299862678,16071682,1199
2019-02-27 20:38:07.320,0.5,buy,3718.73,BTC-29MAR19-4000-C,57.05,0.035,0.5,0,1551299887320,16072161,1200
2019-02-27 20:38:31.362,1.0,buy,3713.26,BTC-29MAR19-4000-C,58.53,0.036000000000000004,1.0,0,1551299911362,16072389,1201
2019-02-27 20:39:01.120,0.5,sell,3735.47,BTC-29MAR19-4000-C,56.61,0.036000000000000004,0.5,1,1551299941120,16072760,1202
2019-02-27 20:42:11.535,2.0,sell,3711.85,BTC-29MAR19-4000-C,57.84,0.035,2.0,2,1551300131535,16073787,1203
2019-02-27 20:42:40.605,0.5,buy,3716.35,BTC-29MAR19-4000-C,58.24,0.036000000000000004,0.5,0,1551300160605,16073981,1204
2019-02-27 20:42:49.827,0.5,sell,3719.85,BTC-29MAR19-4000-C,58.88,0.037000000000000005,0.5,0,1551300169827,16074004,1205
2019-02-27 20:44:13.768,0.5,sell,3737.43,BTC-29MAR19-4000-C,57.72,0.0375,0.5,0,1551300253768,16074560,1206
2019-02-27 20:47:30.324,0.5,sell,3730.63,BTC-29MAR19-4000-C,58.12,0.037000000000000005,0.5,2,1551300450324,16075621,1207
2019-02-27 20:47:31.003,0.5,buy,3730.66,BTC-29MAR19-4000-C,59.51,0.0385,0.5,0,1551300451003,16075631,1208
2019-02-27 20:47:31.885,0.5,buy,3730.66,BTC-29MAR19-4000-C,59.51,0.0385,0.5,1,1551300451885,16075650,1209
2019-02-27 20:47:33.502,0.5,buy,3730.66,BTC-29MAR19-4000-C,59.51,0.0385,0.5,1,1551300453502,16075658,1210
2019-02-27 20:47:34.407,0.5,buy,3730.66,BTC-29MAR19-4000-C,59.49,0.0385,0.5,1,1551300454407,16075665,1211
2019-02-27 20:47:35.226,0.5,buy,3730.2,BTC-29MAR19-4000-C,59.52,0.0385,0.5,1,1551300455226,16075673,1212
2019-02-27 20:47:35.994,0.5,buy,3729.56,BTC-29MAR19-4000-C,59.57,0.0385,0.5,1,1551300455994,16075687,1213
2019-02-27 20:47:53.958,0.5,sell,3730.47,BTC-29MAR19-4000-C,58.16,0.037000000000000005,0.5,2,1551300473958,16075758,1214
2019-02-27 20:49:07.954,1.5,sell,3730.07,BTC-29MAR19-4000-C,58.62,0.0375,1.5,0,1551300547954,16076159,1215
2019-02-27 20:49:12.966,1.5,sell,3730.22,BTC-29MAR19-4000-C,58.56,0.0375,1.5,1,1551300552966,16076164,1216
2019-02-27 20:49:18.018,1.5,sell,3730.05,BTC-29MAR19-4000-C,57.61,0.0365,1.5,2,1551300558018,16076169,1217
2019-02-27 20:49:43.250,2.3000000000000003,buy,3730.69,BTC-29MAR19-4000-C,60.47,0.0395,2.3000000000000003,0,1551300583250,16076214,1218
2019-02-27 20:49:48.309,2.3000000000000003,buy,3730.98,BTC-29MAR19-4000-C,60.45,0.0395,2.3000000000000003,1,1551300588309,16076219,1219
2019-02-27 20:49:53.401,2.3000000000000003,buy,3731.19,BTC-29MAR19-4000-C,60.44,0.0395,2.3000000000000003,1,1551300593401,16076221,1220
2019-02-27 20:50:00.452,4.1,buy,3731.77,BTC-29MAR19-4000-C,60.42,0.0395,4.1,1,1551300600452,16076243,1222
2019-02-27 20:50:00.452,0.4,buy,3731.77,BTC-29MAR19-4000-C,60.42,0.0395,0.4,1,1551300600452,16076242,1221
2019-02-27 20:50:15.878,2.4,sell,3730.99,BTC-29MAR19-4000-C,57.7,0.0365,2.4,2,1551300615878,16076252,1223
2019-02-27 20:50:20.877,2.4,sell,3731.38,BTC-29MAR19-4000-C,58.13,0.037000000000000005,2.4,0,1551300620877,16076260,1224
2019-02-27 20:50:28.836,6.5,sell,3731.44,BTC-29MAR19-4000-C,58.13,0.037000000000000005,6.5,1,1551300628836,16076268,1225
2019-02-27 20:50:33.923,1.9,sell,3731.42,BTC-29MAR19-4000-C,57.19,0.036000000000000004,1.9,2,1551300633923,16076272,1226
2019-02-27 20:50:38.980,2.1,sell,3730.17,BTC-29MAR19-4000-C,57.31,0.036000000000000004,2.1,3,1551300638980,16076299,1227
2019-02-27 20:50:54.506,0.5,buy,3726.54,BTC-29MAR19-4000-C,60.04,0.0385,0.5,0,1551300654506,16076407,1228
2019-02-27 20:50:59.442,8.8,buy,3725.0,BTC-29MAR19-4000-C,60.17,0.0385,8.8,1,1551300659442,16076411,1229
2019-02-27 20:51:04.463,1.6,buy,3725.61,BTC-29MAR19-4000-C,60.58,0.039,1.6,1,1551300664463,16076440,1232
2019-02-27 20:51:04.463,5.0,buy,3725.61,BTC-29MAR19-4000-C,60.11,0.0385,5.0,1,1551300664463,16076438,1230
2019-02-27 20:51:04.463,2.2,buy,3725.61,BTC-29MAR19-4000-C,60.58,0.039,2.2,0,1551300664463,16076439,1231
2019-02-27 20:51:09.511,6.3,sell,3721.99,BTC-29MAR19-4000-C,57.53,0.0355,6.3,2,1551300669511,16076461,1234
2019-02-27 20:51:09.511,0.1,sell,3721.99,BTC-29MAR19-4000-C,58.01,0.036000000000000004,0.1,2,1551300669511,16076460,1233
2019-02-27 20:51:09.511,3.6,sell,3721.99,BTC-29MAR19-4000-C,56.11,0.034,3.6,2,1551300669511,16076462,1235
2019-02-27 20:51:14.528,9.6,sell,3719.23,BTC-29MAR19-4000-C,58.23,0.036000000000000004,9.6,1,1551300674528,16076501,1237
2019-02-27 20:51:14.528,0.1,sell,3719.23,BTC-29MAR19-4000-C,58.23,0.036000000000000004,0.1,0,1551300674528,16076500,1236
2019-02-27 20:51:19.554,0.1,sell,3719.34,BTC-29MAR19-4000-C,57.23,0.035,0.1,2,1551300679554,16076539,1238
2019-02-27 20:51:33.046,0.5,buy,3722.69,BTC-29MAR19-4000-C,58.8,0.037000000000000005,0.5,0,1551300693046,16076613,1239
2019-02-27 20:51:34.699,0.8,buy,3722.73,BTC-29MAR19-4000-C,58.8,0.037000000000000005,0.8,1,1551300694699,16076625,1240
2019-02-27 20:51:34.699,5.5,buy,3722.73,BTC-29MAR19-4000-C,59.74,0.038,5.5,0,1551300694699,16076626,1241
2019-02-27 20:51:34.699,4.2,buy,3722.73,BTC-29MAR19-4000-C,59.74,0.038,4.2,1,1551300694699,16076627,1242
2019-02-27 20:51:39.718,5.5,buy,3723.66,BTC-29MAR19-4000-C,59.73,0.038,5.5,1,1551300699718,16076630,1243
2019-02-27 20:51:39.718,4.9,buy,3723.66,BTC-29MAR19-4000-C,60.2,0.0385,4.9,0,1551300699718,16076631,1244
2019-02-27 20:51:44.726,5.4,buy,3723.82,BTC-29MAR19-4000-C,60.64,0.039,5.4,0,1551300704726,16076645,1245
2019-02-27 20:51:44.726,5.0,buy,3723.82,BTC-29MAR19-4000-C,60.64,0.039,5.0,1,1551300704726,16076646,1246
2019-02-27 20:55:49.288,0.3,sell,3724.69,BTC-29MAR19-4000-C,58.28,0.0365,0.3,2,1551300949288,16076945,1247
2019-02-27 20:55:49.597,0.5,sell,3724.25,BTC-29MAR19-4000-C,58.32,0.0365,0.5,3,1551300949597,16076947,1248
2019-02-27 20:55:50.291,0.5,sell,3724.25,BTC-29MAR19-4000-C,58.32,0.0365,0.5,3,1551300950291,16076950,1249
2019-02-27 20:55:51.250,0.5,sell,3724.13,BTC-29MAR19-4000-C,58.33,0.0365,0.5,3,1551300951250,16076953,1250
2019-02-27 20:55:51.967,0.5,sell,3723.86,BTC-29MAR19-4000-C,58.36,0.0365,0.5,3,1551300951967,16076955,1251
2019-02-27 20:55:54.254,0.5,sell,3723.77,BTC-29MAR19-4000-C,57.4,0.0355,0.5,2,1551300954254,16076956,1252
2019-02-27 20:55:56.403,0.5,sell,3723.39,BTC-29MAR19-4000-C,57.42,0.0355,0.5,3,1551300956403,16076961,1253
2019-02-27 20:55:57.330,0.5,sell,3723.23,BTC-29MAR19-4000-C,57.46,0.0355,0.5,3,1551300957330,16076962,1254
2019-02-27 20:55:59.483,0.3,sell,3723.23,BTC-29MAR19-4000-C,57.47,0.0355,0.3,3,1551300959483,16076963,1255
2019-02-27 20:56:00.890,0.5,sell,3723.23,BTC-29MAR19-4000-C,57.47,0.0355,0.5,3,1551300960890,16076965,1256
2019-02-27 20:57:29.394,0.3,sell,3720.17,BTC-29MAR19-4000-C,58.2,0.036000000000000004,0.3,0,1551301049394,16077023,1257
2019-02-27 20:57:29.568,0.5,sell,3720.36,BTC-29MAR19-4000-C,58.19,0.036000000000000004,0.5,1,1551301049568,16077025,1258
2019-02-27 20:57:30.202,0.5,sell,3720.36,BTC-29MAR19-4000-C,57.71,0.0355,0.5,2,1551301050202,16077029,1259
2019-02-27 20:57:31.347,0.5,sell,3720.45,BTC-29MAR19-4000-C,57.71,0.0355,0.5,3,1551301051347,16077034,1260
2019-02-27 20:57:32.091,0.5,sell,3720.52,BTC-29MAR19-4000-C,57.24,0.035,0.5,2,1551301052091,16077035,1261
2019-02-27 20:57:32.728,0.5,sell,3720.57,BTC-29MAR19-4000-C,57.24,0.035,0.5,3,1551301052728,16077037,1262
2019-02-27 20:57:34.385,0.1,sell,3720.57,BTC-29MAR19-4000-C,57.24,0.035,0.1,3,1551301054385,16077038,1263
2019-02-27 20:57:34.385,0.4,sell,3720.57,BTC-29MAR19-4000-C,56.29,0.034,0.4,2,1551301054385,16077039,1264
2019-02-27 20:57:34.709,0.3,sell,3720.57,BTC-29MAR19-4000-C,56.29,0.034,0.3,3,1551301054709,16077040,1265
2019-02-27 20:57:34.908,0.5,sell,3720.57,BTC-29MAR19-4000-C,56.29,0.034,0.5,3,1551301054908,16077041,1266
2019-02-27 20:57:36.219,0.5,sell,3720.81,BTC-29MAR19-4000-C,57.23,0.035,0.5,0,1551301056219,16077045,1267
2019-02-27 20:57:38.032,0.5,sell,3720.74,BTC-29MAR19-4000-C,56.3,0.034,0.5,2,1551301058032,16077046,1268
2019-02-27 20:57:40.629,0.5,sell,3720.55,BTC-29MAR19-4000-C,56.32,0.034,0.5,3,1551301060629,16077052,1269
2019-02-27 20:57:42.889,0.5,sell,3720.55,BTC-29MAR19-4000-C,56.33,0.034,0.5,3,1551301062889,16077056,1270
2019-02-27 20:57:44.256,0.5,sell,3720.37,BTC-29MAR19-4000-C,56.34,0.034,0.5,3,1551301064256,16077058,1271
2019-02-27 20:57:44.815,0.3,sell,3720.37,BTC-29MAR19-4000-C,56.34,0.034,0.3,3,1551301064815,16077059,1272
2019-02-27 20:57:46.884,0.5,sell,3720.37,BTC-29MAR19-4000-C,56.35,0.034,0.5,3,1551301066884,16077061,1273
2019-02-27 20:57:48.544,0.5,sell,3720.23,BTC-29MAR19-4000-C,56.35,0.034,0.5,3,1551301068544,16077062,1274
2019-02-27 20:57:49.237,0.5,sell,3720.23,BTC-29MAR19-4000-C,56.36,0.034,0.5,3,1551301069237,16077063,1275
2019-02-27 20:59:59.842,0.3,sell,3723.84,BTC-29MAR19-4000-C,56.96,0.035,0.3,0,1551301199842,16077172,1276
2019-02-27 21:00:00.208,0.5,sell,3723.84,BTC-29MAR19-4000-C,56.96,0.035,0.5,1,1551301200208,16077173,1277
2019-02-27 21:00:00.751,0.5,sell,3723.88,BTC-29MAR19-4000-C,56.94,0.035,0.5,1,1551301200751,16077174,1278
2019-02-27 21:00:01.694,0.5,sell,3724.02,BTC-29MAR19-4000-C,56.93,0.035,0.5,1,1551301201694,16077176,1279
2019-02-27 21:00:03.382,0.5,sell,3723.95,BTC-29MAR19-4000-C,56.93,0.035,0.5,1,1551301203382,16077178,1280
2019-02-27 21:00:05.145,0.5,sell,3724.27,BTC-29MAR19-4000-C,56.9,0.035,0.5,1,1551301205145,16077181,1281
2019-02-27 21:00:26.285,0.5,buy,3719.49,BTC-29MAR19-4000-C,56.67,0.0345,0.5,2,1551301226285,16077239,1282
2019-02-27 21:00:36.645,0.3,sell,3716.17,BTC-29MAR19-4000-C,56.4,0.034,0.3,2,1551301236645,16077250,1283
2019-02-27 21:05:23.580,0.3,sell,3724.07,BTC-29MAR19-4000-C,56.8,0.035,0.3,0,1551301523580,16077804,1284
2019-02-27 21:05:28.644,0.3,sell,3724.07,BTC-29MAR19-4000-C,56.32,0.0345,0.3,2,1551301528644,16077821,1285
2019-02-27 21:05:33.761,0.3,sell,3723.64,BTC-29MAR19-4000-C,56.36,0.0345,0.3,3,1551301533761,16077824,1286
2019-02-27 21:05:38.778,0.3,sell,3724.02,BTC-29MAR19-4000-C,56.33,0.0345,0.3,3,1551301538778,16077827,1287
2019-02-27 21:05:43.882,0.3,sell,3724.14,BTC-29MAR19-4000-C,56.32,0.0345,0.3,3,1551301543882,16077838,1288
2019-02-27 21:05:48.963,0.3,sell,3724.12,BTC-29MAR19-4000-C,56.8,0.035,0.3,0,1551301548963,16077843,1289
2019-02-27 21:05:54.019,0.3,sell,3724.24,BTC-29MAR19-4000-C,56.79,0.035,0.3,1,1551301554019,16077851,1290
2019-02-27 22:22:34.521,1.0,buy,3745.78,BTC-29MAR19-4000-C,59.88,0.04,1.0,0,1551306154521,16081824,1291
2019-02-27 22:59:24.394,0.3,buy,3772.08,BTC-29MAR19-4000-C,56.55,0.039,0.3,2,1551308364394,16083821,1292
2019-02-27 22:59:24.394,0.1,buy,3772.08,BTC-29MAR19-4000-C,56.55,0.039,0.1,3,1551308364394,16083822,1293
2019-02-27 23:03:13.328,0.1,buy,3791.93,BTC-29MAR19-4000-C,56.76,0.040999999999999995,0.1,0,1551308593328,16084601,1294
2019-02-27 23:05:03.891,0.1,buy,3800.1,BTC-29MAR19-4000-C,56.55,0.0415,0.1,0,1551308703891,16085152,1295
2019-02-27 23:17:54.049,0.3,sell,3808.85,BTC-29MAR19-4000-C,56.36,0.042,0.3,0,1551309474049,16087594,1296
2019-02-27 23:21:13.687,0.5,sell,3798.54,BTC-29MAR19-4000-C,56.38,0.040999999999999995,0.5,2,1551309673687,16087926,1297
2019-02-28 00:47:02.366,0.1,sell,3804.9,BTC-29MAR19-4000-C,56.49,0.042,0.1,0,1551314822366,16090509,1298
2019-02-28 00:49:03.767,0.1,buy,3806.81,BTC-29MAR19-4000-C,57.3,0.043,0.1,0,1551314943767,16090540,1299
2019-02-28 01:02:04.173,0.9,buy,3811.84,BTC-29MAR19-4000-C,57.0,0.043,0.9,1,1551315724173,16090982,1300
2019-02-28 06:00:19.151,1.0,sell,3811.5,BTC-29MAR19-4000-C,56.85,0.0425,1.0,2,1551333619151,16094472,1301
2019-02-28 09:02:55.737,0.4,sell,3820.48,BTC-29MAR19-4000-C,56.39,0.0425,0.4,3,1551344575737,16098236,1302
2019-02-28 12:16:51.525,1.0,buy,3823.23,BTC-29MAR19-4000-C,58.38,0.045,1.0,0,1551356211525,16102434,1303
2019-02-28 12:16:51.525,2.6,buy,3823.23,BTC-29MAR19-4000-C,58.38,0.045,2.6,1,1551356211525,16102436,1305
2019-02-28 12:16:51.525,0.1,buy,3823.23,BTC-29MAR19-4000-C,58.38,0.045,0.1,1,1551356211525,16102435,1304
2019-02-28 12:22:09.809,3.0,buy,3823.22,BTC-29MAR19-4000-C,58.39,0.045,3.0,1,1551356529809,16102506,1306
2019-02-28 12:28:15.958,0.1,buy,3821.97,BTC-29MAR19-4000-C,58.58,0.045,0.1,1,1551356895958,16102603,1307
2019-02-28 12:28:16.139,0.1,sell,3821.97,BTC-29MAR19-4000-C,58.58,0.045,0.1,1,1551356896139,16102604,1308
2019-02-28 12:28:16.394,0.1,sell,3821.97,BTC-29MAR19-4000-C,58.58,0.045,0.1,1,1551356896394,16102607,1309
2019-02-28 12:28:17.302,0.1,sell,3821.97,BTC-29MAR19-4000-C,58.58,0.045,0.1,1,1551356897302,16102610,1310
2019-02-28 12:28:17.814,0.1,sell,3821.97,BTC-29MAR19-4000-C,58.58,0.045,0.1,1,1551356897814,16102612,1311
2019-02-28 12:28:19.198,0.1,sell,3821.97,BTC-29MAR19-4000-C,58.58,0.045,0.1,1,1551356899198,16102614,1312
2019-02-28 12:28:20.151,0.1,sell,3822.0,BTC-29MAR19-4000-C,58.58,0.045,0.1,1,1551356900151,16102615,1313
2019-02-28 12:28:21.016,0.1,sell,3822.0,BTC-29MAR19-4000-C,58.58,0.045,0.1,1,1551356901016,16102616,1314
2019-02-28 12:30:42.844,0.1,sell,3821.37,BTC-29MAR19-4000-C,58.59,0.045,0.1,1,1551357042844,16102624,1315
2019-02-28 12:30:43.546,0.1,sell,3821.37,BTC-29MAR19-4000-C,58.59,0.045,0.1,1,1551357043546,16102625,1316
2019-02-28 15:32:34.327,0.1,sell,3759.16,BTC-29MAR19-4000-C,58.59,0.0395,0.1,2,1551367954327,16109099,1317
2019-02-28 15:34:41.867,0.1,buy,3811.3,BTC-29MAR19-4000-C,56.06,0.0415,0.1,0,1551368081867,16111058,1318
2019-02-28 15:38:14.286,0.1,buy,3839.39,BTC-29MAR19-4000-C,55.91,0.0435,0.1,0,1551368294286,16112770,1319
2019-02-28 15:38:19.363,0.1,sell,3843.14,BTC-29MAR19-4000-C,55.77,0.044,0.1,0,1551368299363,16113050,1320
2019-02-28 15:39:11.756,0.1,sell,3881.57,BTC-29MAR19-4000-C,56.29,0.0485,0.1,0,1551368351756,16114779,1321
2019-02-28 15:41:02.569,0.1,sell,3846.65,BTC-29MAR19-4000-C,59.0,0.048,0.1,2,1551368462569,16116410,1322
2019-02-28 17:14:50.713,0.1,buy,3799.85,BTC-29MAR19-4000-C,58.2,0.0425,0.1,2,1551374090713,16129891,1323
2019-02-28 20:41:59.127,3.0,buy,3809.97,BTC-29MAR19-4000-C,56.64,0.0415,3.0,2,1551386519127,16137354,1324
2019-03-01 07:41:05.461,6.0,buy,3797.69,BTC-29MAR19-4000-C,55.12,0.0385,6.0,2,1551426065461,16144068,1325
2019-03-01 07:43:11.753,5.0,sell,3798.68,BTC-29MAR19-4000-C,55.03,0.0385,5.0,3,1551426191753,16144134,1326
2019-03-01 15:31:36.657,1.0,sell,3815.81,BTC-29MAR19-4000-C,54.36,0.039,1.0,0,1551454296657,16151468,1327
2019-03-01 15:32:27.296,1.0,sell,3815.86,BTC-29MAR19-4000-C,54.36,0.039,1.0,1,1551454347296,16151476,1328
2019-03-01 16:58:20.302,50.0,buy,3828.54,BTC-29MAR19-4000-C,54.21,0.04,50.0,0,1551459500302,16153037,1329
2019-03-01 19:16:35.229,1.0,sell,3832.21,BTC-29MAR19-4000-C,53.36,0.0395,1.0,2,1551467795229,16155463,1330
2019-03-01 22:12:33.249,0.1,sell,3833.18,BTC-29MAR19-4000-C,54.06,0.0405,0.1,0,1551478353249,16157290,1331
2019-03-01 22:12:33.281,0.1,sell,3833.18,BTC-29MAR19-4000-C,54.06,0.0405,0.1,1,1551478353281,16157291,1332
2019-03-01 22:12:33.760,0.1,sell,3832.8,BTC-29MAR19-4000-C,54.26,0.0405,0.1,1,1551478353760,16157329,1333
2019-03-01 22:12:34.419,0.1,sell,3832.8,BTC-29MAR19-4000-C,54.26,0.0405,0.1,1,1551478354419,16157333,1334
2019-03-01 22:12:34.944,0.1,sell,3832.8,BTC-29MAR19-4000-C,54.26,0.0405,0.1,1,1551478354944,16157339,1335
2019-03-01 22:12:35.513,0.1,sell,3832.8,BTC-29MAR19-4000-C,54.26,0.0405,0.1,1,1551478355513,16157344,1336
2019-03-02 01:10:01.751,0.1,sell,3809.04,BTC-29MAR19-4000-C,54.86,0.0385,0.1,2,1551489001751,16162396,1337
2019-03-02 01:10:33.247,0.4,sell,3808.52,BTC-29MAR19-4000-C,54.32,0.038,0.4,2,1551489033247,16162399,1338
2019-03-02 08:06:00.628,0.5,sell,3767.22,BTC-29MAR19-4000-C,55.59,0.035,0.5,2,1551513960628,16168847,1339
2019-03-02 14:28:19.649,0.1,sell,3808.38,BTC-29MAR19-4000-C,54.08,0.037000000000000005,0.1,0,1551536899649,16176829,1340
2019-03-02 14:28:19.649,5.9,sell,3808.38,BTC-29MAR19-4000-C,53.6,0.0365,5.9,2,1551536899649,16176830,1341
2019-03-02 21:07:05.391,0.1,sell,3803.48,BTC-29MAR19-4000-C,53.02,0.035,0.1,2,1551560825391,16181325,1342
2019-03-03 04:32:25.758,0.5,sell,3810.3,BTC-29MAR19-4000-C,54.11,0.037000000000000005,0.5,0,1551587545758,16184920,1343
2019-03-03 04:32:25.758,1.5,sell,3810.3,BTC-29MAR19-4000-C,53.62,0.0365,1.5,2,1551587545758,16184921,1344
2019-03-03 09:25:21.676,7.7,buy,3805.88,BTC-29MAR19-4000-C,56.66,0.0385,7.7,1,1551605121676,16187573,1348
2019-03-03 09:25:21.676,13.0,buy,3805.88,BTC-29MAR19-4000-C,56.66,0.0385,13.0,0,1551605121676,16187570,1345
2019-03-03 09:25:21.676,1.3,buy,3805.88,BTC-29MAR19-4000-C,56.66,0.0385,1.3,1,1551605121676,16187571,1346
2019-03-03 09:25:21.676,5.0,buy,3805.88,BTC-29MAR19-4000-C,56.66,0.0385,5.0,1,1551605121676,16187572,1347
2019-03-03 13:46:22.190,0.3,sell,3777.34,BTC-29MAR19-4000-C,55.5,0.0345,0.3,2,1551620782190,16190550,1349
2019-03-03 17:07:02.782,1.0,buy,3789.5,BTC-29MAR19-4000-C,57.41,0.0375,1.0,0,1551632822782,16196323,1350
2019-03-03 22:58:37.667,0.1,buy,3784.38,BTC-29MAR19-4000-C,56.57,0.036000000000000004,0.1,2,1551653917667,16198972,1351
2019-03-04 04:09:33.783,3.9,sell,3774.06,BTC-29MAR19-4000-C,56.16,0.0345,3.9,2,1551672573783,16206150,1352
2019-03-04 05:17:55.352,0.1,buy,3714.59,BTC-29MAR19-4000-C,55.75,0.028999999999999998,0.1,2,1551676675352,16215725,1353
2019-03-04 05:19:06.608,0.3,buy,3709.98,BTC-29MAR19-4000-C,56.16,0.029,0.3,3,1551676746608,16215945,1354
2019-03-04 06:12:22.326,0.9,sell,3714.42,BTC-29MAR19-4000-C,53.81,0.027000000000000003,0.9,3,1551679942326,16219793,1356
2019-03-04 06:12:22.326,0.1,sell,3714.42,BTC-29MAR19-4000-C,53.81,0.027000000000000003,0.1,2,1551679942326,16219792,1355
2019-03-04 06:43:47.043,1.5,buy,3728.1,BTC-29MAR19-4000-C,55.59,0.03,1.5,0,1551681827043,16220815,1357
2019-03-04 06:43:47.043,0.1,buy,3728.1,BTC-29MAR19-4000-C,56.12,0.0305,0.1,0,1551681827043,16220816,1358
2019-03-04 06:43:47.043,0.4,buy,3728.1,BTC-29MAR19-4000-C,56.64,0.031,0.4,0,1551681827043,16220817,1359
2019-03-04 07:03:50.761,0.1,sell,3726.42,BTC-29MAR19-4000-C,54.17,0.0285,0.1,2,1551683030761,16221099,1360
2019-03-04 08:52:11.258,0.1,sell,3709.71,BTC-29MAR19-4000-C,55.75,0.0285,0.1,3,1551689531258,16223498,1361
2019-03-04 09:15:20.684,0.1,sell,3715.53,BTC-29MAR19-4000-C,54.14,0.0275,0.1,3,1551690920684,16224128,1364
2019-03-04 09:15:20.684,0.1,sell,3715.53,BTC-29MAR19-4000-C,54.14,0.0275,0.1,2,1551690920684,16224127,1363
2019-03-04 09:15:20.684,9.7,sell,3715.53,BTC-29MAR19-4000-C,54.14,0.0275,9.7,3,1551690920684,16224129,1365
2019-03-04 09:15:20.684,0.1,sell,3715.53,BTC-29MAR19-4000-C,54.67,0.028,0.1,2,1551690920684,16224126,1362
2019-03-04 09:58:22.153,5.0,sell,3706.24,BTC-29MAR19-4000-C,53.93,0.0265,5.0,2,1551693502153,16225412,1366
2019-03-04 10:17:02.488,0.1,sell,3690.55,BTC-29MAR19-4000-C,55.53,0.0265,0.1,3,1551694622488,16227859,1367
2019-03-04 10:17:09.211,0.1,sell,3691.52,BTC-29MAR19-4000-C,55.46,0.0265,0.1,3,1551694629211,16227871,1368
2019-03-04 10:24:24.898,0.1,sell,3694.62,BTC-29MAR19-4000-C,54.02,0.0255,0.1,2,1551695064898,16228327,1369
2019-03-04 10:24:36.296,0.1,sell,3695.04,BTC-29MAR19-4000-C,55.11,0.0265,0.1,0,1551695076296,16228344,1370
2019-03-04 10:25:20.182,1.0,sell,3694.32,BTC-29MAR19-4000-C,54.05,0.0255,1.0,2,1551695120182,16228426,1371
2019-03-04 10:40:02.662,4.9,sell,3682.02,BTC-29MAR19-4000-C,54.0,0.0245,4.9,3,1551696002662,16230089,1373
2019-03-04 10:40:02.662,0.1,sell,3682.02,BTC-29MAR19-4000-C,54.0,0.0245,0.1,2,1551696002662,16230088,1372
2019-03-04 11:16:22.732,0.1,sell,3698.78,BTC-29MAR19-4000-C,53.65,0.0255,0.1,0,1551698182732,16232819,1374
2019-03-04 11:16:22.732,10.0,sell,3698.78,BTC-29MAR19-4000-C,53.65,0.0255,10.0,1,1551698182732,16232820,1375
2019-03-04 11:16:22.732,12.0,sell,3698.78,BTC-29MAR19-4000-C,53.65,0.0255,12.0,1,1551698182732,16232821,1376
2019-03-04 11:16:22.876,12.0,buy,3698.78,BTC-29MAR19-4000-C,53.65,0.0255,12.0,1,1551698182876,16232822,1377
2019-03-04 11:16:22.956,10.0,buy,3698.78,BTC-29MAR19-4000-C,53.65,0.0255,10.0,1,1551698182956,16232823,1378
2019-03-04 11:16:23.325,5.9,buy,3698.78,BTC-29MAR19-4000-C,53.65,0.0255,5.9,1,1551698183325,16232824,1379
2019-03-04 11:17:53.779,0.1,buy,3708.85,BTC-29MAR19-4000-C,53.09,0.0255,0.1,1,1551698273779,16233204,1380
2019-03-04 11:17:54.313,0.1,buy,3708.85,BTC-29MAR19-4000-C,53.09,0.0255,0.1,1,1551698274313,16233214,1381
2019-03-04 11:17:54.914,0.1,buy,3710.31,BTC-29MAR19-4000-C,52.79,0.0255,0.1,1,1551698274914,16233228,1382
2019-03-04 11:17:55.526,0.1,buy,3710.31,BTC-29MAR19-4000-C,52.79,0.0255,0.1,1,1551698275526,16233239,1383
2019-03-04 11:17:56.396,5.4,buy,3710.26,BTC-29MAR19-4000-C,52.8,0.0255,5.4,1,1551698276396,16233258,1384
2019-03-04 11:18:00.874,2.6,buy,3711.65,BTC-29MAR19-4000-C,52.69,0.0255,2.6,1,1551698280874,16233319,1385
2019-03-04 11:18:05.451,11.8,buy,3713.97,BTC-29MAR19-4000-C,52.46,0.0255,11.8,1,1551698285451,16233349,1386
2019-03-04 11:22:08.327,0.3,buy,3703.04,BTC-29MAR19-4000-C,53.37,0.0255,0.3,1,1551698528327,16233847,1387
2019-03-04 11:27:30.585,5.0,sell,3703.32,BTC-29MAR19-4000-C,53.43,0.0255,5.0,1,1551698850585,16233931,1388
2019-03-04 11:27:32.906,0.3,buy,3703.31,BTC-29MAR19-4000-C,53.43,0.0255,0.3,1,1551698852906,16233932,1389
2019-03-04 12:06:00.255,4.7,sell,3706.46,BTC-29MAR19-4000-C,52.8,0.0255,4.7,1,1551701160255,16234688,1391
2019-03-04 12:06:00.255,0.3,sell,3706.46,BTC-29MAR19-4000-C,52.25,0.025,0.3,2,1551701160255,16234689,1392
2019-03-04 12:06:00.255,5.0,sell,3706.46,BTC-29MAR19-4000-C,52.8,0.0255,5.0,1,1551701160255,16234687,1390
2019-03-04 12:17:59.215,3.0,sell,3702.51,BTC-29MAR19-4000-C,51.93,0.0245,3.0,2,1551701879215,16234862,1393
2019-03-04 12:22:30.954,1.0,sell,3705.09,BTC-29MAR19-4000-C,52.97,0.0255,1.0,0,1551702150954,16234929,1394
2019-03-04 14:54:22.407,2.0,sell,3707.4,BTC-29MAR19-4000-C,53.56,0.026000000000000002,2.0,0,1551711262407,16237611,1395
2019-03-04 17:06:48.857,10.0,sell,3714.32,BTC-29MAR19-4000-C,52.6,0.0255,10.0,2,1551719208857,16240211,1396
2019-03-04 17:06:49.042,10.0,buy,3714.32,BTC-29MAR19-4000-C,52.6,0.0255,10.0,3,1551719209042,16240216,1397
2019-03-04 17:06:56.008,2.2,buy,3714.51,BTC-29MAR19-4000-C,52.58,0.0255,2.2,3,1551719216008,16240238,1398
2019-03-04 17:52:28.020,10.0,buy,3718.9,BTC-29MAR19-4000-C,53.97,0.027000000000000003,10.0,0,1551721948020,16240518,1399
2019-03-04 17:55:45.219,4.0,buy,3719.3,BTC-29MAR19-4000-C,54.53,0.0275,4.0,1,1551722145219,16240543,1401
2019-03-04 17:55:45.219,0.1,buy,3719.3,BTC-29MAR19-4000-C,54.53,0.0275,0.1,0,1551722145219,16240542,1400
2019-03-04 17:55:45.219,2.9,buy,3719.3,BTC-29MAR19-4000-C,54.53,0.0275,2.9,1,1551722145219,16240544,1402
2019-03-04 17:56:16.537,1.0,buy,3719.16,BTC-29MAR19-4000-C,54.54,0.0275,1.0,1,1551722176537,16240546,1403
2019-03-04 17:57:44.924,10.0,buy,3719.19,BTC-29MAR19-4000-C,54.44,0.0275,10.0,1,1551722264924,16240560,1404
2019-03-04 18:35:50.664,1.0,sell,3709.42,BTC-29MAR19-4000-C,52.7,0.025,1.0,2,1551724550664,16242083,1405
2019-03-04 20:35:35.521,1.7,buy,3714.95,BTC-29MAR19-4000-C,53.86,0.0265,1.7,0,1551731735521,16243257,1406
2019-03-05 00:44:40.562,0.1,sell,3703.03,BTC-29MAR19-4000-C,54.63,0.0265,0.1,1,1551746680562,16246795,1407
2019-03-05 00:44:40.639,0.1,sell,3702.61,BTC-29MAR19-4000-C,54.63,0.0265,0.1,1,1551746680639,16246796,1408
2019-03-05 00:44:41.835,0.1,sell,3702.38,BTC-29MAR19-4000-C,54.68,0.0265,0.1,1,1551746681835,16246804,1409
2019-03-05 01:55:02.534,3.7,sell,3698.7,BTC-29MAR19-4000-C,55.17,0.0265,3.7,1,1551750902534,16247333,1410
2019-03-05 03:38:07.416,0.5,sell,3695.71,BTC-29MAR19-4000-C,53.39,0.025,0.5,2,1551757087416,16248437,1411
2019-03-05 03:38:12.580,0.5,buy,3695.7,BTC-29MAR19-4000-C,53.39,0.025,0.5,3,1551757092580,16248444,1412
2019-03-05 03:38:25.445,12.2,buy,3695.7,BTC-29MAR19-4000-C,53.39,0.025,12.2,3,1551757105445,16248446,1413
2019-03-05 03:48:15.651,0.8,buy,3694.96,BTC-29MAR19-4000-C,53.51,0.025,0.8,3,1551757695651,16248589,1414
2019-03-05 03:57:02.508,9.0,sell,3695.53,BTC-29MAR19-4000-C,53.05,0.0245,9.0,2,1551758222508,16248641,1415
2019-03-05 04:09:47.325,1.0,buy,3700.11,BTC-29MAR19-4000-C,53.28,0.025,1.0,0,1551758987325,16248850,1416
2019-03-05 04:09:47.325,0.5,buy,3700.11,BTC-29MAR19-4000-C,53.28,0.025,0.5,1,1551758987325,16248851,1417
2019-03-05 04:09:50.513,0.5,sell,3699.74,BTC-29MAR19-4000-C,53.31,0.025,0.5,1,1551758990513,16248852,1418
2019-03-05 06:27:09.849,4.0,buy,3710.11,BTC-29MAR19-4000-C,55.06,0.0275,4.0,1,1551767229849,16250065,1420
2019-03-05 06:27:09.849,11.6,buy,3710.11,BTC-29MAR19-4000-C,55.6,0.028,11.6,1,1551767229849,16250068,1423
2019-03-05 06:27:09.849,0.1,buy,3710.11,BTC-29MAR19-4000-C,55.06,0.0275,0.1,0,1551767229849,16250064,1419
2019-03-05 06:27:09.849,10.0,buy,3710.11,BTC-29MAR19-4000-C,55.6,0.028,10.0,1,1551767229849,16250067,1422
2019-03-05 06:27:09.849,0.1,buy,3710.11,BTC-29MAR19-4000-C,55.6,0.028,0.1,0,1551767229849,16250066,1421
2019-03-05 06:27:19.429,4.0,buy,3710.11,BTC-29MAR19-4000-C,55.59,0.028,4.0,1,1551767239429,16250071,1425
2019-03-05 06:27:19.429,0.1,buy,3710.11,BTC-29MAR19-4000-C,55.59,0.028,0.1,1,1551767239429,16250070,1424
2019-03-05 06:27:19.595,0.2,sell,3710.11,BTC-29MAR19-4000-C,55.59,0.028,0.2,1,1551767239595,16250072,1426
2019-03-05 06:27:19.598,10.0,sell,3710.11,BTC-29MAR19-4000-C,55.59,0.028,10.0,1,1551767239598,16250073,1427
2019-03-05 06:27:51.642,0.5,sell,3710.11,BTC-29MAR19-4000-C,55.58,0.028,0.5,1,1551767271642,16250094,1429
2019-03-05 06:27:51.642,1.5,sell,3710.11,BTC-29MAR19-4000-C,55.58,0.028,1.5,1,1551767271642,16250093,1428
2019-03-05 06:27:57.507,0.1,buy,3710.11,BTC-29MAR19-4000-C,55.58,0.028,0.1,1,1551767277507,16250097,1430
2019-03-05 06:28:22.618,0.4,sell,3710.11,BTC-29MAR19-4000-C,55.58,0.028,0.4,1,1551767302618,16250105,1431
2019-03-05 06:28:33.090,0.5,sell,3710.11,BTC-29MAR19-4000-C,55.58,0.028,0.5,1,1551767313090,16250108,1432
2019-03-05 06:34:22.960,11.0,buy,3710.16,BTC-29MAR19-4000-C,56.12,0.0285,11.0,1,1551767662960,16250169,1435
2019-03-05 06:34:22.960,4.0,buy,3710.16,BTC-29MAR19-4000-C,56.12,0.0285,4.0,1,1551767662960,16250168,1434
2019-03-05 06:34:22.960,10.0,buy,3710.16,BTC-29MAR19-4000-C,56.12,0.0285,10.0,0,1551767662960,16250167,1433
2019-03-05 06:39:18.238,10.0,buy,3710.86,BTC-29MAR19-4000-C,55.59,0.028,10.0,2,1551767958238,16250267,1436
2019-03-05 06:39:18.238,0.5,buy,3710.86,BTC-29MAR19-4000-C,55.59,0.028,0.5,3,1551767958238,16250268,1437
2019-03-05 11:30:06.124,5.0,sell,3721.91,BTC-29MAR19-4000-C,52.05,0.0255,5.0,3,1551785406124,16254550,1439
2019-03-05 11:30:06.124,0.1,sell,3721.91,BTC-29MAR19-4000-C,52.05,0.0255,0.1,3,1551785406124,16254551,1440
2019-03-05 11:30:06.124,11.4,sell,3721.91,BTC-29MAR19-4000-C,52.05,0.0255,11.4,3,1551785406124,16254552,1441
2019-03-05 11:30:06.124,4.0,sell,3721.91,BTC-29MAR19-4000-C,52.05,0.0255,4.0,2,1551785406124,16254549,1438
2019-03-05 11:30:06.169,10.0,buy,3721.91,BTC-29MAR19-4000-C,52.05,0.0255,10.0,3,1551785406169,16254553,1442
2019-03-05 11:30:06.171,0.1,buy,3721.91,BTC-29MAR19-4000-C,52.05,0.0255,0.1,3,1551785406171,16254554,1443
2019-03-05 11:30:06.229,0.1,buy,3721.91,BTC-29MAR19-4000-C,52.05,0.0255,0.1,3,1551785406229,16254555,1444
2019-03-05 11:33:21.846,4.0,sell,3721.29,BTC-29MAR19-4000-C,51.67,0.025,4.0,2,1551785601846,16254582,1445
2019-03-05 11:33:21.846,11.6,sell,3721.29,BTC-29MAR19-4000-C,51.67,0.025,11.6,3,1551785601846,16254583,1446
2019-03-05 11:33:21.849,3.7,buy,3721.29,BTC-29MAR19-4000-C,51.67,0.025,3.7,3,1551785601849,16254584,1447
2019-03-05 11:58:21.718,5.9,sell,3725.16,BTC-29MAR19-4000-C,51.45,0.025,5.9,3,1551787101718,16254798,1448
2019-03-05 11:58:21.720,5.5,buy,3725.16,BTC-29MAR19-4000-C,51.45,0.025,5.5,3,1551787101720,16254799,1449
2019-03-05 11:58:21.873,0.1,buy,3725.16,BTC-29MAR19-4000-C,51.46,0.025,0.1,3,1551787101873,16254800,1450
2019-03-05 11:58:21.936,0.1,buy,3725.16,BTC-29MAR19-4000-C,51.46,0.025,0.1,3,1551787101936,16254801,1451
2019-03-05 11:58:22.035,0.1,buy,3725.16,BTC-29MAR19-4000-C,51.46,0.025,0.1,3,1551787102035,16254802,1452
