date_utc,amount,direction,indexPrice,instrument,iv,price,quantity,tickDirection,timeStamp,tradeId,tradeSeq
2019-02-21 10:50:15.657,0.1,buy,3891.17,BTC-1MAR19-3875-P,53.92,0.0295,0.1,1,1550746215657,15739105,1
2019-02-21 10:50:16.197,0.1,buy,3891.17,BTC-1MAR19-3875-P,53.92,0.0295,0.1,1,1550746216197,15739106,2
2019-02-21 10:50:16.981,0.1,buy,3891.17,BTC-1MAR19-3875-P,53.92,0.0295,0.1,1,1550746216981,15739108,3
2019-02-21 10:50:17.971,0.1,buy,3891.17,BTC-1MAR19-3875-P,53.92,0.0295,0.1,1,1550746217971,15739111,4
2019-02-21 10:50:18.870,0.1,buy,3891.17,BTC-1MAR19-3875-P,53.92,0.0295,0.1,1,1550746218870,15739112,5
2019-02-21 10:50:19.838,0.1,buy,3891.18,BTC-1MAR19-3875-P,53.92,0.0295,0.1,1,1550746219838,15739114,6
2019-02-21 10:50:20.726,0.1,buy,3891.31,BTC-1MAR19-3875-P,53.95,0.0295,0.1,1,1550746220726,15739116,7
2019-02-21 10:50:21.694,0.1,buy,3891.3,BTC-1MAR19-3875-P,53.94,0.0295,0.1,1,1550746221694,15739117,8
2019-02-21 10:50:22.672,0.1,buy,3891.66,BTC-1MAR19-3875-P,54.02,0.0295,0.1,1,1550746222672,15739119,9
2019-02-21 10:50:23.586,0.1,buy,3891.61,BTC-1MAR19-3875-P,54.01,0.0295,0.1,1,1550746223586,15739121,10
2019-02-21 10:50:24.551,0.1,buy,3891.61,BTC-1MAR19-3875-P,54.01,0.0295,0.1,1,1550746224551,15739122,11
2019-02-21 10:50:25.469,0.1,buy,3891.61,BTC-1MAR19-3875-P,54.01,0.0295,0.1,1,1550746225469,15739124,12
2019-02-21 10:50:26.475,0.1,buy,3891.61,BTC-1MAR19-3875-P,54.01,0.0295,0.1,1,1550746226475,15739126,13
2019-02-21 10:50:27.425,0.1,buy,3891.62,BTC-1MAR19-3875-P,54.01,0.0295,0.1,1,1550746227425,15739128,14
2019-02-21 10:50:29.271,0.1,buy,3891.73,BTC-1MAR19-3875-P,54.04,0.0295,0.1,1,1550746229271,15739130,15
2019-02-21 10:50:30.236,0.1,buy,3891.73,BTC-1MAR19-3875-P,54.04,0.0295,0.1,1,1550746230236,15739131,16
2019-02-21 10:50:31.228,0.1,buy,3891.73,BTC-1MAR19-3875-P,54.04,0.0295,0.1,1,1550746231228,15739132,17
2019-02-21 10:50:32.074,0.1,buy,3892.61,BTC-1MAR19-3875-P,54.23,0.0295,0.1,1,1550746232074,15739134,18
2019-02-21 10:50:33.039,0.1,buy,3892.61,BTC-1MAR19-3875-P,54.23,0.0295,0.1,1,1550746233039,15739135,19
2019-02-21 10:50:33.970,0.1,buy,3892.61,BTC-1MAR19-3875-P,54.23,0.0295,0.1,1,1550746233970,15739155,20
2019-02-21 10:50:34.964,0.1,buy,3892.61,BTC-1MAR19-3875-P,54.23,0.0295,0.1,1,1550746234964,15739156,21
2019-02-21 10:50:37.049,0.1,buy,3892.78,BTC-1MAR19-3875-P,54.27,0.0295,0.1,1,1550746237049,15739157,22
2019-02-21 10:50:37.813,0.1,buy,3892.78,BTC-1MAR19-3875-P,54.27,0.0295,0.1,1,1550746237813,15739159,23
2019-02-21 10:50:38.698,0.1,buy,3892.78,BTC-1MAR19-3875-P,54.27,0.0295,0.1,1,1550746238698,15739160,24
2019-02-21 10:50:39.585,0.1,buy,3892.79,BTC-1MAR19-3875-P,54.27,0.0295,0.1,1,1550746239585,15739161,25
2019-02-21 10:50:40.396,0.1,buy,3892.79,BTC-1MAR19-3875-P,54.27,0.0295,0.1,1,1550746240396,15739162,26
2019-02-21 11:04:34.266,0.1,sell,3897.09,BTC-1MAR19-3875-P,53.51,0.0285,0.1,2,1550747074266,15739320,27
2019-02-21 11:04:41.481,0.1,sell,3896.52,BTC-1MAR19-3875-P,53.39,0.0285,0.1,3,1550747081481,15739324,28
2019-02-21 11:05:33.814,0.1,sell,3896.52,BTC-1MAR19-3875-P,52.53,0.028,0.1,2,1550747133814,15739347,29
2019-02-21 11:57:05.250,0.1,sell,3891.91,BTC-1MAR19-3875-P,51.66,0.028,0.1,3,1550750225250,15741749,30
2019-02-21 12:52:58.887,0.2,sell,3894.91,BTC-1MAR19-3875-P,53.3,0.0285,0.2,0,1550753578887,15743103,31
2019-02-21 22:47:47.582,5.0,sell,3889.45,BTC-1MAR19-3875-P,50.01,0.0265,5.0,2,1550789267582,15750849,32
2019-02-21 23:39:00.082,1.0,sell,3891.03,BTC-1MAR19-3875-P,49.6,0.026000000000000002,1.0,2,1550792340082,15751369,33
2019-02-22 00:14:08.750,4.4,sell,3903.18,BTC-1MAR19-3875-P,48.78,0.024,4.4,2,1550794448750,15752305,34
2019-02-22 00:14:08.750,10.0,sell,3903.18,BTC-1MAR19-3875-P,48.78,0.024,10.0,3,1550794448750,15752306,35
2019-02-22 00:18:49.010,1.0,sell,3904.3,BTC-1MAR19-3875-P,48.13,0.0235,1.0,2,1550794729010,15752397,36
2019-02-22 00:19:23.111,1.0,sell,3904.33,BTC-1MAR19-3875-P,48.14,0.0235,1.0,3,1550794763111,15752410,37
2019-02-22 00:20:19.197,0.5,buy,3901.03,BTC-1MAR19-3875-P,50.11,0.025,0.5,0,1550794819197,15752455,38
2019-02-22 00:21:12.535,0.5,buy,3901.54,BTC-1MAR19-3875-P,50.23,0.025,0.5,1,1550794872535,15752472,39
2019-02-22 02:12:30.956,3.0,sell,3915.9,BTC-1MAR19-3875-P,49.04,0.0225,3.0,2,1550801550956,15753865,40
2019-02-22 02:12:44.816,4.0,buy,3916.46,BTC-1MAR19-3875-P,50.06,0.023,4.0,0,1550801564816,15753870,41
2019-02-22 02:12:44.816,5.0,buy,3916.46,BTC-1MAR19-3875-P,50.06,0.023,5.0,1,1550801564816,15753871,42
2019-02-22 02:19:09.875,1.4,sell,3915.19,BTC-1MAR19-3875-P,48.0,0.022000000000000002,1.4,2,1550801949875,15753942,43
2019-02-22 03:09:57.076,10.0,sell,3915.3,BTC-1MAR19-3875-P,47.23,0.0215,10.0,2,1550804997076,15754966,44
2019-02-22 07:05:19.562,4.0,buy,3903.44,BTC-1MAR19-3875-P,48.9,0.0235,4.0,0,1550819119562,15757667,45
2019-02-22 08:12:14.820,1.6,sell,3890.96,BTC-1MAR19-3875-P,48.1,0.0245,1.6,0,1550823134820,15760407,46
2019-02-22 08:12:41.164,0.6,sell,3891.2,BTC-1MAR19-3875-P,48.16,0.0245,0.6,1,1550823161164,15760417,47
2019-02-22 08:15:17.241,0.6,sell,3891.71,BTC-1MAR19-3875-P,48.28,0.0245,0.6,1,1550823317241,15760460,48
2019-02-22 08:16:56.654,1.0,sell,3893.52,BTC-1MAR19-3875-P,47.78,0.024,1.0,2,1550823416654,15760496,49
2019-02-22 08:17:48.865,1.0,sell,3894.79,BTC-1MAR19-3875-P,48.07,0.024,1.0,3,1550823468865,15760536,50
2019-02-22 08:39:03.765,0.3,buy,3917.06,BTC-1MAR19-3875-P,48.37,0.0215,0.3,2,1550824743765,15763021,51
2019-02-22 08:39:03.765,0.5,buy,3917.06,BTC-1MAR19-3875-P,48.37,0.0215,0.5,3,1550824743765,15763022,52
2019-02-22 09:21:56.366,5.0,sell,3921.68,BTC-1MAR19-3875-P,51.3,0.0225,5.0,0,1550827316366,15765266,53
2019-02-22 09:59:25.437,0.2,sell,3926.25,BTC-1MAR19-3875-P,52.34,0.0225,0.2,1,1550829565437,15766228,54
2019-02-22 11:02:44.931,0.3,buy,3921.42,BTC-1MAR19-3875-P,54.3,0.024,0.3,0,1550833364931,15767447,55
2019-02-22 11:02:44.950,5.9,sell,3921.42,BTC-1MAR19-3875-P,55.23,0.0245,5.9,0,1550833364950,15767448,56
2019-02-22 11:04:19.844,0.5,sell,3921.58,BTC-1MAR19-3875-P,53.4,0.0235,0.5,2,1550833459844,15767485,57
2019-02-22 11:21:19.904,0.2,sell,3923.22,BTC-1MAR19-3875-P,52.86,0.023,0.2,2,1550834479904,15767650,58
2019-02-22 11:27:03.738,0.1,sell,3922.68,BTC-1MAR19-3875-P,52.76,0.023,0.1,3,1550834823738,15768016,59
2019-02-22 11:30:46.614,2.0,sell,3922.47,BTC-1MAR19-3875-P,52.73,0.023,2.0,3,1550835046614,15768102,60
2019-02-22 15:05:59.618,0.2,sell,3942.59,BTC-1MAR19-3875-P,51.75,0.02,0.2,2,1550847959618,15778939,61
2019-02-22 15:05:59.618,4.3,sell,3942.59,BTC-1MAR19-3875-P,51.75,0.02,4.3,3,1550847959618,15778940,62
2019-02-22 15:13:52.261,2.4,sell,3939.87,BTC-1MAR19-3875-P,51.22,0.02,2.4,3,1550848432261,15779215,63
2019-02-22 15:36:55.962,1.0,buy,3921.44,BTC-1MAR19-3875-P,52.24,0.0225,1.0,0,1550849815962,15781829,64
2019-02-22 20:28:43.867,1.0,buy,3935.25,BTC-1MAR19-3875-P,54.05,0.0215,1.0,2,1550867323867,15787256,65
2019-02-22 21:01:44.188,3.9,sell,3930.14,BTC-1MAR19-3875-P,51.13,0.0205,3.9,2,1550869304188,15787443,66
2019-02-22 21:19:49.843,2.0,sell,3935.61,BTC-1MAR19-3875-P,48.42,0.0185,2.0,2,1550870389843,15787675,67
2019-02-23 03:36:06.724,0.1,buy,3937.92,BTC-1MAR19-3875-P,53.91,0.0205,0.1,0,1550892966724,15793205,68
2019-02-23 08:27:26.646,0.1,sell,3927.12,BTC-1MAR19-3875-P,50.45,0.0195,0.1,2,1550910446646,15797648,69
2019-02-23 15:19:58.387,1.0,buy,3927.5,BTC-1MAR19-3875-P,52.83,0.02,1.0,0,1550935198387,15804346,70
2019-02-23 15:25:38.180,5.0,buy,3921.47,BTC-1MAR19-3875-P,52.51,0.0205,5.0,0,1550935538180,15804626,71
2019-02-23 17:05:20.172,5.0,sell,3964.89,BTC-1MAR19-3875-P,52.65,0.016,5.0,2,1550941520172,15809483,72
2019-02-23 17:08:08.592,0.1,sell,4017.64,BTC-1MAR19-3875-P,51.05,0.011000000000000001,0.1,2,1550941688592,15812147,73
2019-02-23 17:37:18.802,0.5,sell,4029.62,BTC-1MAR19-3875-P,51.95,0.0105,0.5,2,1550943438802,15822222,74
2019-02-23 17:46:48.058,1.0,sell,4049.84,BTC-1MAR19-3875-P,51.44,0.009000000000000001,1.0,2,1550944008058,15824990,75
2019-02-23 18:00:24.294,0.2,buy,4093.88,BTC-1MAR19-3875-P,58.28,0.009000000000000001,0.2,3,1550944824294,15829949,76
2019-02-23 18:00:47.578,0.3,sell,4094.48,BTC-1MAR19-3875-P,52.61,0.006999999999999999,0.3,2,1550944847578,15830123,77
2019-02-23 18:00:56.510,0.1,sell,4094.6,BTC-1MAR19-3875-P,52.63,0.006999999999999999,0.1,3,1550944856510,15830146,78
2019-02-23 18:08:08.031,3.0,buy,4109.11,BTC-1MAR19-3875-P,59.15,0.0085,3.0,0,1550945288031,15833966,79
2019-02-23 18:10:27.937,1.6,buy,4093.43,BTC-1MAR19-3875-P,58.25,0.009000000000000001,1.6,0,1550945427937,15834752,80
2019-02-23 18:15:45.130,5.1000000000000005,buy,4100.75,BTC-1MAR19-3875-P,59.37,0.009,5.1000000000000005,1,1550945745130,15835569,81
2019-02-23 18:32:00.292,0.2,sell,4089.0,BTC-1MAR19-3875-P,54.84,0.008,0.2,2,1550946720292,15837506,82
