date_utc,amount,direction,indexPrice,instrument,iv,price,quantity,tickDirection,timeStamp,tradeId,tradeSeq
2019-05-11 07:10:36.145,1.0,buy,6794.72,BTC-24MAY19-8000-C,78.48,0.011000000000000001,1.0,1,1557558636145,19521103,1
2019-05-11 14:41:27.333,58.9,buy,6783.75,BTC-24MAY19-8000-C,87.54,0.0145,58.9,0,1557585687333,19574406,2
2019-05-11 14:41:27.337,25.0,sell,6783.75,BTC-24MAY19-8000-C,87.54,0.0145,25.0,1,1557585687337,19574407,3
2019-05-11 14:42:01.957,16.1,sell,6787.77,BTC-24MAY19-8000-C,87.34,0.0145,16.1,1,1557585721957,19574518,4
2019-05-11 15:25:15.315,25.0,sell,6854.4,BTC-24MAY19-8000-C,88.11,0.0165,25.0,0,1557588315315,19579861,5
2019-05-11 15:36:14.847,24.0,buy,6871.11,BTC-24MAY19-8000-C,89.2,0.0175,24.0,0,1557588974847,19582967,6
2019-05-11 15:36:14.847,5.0,buy,6871.11,BTC-24MAY19-8000-C,89.2,0.0175,5.0,1,1557588974847,19582968,7
2019-05-11 15:36:55.143,25.0,sell,6868.25,BTC-24MAY19-8000-C,89.35,0.0175,25.0,1,1557589015143,19583090,8
2019-05-11 15:37:08.249,25.0,sell,6863.77,BTC-24MAY19-8000-C,89.58,0.0175,25.0,1,1557589028249,19583120,9
2019-05-11 15:37:09.042,5.0,sell,6863.39,BTC-24MAY19-8000-C,89.6,0.0175,5.0,1,1557589029042,19583138,10
2019-05-11 16:22:24.271,10.0,buy,6988.94,BTC-24MAY19-8000-C,93.0,0.023,10.0,0,1557591744271,19601811,11
2019-05-11 22:05:43.890,0.1,buy,7218.89,BTC-24MAY19-8000-C,81.17,0.023,0.1,1,1557612343890,19653001,12
2019-05-11 22:35:39.962,3.0,buy,7335.09,BTC-24MAY19-8000-C,90.05,0.033,3.0,0,1557614139962,19674833,13
2019-05-11 22:48:29.013,9.6,sell,7224.72,BTC-24MAY19-8000-C,92.09,0.03,9.6,2,1557614909013,19685430,14
2019-05-11 23:11:13.153,0.4,sell,7388.37,BTC-24MAY19-8000-C,94.24,0.038,0.4,0,1557616273153,19696278,15
2019-05-12 00:32:00.517,2.0,sell,7106.88,BTC-24MAY19-8000-C,102.41,0.032,2.0,2,1557621120517,19746232,16
2019-05-12 04:14:25.982,0.5,sell,7209.37,BTC-24MAY19-8000-C,109.19,0.04,0.5,0,1557634465982,19803363,17
2019-05-12 06:10:20.341,0.1,buy,7331.37,BTC-24MAY19-8000-C,106.35,0.043,0.1,0,1557641420341,19818647,18
2019-05-12 09:52:31.717,0.1,sell,7342.08,BTC-24MAY19-8000-C,101.91,0.04,0.1,2,1557654751717,19892196,19
2019-05-12 12:45:14.602,3.0,sell,7120.73,BTC-24MAY19-8000-C,95.61,0.027000000000000003,3.0,2,1557665114602,19967712,20
2019-05-12 13:45:20.956,0.1,buy,7194.48,BTC-24MAY19-8000-C,97.91,0.031,0.1,0,1557668720956,19976545,21
2019-05-13 15:08:43.348,3.1,buy,7673.95,BTC-24MAY19-8000-C,91.12,0.0445,3.1,0,1557760123348,20208576,22
2019-05-13 15:14:06.863,10.0,buy,7891.84,BTC-24MAY19-8000-C,94.07,0.057999999999999996,10.0,0,1557760446863,20219154,23
2019-05-13 15:15:24.085,12.0,sell,7821.48,BTC-24MAY19-8000-C,101.94,0.0595,12.0,0,1557760524085,20222143,24
2019-05-13 15:37:15.842,5.0,buy,7814.63,BTC-24MAY19-8000-C,108.42,0.0635,5.0,0,1557761835842,20237773,25
2019-05-13 15:43:47.456,0.5,sell,7741.22,BTC-24MAY19-8000-C,93.58,0.0495,0.5,2,1557762227456,20242802,26
2019-05-13 15:58:35.870,0.2,buy,7849.6,BTC-24MAY19-8000-C,110.83,0.067,0.2,0,1557763115870,20247548,27
2019-05-13 16:08:14.208,10.1,sell,7877.44,BTC-24MAY19-8000-C,109.35,0.0675,10.1,0,1557763694208,20252625,28
2019-05-13 16:08:14.906,0.7000000000000001,sell,7877.44,BTC-24MAY19-8000-C,109.35,0.0675,0.7000000000000001,1,1557763694906,20252641,29
2019-05-13 16:08:15.510,0.8,sell,7877.19,BTC-24MAY19-8000-C,109.37,0.0675,0.8,1,1557763695510,20252703,30
2019-05-13 16:13:06.122,1.0,sell,7830.0,BTC-24MAY19-8000-C,106.59,0.063,1.0,2,1557763986122,20255560,31
2019-05-13 19:29:24.833,0.1,buy,7900.04,BTC-24MAY19-8000-C,105.26,0.0655,0.1,0,1557775764833,20296991,32
2019-05-13 21:08:44.125,1.0,buy,7924.87,BTC-24MAY19-8000-C,106.5,0.0675,1.0,0,1557781724125,20310670,33
2019-05-13 21:15:05.671,1.0,buy,7969.44,BTC-24MAY19-8000-C,106.47,0.07,1.0,0,1557782105671,20311809,34
2019-05-13 22:10:35.349,5.0,sell,8115.34,BTC-24MAY19-8000-C,108.04,0.0795,5.0,0,1557785435349,20333584,35
2019-05-14 04:47:15.295,0.1,buy,8005.08,BTC-24MAY19-8000-C,120.86,0.0805,0.1,0,1557809235295,20417081,36
2019-05-14 08:07:47.164,0.2,buy,8255.05,BTC-24MAY19-8000-C,107.02,0.086,0.2,0,1557821267164,20463995,37
2019-05-14 10:50:30.411,0.1,buy,8047.52,BTC-24MAY19-8000-C,110.17,0.075,0.1,2,1557831030411,20503961,38
2019-05-14 16:21:27.211,0.2,sell,7914.55,BTC-24MAY19-8000-C,106.33,0.064,0.2,2,1557850887211,20556301,39
2019-05-14 16:26:31.934,0.1,sell,7926.0,BTC-24MAY19-8000-C,106.9,0.065,0.1,0,1557851191934,20557170,40
2019-05-14 16:31:27.161,0.1,sell,7948.17,BTC-24MAY19-8000-C,106.51,0.066,0.1,0,1557851487161,20557871,41
2019-05-14 16:31:49.901,0.4,sell,7949.62,BTC-24MAY19-8000-C,107.16,0.0665,0.4,0,1557851509901,20557896,42
2019-05-14 16:32:52.316,0.1,sell,7970.59,BTC-24MAY19-8000-C,105.3,0.0665,0.1,1,1557851572316,20558035,43
2019-05-14 16:33:03.666,0.1,buy,7971.36,BTC-24MAY19-8000-C,107.55,0.068,0.1,0,1557851583666,20558044,44
2019-05-14 16:33:19.443,0.1,sell,7972.63,BTC-24MAY19-8000-C,105.12,0.0665,0.1,2,1557851599443,20558057,45
2019-05-14 16:34:46.220,0.1,buy,7976.92,BTC-24MAY19-8000-C,108.61,0.069,0.1,0,1557851686220,20558155,46
2019-05-14 16:34:59.325,0.1,sell,7978.85,BTC-24MAY19-8000-C,104.58,0.0665,0.1,2,1557851699325,20558167,47
2019-05-14 16:35:59.193,0.1,sell,7983.23,BTC-24MAY19-8000-C,104.96,0.067,0.1,0,1557851759193,20558358,48
2019-05-14 16:38:15.348,0.2,buy,7979.61,BTC-24MAY19-8000-C,106.07,0.0675,0.2,0,1557851895348,20558597,49
2019-05-14 16:47:30.120,0.2,sell,7963.68,BTC-24MAY19-8000-C,105.2,0.066,0.2,2,1557852450120,20559659,50
2019-05-14 16:51:56.624,0.1,buy,8001.82,BTC-24MAY19-8000-C,106.45,0.069,0.1,0,1557852716624,20560057,51
2019-05-14 16:52:10.946,0.2,buy,8022.99,BTC-24MAY19-8000-C,106.08,0.07,0.2,0,1557852730946,20560344,52
2019-05-14 17:21:06.740,0.1,buy,8030.11,BTC-24MAY19-8000-C,108.65,0.07200000000000001,0.1,0,1557854466740,20564365,53
2019-05-14 17:22:27.099,0.1,buy,8048.62,BTC-24MAY19-8000-C,110.07,0.07400000000000001,0.1,0,1557854547099,20564695,54
2019-05-14 17:22:35.452,1.8,sell,8048.34,BTC-24MAY19-8000-C,110.1,0.07400000000000001,1.8,1,1557854555452,20564715,55
2019-05-14 17:58:21.277,0.2,sell,8036.18,BTC-24MAY19-8000-C,103.57,0.069,0.2,2,1557856701277,20570842,56
2019-05-14 17:59:32.182,0.2,sell,8045.61,BTC-24MAY19-8000-C,103.48,0.0695,0.2,0,1557856772182,20571323,57
2019-05-15 00:10:56.697,2.0,buy,8085.93,BTC-24MAY19-8000-C,101.88,0.07,2.0,0,1557879056697,20644229,58
2019-05-15 01:20:48.150,0.2,buy,8027.63,BTC-24MAY19-8000-C,118.72,0.077,0.2,0,1557883248150,20655873,61
2019-05-15 01:20:48.150,0.1,buy,8027.63,BTC-24MAY19-8000-C,113.98,0.07400000000000001,0.1,0,1557883248150,20655871,59
2019-05-15 01:20:48.150,0.1,buy,8027.63,BTC-24MAY19-8000-C,114.77,0.0745,0.1,0,1557883248150,20655872,60
2019-05-15 05:46:01.909,2.0,sell,8056.92,BTC-24MAY19-8000-C,102.76,0.068,2.0,2,1557899161909,20669984,62
2019-05-15 09:46:01.658,0.2,buy,8040.35,BTC-24MAY19-8000-C,101.27,0.0655,0.2,2,1557913561658,20688822,63
2019-05-15 11:10:39.767,3.0,buy,8108.13,BTC-24MAY19-8000-C,102.28,0.07,3.0,0,1557918639767,20699523,64
2019-05-15 12:25:16.770,0.9,buy,7962.16,BTC-24MAY19-8000-C,116.58,0.07,0.9,1,1557923116770,20708899,65
2019-05-15 16:03:21.348,4.0,sell,8067.45,BTC-24MAY19-8000-C,105.88,0.069,4.0,2,1557936201348,20733815,66
2019-05-15 16:53:26.954,1.0,sell,8008.3,BTC-24MAY19-8000-C,95.47,0.059000000000000004,1.0,2,1557939206954,20742122,67
2019-05-15 21:09:16.491,1.3,sell,8163.86,BTC-24MAY19-8000-C,95.61,0.068,1.3,0,1557954556491,20781212,68
2019-05-15 23:03:11.225,1.0,buy,8206.63,BTC-24MAY19-8000-C,106.75,0.077,1.0,0,1557961391225,20793200,69
2019-05-16 00:45:05.033,0.1,sell,8281.94,BTC-24MAY19-8000-C,93.62,0.07400000000000001,0.1,2,1557967505033,20813642,70
2019-05-16 00:53:12.458,0.2,buy,8367.86,BTC-24MAY19-8000-C,102.96,0.085,0.2,0,1557967992458,20817428,71
2019-05-16 04:35:39.123,1.0,sell,7986.19,BTC-24MAY19-8000-C,95.43,0.055999999999999994,1.0,2,1557981339123,20851073,72
2019-05-16 05:15:40.624,0.5,sell,8031.08,BTC-24MAY19-8000-C,96.17,0.059000000000000004,0.5,0,1557983740624,20867245,73
2019-05-16 06:37:01.501,0.4,buy,8073.47,BTC-24MAY19-8000-C,112.58,0.071,0.4,0,1557988621501,20877461,74
2019-05-16 07:00:43.888,8.8,buy,8123.46,BTC-24MAY19-8000-C,113.52,0.0745,8.8,0,1557990043888,20879488,75
2019-05-16 10:21:48.515,0.2,buy,7834.56,BTC-24MAY19-8000-C,114.84,0.057999999999999996,0.2,2,1558002108515,20906025,76
2019-05-16 10:21:54.586,8.8,sell,7835.76,BTC-24MAY19-8000-C,101.08,0.05,8.8,2,1558002114586,20906058,77
2019-05-16 10:22:01.313,0.2,buy,7839.1,BTC-24MAY19-8000-C,114.42,0.057999999999999996,0.2,0,1558002121313,20906103,78
2019-05-16 10:24:00.264,1.0,buy,7865.62,BTC-24MAY19-8000-C,102.58,0.0525,1.0,2,1558002240264,20906661,79
2019-05-16 15:28:11.803,0.5,buy,7959.67,BTC-24MAY19-8000-C,103.46,0.0575,0.5,0,1558020491803,20943505,80
2019-05-16 15:31:14.366,1.0,buy,7993.79,BTC-24MAY19-8000-C,101.77,0.0585,1.0,0,1558020674366,20943687,81
2019-05-16 15:34:20.779,1.0,buy,8012.79,BTC-24MAY19-8000-C,102.44,0.06,1.0,0,1558020860779,20944463,82
2019-05-16 16:57:50.481,0.2,sell,7939.96,BTC-24MAY19-8000-C,104.98,0.057,0.2,2,1558025870481,20954841,83
2019-05-16 18:11:03.687,0.5,sell,7952.1,BTC-24MAY19-8000-C,101.5,0.0555,0.5,2,1558030263687,20961412,84
2019-05-16 21:23:51.268,1.8,buy,7843.05,BTC-24MAY19-8000-C,107.86,0.0525,1.8,2,1558041831268,20985729,85
2019-05-16 21:39:55.187,0.5,sell,7912.54,BTC-24MAY19-8000-C,99.42,0.0515,0.5,2,1558042795187,20988548,86
2019-05-16 21:41:02.638,0.5,sell,7914.31,BTC-24MAY19-8000-C,99.25,0.0515,0.5,3,1558042862638,20988627,87
2019-05-16 21:50:39.900,0.3,buy,7931.06,BTC-24MAY19-8000-C,102.02,0.054000000000000006,0.3,0,1558043439900,20989653,88
2019-05-16 21:54:48.694,0.2,buy,7952.41,BTC-24MAY19-8000-C,101.65,0.055,0.2,0,1558043688694,20990719,89
2019-05-16 23:49:46.153,5.0,buy,7882.69,BTC-24MAY19-8000-C,104.75,0.0525,5.0,2,1558050586153,21001564,90
2019-05-17 00:46:32.838,0.1,sell,7918.95,BTC-24MAY19-8000-C,97.89,0.0505,0.1,2,1558053992838,21004888,91
2019-05-17 03:00:47.544,20.0,sell,7281.53,BTC-24MAY19-8000-C,118.32,0.031,20.0,2,1558062047544,21027627,92
2019-05-17 03:05:50.532,0.4,sell,7085.79,BTC-24MAY19-8000-C,54.74,0.002,0.4,2,1558062350532,21039456,94
2019-05-17 03:05:50.532,0.1,sell,7085.79,BTC-24MAY19-8000-C,89.83,0.012,0.1,2,1558062350532,21039455,93
2019-05-17 07:18:00.046,0.1,sell,7298.78,BTC-24MAY19-8000-C,106.09,0.025,0.1,0,1558077480046,21126525,95
2019-05-17 07:43:03.025,0.3,buy,7328.21,BTC-24MAY19-8000-C,109.14,0.0275,0.3,0,1558078983025,21128036,96
2019-05-17 07:43:49.449,0.1,buy,7338.15,BTC-24MAY19-8000-C,109.38,0.027999999999999997,0.1,1,1558079029449,21128237,98
2019-05-17 07:43:49.449,1.0,buy,7338.15,BTC-24MAY19-8000-C,109.38,0.027999999999999997,1.0,0,1558079029449,21128236,97
2019-05-17 08:02:09.548,0.1,sell,7291.42,BTC-24MAY19-8000-C,93.89,0.019,0.1,2,1558080129548,21130180,99
2019-05-17 08:02:52.641,0.5,sell,7287.15,BTC-24MAY19-8000-C,94.21,0.019,0.5,3,1558080172641,21130210,100
2019-05-17 08:03:19.908,0.4,sell,7280.14,BTC-24MAY19-8000-C,94.72,0.019,0.4,3,1558080199908,21130278,101
2019-05-17 08:03:19.908,0.1,sell,7280.14,BTC-24MAY19-8000-C,62.97,0.0065,0.1,2,1558080199908,21130279,102
2019-05-17 08:03:28.410,0.5,sell,7279.8,BTC-24MAY19-8000-C,62.99,0.0065,0.5,3,1558080208410,21130299,103
2019-05-17 08:28:23.982,2.0,sell,7255.15,BTC-24MAY19-8000-C,116.12,0.027999999999999997,2.0,0,1558081703982,21133509,104
2019-05-17 08:29:04.673,5.0,sell,7248.99,BTC-24MAY19-8000-C,116.61,0.027999999999999997,5.0,1,1558081744673,21133573,105
2019-05-17 08:32:07.292,3.0,sell,7250.91,BTC-24MAY19-8000-C,116.47,0.027999999999999997,3.0,1,1558081927292,21133823,106
2019-05-17 08:52:23.891,3.0,sell,7289.34,BTC-24MAY19-8000-C,109.42,0.026000000000000002,3.0,2,1558083143891,21135068,107
2019-05-17 10:29:16.407,1.5,sell,7190.22,BTC-24MAY19-8000-C,104.3,0.02,1.5,2,1558088956407,21141710,108
2019-05-17 11:11:20.776,0.1,buy,7221.66,BTC-24MAY19-8000-C,108.91,0.023,0.1,0,1558091480776,21149301,109
2019-05-17 12:29:31.740,0.2,buy,6954.89,BTC-24MAY19-8000-C,115.84,0.0175,0.2,2,1558096171740,21167505,110
2019-05-17 13:25:12.980,7.1000000000000005,buy,7111.66,BTC-24MAY19-8000-C,116.82,0.0225,7.1000000000000005,0,1558099512980,21176463,112
2019-05-17 13:25:12.980,2.9,buy,7111.66,BTC-24MAY19-8000-C,112.19,0.0205,2.9,0,1558099512980,21176462,111
2019-05-17 14:03:47.270,1.0,buy,7223.55,BTC-24MAY19-8000-C,107.5,0.022000000000000002,1.0,2,1558101827270,21180412,113
2019-05-17 14:06:59.288,2.0,buy,7244.68,BTC-24MAY19-8000-C,117.89,0.0275,2.0,0,1558102019288,21181399,114
2019-05-17 14:10:49.174,0.2,buy,7246.01,BTC-24MAY19-8000-C,119.94,0.0285,0.2,0,1558102249174,21181846,115
2019-05-17 15:11:37.930,0.2,buy,7178.49,BTC-24MAY19-8000-C,120.22,0.026000000000000002,0.2,2,1558105897930,21185903,116
2019-05-17 15:55:31.585,0.1,buy,7090.44,BTC-24MAY19-8000-C,106.14,0.017,0.1,2,1558108531585,21190651,117
2019-05-17 16:09:11.494,0.4,buy,7000.45,BTC-24MAY19-8000-C,113.91,0.0175,0.4,0,1558109351494,21193377,118
2019-05-17 16:20:56.916,1.0,sell,7147.69,BTC-24MAY19-8000-C,104.59,0.018000000000000002,1.0,0,1558110056916,21196071,119
2019-05-17 16:31:11.616,0.1,buy,7183.13,BTC-24MAY19-8000-C,109.1,0.021,0.1,0,1558110671616,21197204,120
2019-05-17 16:35:18.048,0.3,buy,7186.85,BTC-24MAY19-8000-C,116.77,0.0245,0.3,0,1558110918048,21197946,121
2019-05-17 17:43:47.077,10.0,sell,7070.87,BTC-24MAY19-8000-C,106.89,0.0165,10.0,2,1558115027077,21208732,122
2019-05-17 17:43:47.077,5.0,sell,7070.87,BTC-24MAY19-8000-C,106.89,0.0165,5.0,3,1558115027077,21208733,123
2019-05-17 17:44:23.977,5.4,sell,7071.51,BTC-24MAY19-8000-C,105.56,0.016,5.4,2,1558115063977,21208778,124
2019-05-17 17:45:11.457,9.0,sell,7063.23,BTC-24MAY19-8000-C,104.87,0.0155,9.0,3,1558115111457,21208826,126
2019-05-17 17:45:11.457,16.0,sell,7063.23,BTC-24MAY19-8000-C,104.87,0.0155,16.0,2,1558115111457,21208825,125
2019-05-17 17:45:47.341,5.0,sell,7050.46,BTC-24MAY19-8000-C,105.78,0.0155,5.0,3,1558115147341,21208931,128
2019-05-17 17:45:47.341,10.0,sell,7050.46,BTC-24MAY19-8000-C,105.78,0.0155,10.0,3,1558115147341,21208930,127
2019-05-17 17:51:07.722,2.0,sell,7039.59,BTC-24MAY19-8000-C,103.93,0.0145,2.0,3,1558115467722,21209670,132
2019-05-17 17:51:07.722,1.0,sell,7039.59,BTC-24MAY19-8000-C,103.93,0.0145,1.0,3,1558115467722,21209669,131
2019-05-17 17:51:07.722,10.0,sell,7039.59,BTC-24MAY19-8000-C,103.93,0.0145,10.0,3,1558115467722,21209668,130
2019-05-17 17:51:07.722,16.0,sell,7039.59,BTC-24MAY19-8000-C,103.93,0.0145,16.0,2,1558115467722,21209667,129
2019-05-17 17:54:39.245,1.0,sell,7022.73,BTC-24MAY19-8000-C,103.78,0.014,1.0,3,1558115679245,21209940,134
2019-05-17 17:54:39.245,16.0,sell,7022.73,BTC-24MAY19-8000-C,103.78,0.014,16.0,2,1558115679245,21209939,133
2019-05-17 17:55:01.944,16.0,sell,7015.25,BTC-24MAY19-8000-C,102.93,0.0135,16.0,2,1558115701944,21209986,135
2019-05-17 17:55:02.019,1.0,buy,7015.25,BTC-24MAY19-8000-C,102.93,0.0135,1.0,3,1558115702019,21209987,136
2019-05-17 17:55:43.153,16.0,sell,6992.38,BTC-24MAY19-8000-C,103.12,0.013,16.0,2,1558115743153,21210407,137
2019-05-17 17:58:11.463,2.0,sell,7045.2,BTC-24MAY19-8000-C,102.24,0.013999999999999999,2.0,1,1558115891463,21211353,139
2019-05-17 17:58:11.463,10.0,sell,7045.2,BTC-24MAY19-8000-C,102.24,0.013999999999999999,10.0,0,1558115891463,21211352,138
2019-05-17 18:09:02.728,10.0,buy,7070.47,BTC-24MAY19-8000-C,107.06,0.0165,10.0,0,1558116542728,21215224,140
2019-05-17 19:25:16.065,49.8,sell,7047.59,BTC-24MAY19-8000-C,105.22,0.015,49.8,2,1558121116065,21223010,142
2019-05-17 19:25:16.065,0.2,sell,7047.59,BTC-24MAY19-8000-C,107.84,0.016,0.2,2,1558121116065,21223009,141
2019-05-17 20:13:48.574,0.2,sell,7120.02,BTC-24MAY19-8000-C,101.64,0.0155,0.2,0,1558124028574,21228205,143
2019-05-17 21:03:00.938,10.0,buy,7141.88,BTC-24MAY19-8000-C,107.82,0.0185,10.0,0,1558126980938,21231260,144
2019-05-17 21:06:19.450,0.5,buy,7221.74,BTC-24MAY19-8000-C,110.06,0.022000000000000002,0.5,0,1558127179450,21232598,145
2019-05-17 21:06:22.415,3.1,sell,7218.22,BTC-24MAY19-8000-C,110.33,0.022000000000000002,3.1,1,1558127182415,21232603,146
2019-05-17 23:02:31.226,0.1,sell,7232.94,BTC-24MAY19-8000-C,104.05,0.0195,0.1,2,1558134151226,21244844,147
2019-05-17 23:33:19.370,1.0,sell,7355.17,BTC-24MAY19-8000-C,104.84,0.024,1.0,0,1558135999370,21246768,148
2019-05-18 00:03:09.208,0.5,buy,7408.49,BTC-24MAY19-8000-C,103.91,0.0255,0.5,0,1558137789208,21250362,149
2019-05-18 02:22:03.481,0.4,sell,7313.29,BTC-24MAY19-8000-C,104.72,0.022000000000000002,0.4,2,1558146123481,21260767,150
2019-05-18 06:27:46.597,0.1,buy,7414.6,BTC-24MAY19-8000-C,105.66,0.0255,0.1,0,1558160866597,21276129,151
2019-05-18 07:04:44.450,0.1,sell,7356.58,BTC-24MAY19-8000-C,97.09,0.0195,0.1,2,1558163084450,21278576,152
2019-05-18 07:45:34.172,0.1,sell,7343.79,BTC-24MAY19-8000-C,105.32,0.0225,0.1,0,1558165534172,21280852,153
2019-05-18 08:04:51.195,0.2,buy,7357.05,BTC-24MAY19-8000-C,100.89,0.021,0.2,2,1558166691195,21281817,154
2019-05-18 10:55:56.747,0.1,buy,7267.13,BTC-24MAY19-8000-C,103.16,0.0185,0.1,2,1558176956747,21294423,155
2019-05-18 11:08:50.679,5.0,buy,7339.35,BTC-24MAY19-8000-C,96.26,0.018000000000000002,5.0,2,1558177730679,21295193,156
2019-05-18 14:08:42.934,0.1,buy,7362.76,BTC-24MAY19-8000-C,97.83,0.019,0.1,0,1558188522934,21301331,157
2019-05-18 14:27:58.097,0.5,buy,7343.19,BTC-24MAY19-8000-C,101.97,0.02,0.5,0,1558189678097,21301847,158
2019-05-18 14:28:14.527,1.5,sell,7342.58,BTC-24MAY19-8000-C,102.02,0.02,1.5,1,1558189694527,21301848,159
2019-05-18 14:47:26.903,0.1,buy,7379.64,BTC-24MAY19-8000-C,104.95,0.0225,0.1,0,1558190846903,21302720,160
2019-05-18 16:40:53.284,0.3,sell,7337.97,BTC-24MAY19-8000-C,95.82,0.017,0.3,2,1558197653284,21306099,161
2019-05-18 17:28:03.916,9.8,sell,7298.85,BTC-24MAY19-8000-C,96.69,0.016,9.8,3,1558200483916,21310741,163
2019-05-18 17:28:03.916,0.2,sell,7298.85,BTC-24MAY19-8000-C,96.69,0.016,0.2,2,1558200483916,21310740,162
2019-05-18 17:42:21.479,0.2,sell,7304.71,BTC-24MAY19-8000-C,96.3,0.016,0.2,3,1558201341479,21311106,164
2019-05-18 21:05:49.292,0.2,buy,7280.17,BTC-24MAY19-8000-C,104.74,0.018000000000000002,0.2,0,1558213549292,21318144,165
2019-05-19 01:08:38.349,0.1,buy,7356.03,BTC-24MAY19-8000-C,96.16,0.0165,0.1,2,1558228118349,21327077,166
2019-05-19 01:12:59.641,0.1,buy,7400.3,BTC-24MAY19-8000-C,101.26,0.02,0.1,0,1558228379641,21328158,167
2019-05-19 02:06:04.003,0.1,buy,7729.32,BTC-24MAY19-8000-C,90.06,0.0285,0.1,0,1558231564003,21343299,168
2019-05-19 02:06:18.000,1.0,buy,7735.03,BTC-24MAY19-8000-C,92.71,0.03,1.0,0,1558231578000,21343608,169
2019-05-19 03:23:17.271,0.2,sell,7805.64,BTC-24MAY19-8000-C,89.96,0.032,0.2,0,1558236197271,21357577,170
2019-05-19 03:32:44.672,0.1,buy,7895.99,BTC-24MAY19-8000-C,96.76,0.04,0.1,0,1558236764672,21360638,171
2019-05-19 03:36:57.253,0.4,buy,7914.61,BTC-24MAY19-8000-C,112.49,0.0485,0.4,0,1558237017253,21361526,172
2019-05-19 03:36:58.015,0.6,sell,7914.61,BTC-24MAY19-8000-C,114.59,0.0495,0.6,0,1558237018015,21361567,173
2019-05-19 03:56:10.202,0.2,buy,7952.54,BTC-24MAY19-8000-C,117.56,0.053,0.2,0,1558238170202,21365178,174
2019-05-19 04:21:53.196,0.1,buy,7915.34,BTC-24MAY19-8000-C,101.13,0.043,0.1,2,1558239713196,21368011,175
2019-05-19 04:53:26.346,0.1,buy,7975.3,BTC-24MAY19-8000-C,115.22,0.053,0.1,0,1558241606346,21371303,176
2019-05-19 04:57:11.973,0.4,sell,7992.83,BTC-24MAY19-8000-C,100.36,0.047,0.4,2,1558241831973,21372909,177
2019-05-19 04:57:22.807,0.4,sell,7994.82,BTC-24MAY19-8000-C,97.99,0.046,0.4,2,1558241842807,21372926,178
2019-05-19 05:24:22.851,0.6,buy,7983.63,BTC-24MAY19-8000-C,119.73,0.0555,0.6,0,1558243462851,21375345,179
2019-05-19 05:31:36.887,2.7,sell,7946.22,BTC-24MAY19-8000-C,104.25,0.046,2.7,2,1558243896887,21375801,180
2019-05-19 05:31:37.118,0.5,buy,7946.22,BTC-24MAY19-8000-C,104.25,0.046,0.5,3,1558243897118,21375802,181
2019-05-19 05:31:37.162,0.4,buy,7946.63,BTC-24MAY19-8000-C,104.2,0.046,0.4,3,1558243897162,21375804,182
2019-05-19 06:54:04.419,0.5,sell,7945.59,BTC-24MAY19-8000-C,100.65,0.044000000000000004,0.5,2,1558248844419,21380259,183
2019-05-19 06:54:04.419,0.5,sell,7945.59,BTC-24MAY19-8000-C,98.52,0.043,0.5,2,1558248844419,21380260,184
2019-05-19 07:06:30.593,1.0,buy,7921.67,BTC-24MAY19-8000-C,105.78,0.045,1.0,0,1558249590593,21380663,185
2019-05-19 07:06:31.482,1.0,buy,7921.58,BTC-24MAY19-8000-C,105.8,0.045,1.0,1,1558249591482,21380664,186
2019-05-19 07:16:21.974,0.8,buy,7946.98,BTC-24MAY19-8000-C,104.9,0.046,0.8,0,1558250181974,21381011,187
2019-05-19 07:18:05.732,0.2,buy,7949.98,BTC-24MAY19-8000-C,104.55,0.046,0.2,1,1558250285732,21381077,188
2019-05-19 07:40:09.417,2.0,buy,7973.34,BTC-24MAY19-8000-C,112.51,0.051,2.0,0,1558251609417,21382669,189
2019-05-19 07:40:09.417,8.0,buy,7973.34,BTC-24MAY19-8000-C,116.79,0.053,8.0,0,1558251609417,21382670,190
2019-05-19 07:47:48.603,0.1,buy,7993.12,BTC-24MAY19-8000-C,103.65,0.048,0.1,2,1558252068603,21383064,191
2019-05-19 08:09:00.146,2.0,buy,7958.2,BTC-24MAY19-8000-C,106.04,0.047,2.0,2,1558253340146,21385238,192
2019-05-19 08:09:16.959,3.0,buy,7961.96,BTC-24MAY19-8000-C,105.58,0.047,3.0,3,1558253356959,21385244,193
2019-05-19 08:12:40.874,6.0,buy,7959.17,BTC-24MAY19-8000-C,105.95,0.047,6.0,3,1558253560874,21385362,194
2019-05-19 09:38:04.764,1.0,buy,7993.81,BTC-24MAY19-8000-C,114.08,0.0525,1.0,0,1558258684764,21388474,195
2019-05-19 10:15:34.365,0.1,buy,8131.92,BTC-24MAY19-8000-C,101.29,0.055,0.1,0,1558260934365,21394404,196
2019-05-19 10:43:13.065,1.0,buy,8127.4,BTC-24MAY19-8000-C,104.33,0.056,1.0,0,1558262593065,21397537,197
2019-05-19 11:00:33.631,0.1,buy,8080.84,BTC-24MAY19-8000-C,119.68,0.06,0.1,0,1558263633631,21399340,198
2019-05-19 11:01:54.424,0.1,sell,8053.07,BTC-24MAY19-8000-C,119.02,0.057999999999999996,0.1,2,1558263714424,21399729,199
2019-05-19 12:22:15.630,0.5,sell,7827.96,BTC-24MAY19-8000-C,117.23,0.044000000000000004,0.5,2,1558268535630,21408385,200
2019-05-19 12:38:14.086,2.0,sell,7941.02,BTC-24MAY19-8000-C,106.97,0.0455,2.0,0,1558269494086,21412009,201
2019-05-19 12:58:48.558,0.1,sell,7967.41,BTC-24MAY19-8000-C,103.8,0.0455,0.1,1,1558270728558,21413962,202
2019-05-19 13:38:49.298,1.0,buy,7953.83,BTC-24MAY19-8000-C,117.9,0.051,1.0,0,1558273129298,21424043,203
2019-05-19 13:40:24.753,1.5,buy,7959.39,BTC-24MAY19-8000-C,118.3,0.0515,1.5,0,1558273224753,21424121,204
2019-05-19 19:34:04.046,0.1,buy,8031.28,BTC-24MAY19-8000-C,110.75,0.051,0.1,2,1558294444046,21447195,205
2019-05-19 19:47:19.768,1.0,buy,7978.96,BTC-24MAY19-8000-C,108.87,0.047,1.0,2,1558295239768,21450174,206
2019-05-19 22:15:51.121,1.9,buy,8059.94,BTC-24MAY19-8000-C,110.43,0.052000000000000005,1.9,0,1558304151121,21460385,207
2019-05-19 22:16:04.408,1.2,buy,8057.45,BTC-24MAY19-8000-C,111.93,0.0525,1.2,0,1558304164408,21460388,208
2019-05-19 22:19:36.840,1.9,sell,8053.05,BTC-24MAY19-8000-C,111.44,0.052000000000000005,1.9,2,1558304376840,21460517,209
2019-05-19 22:43:42.250,2.6,sell,8180.55,BTC-24MAY19-8000-C,103.18,0.0565,2.6,0,1558305822250,21466435,210
2019-05-19 22:43:42.250,1.0,sell,8180.55,BTC-24MAY19-8000-C,98.45,0.0545,1.0,2,1558305822250,21466436,211
2019-05-19 22:43:42.250,1.4,sell,8180.55,BTC-24MAY19-8000-C,98.45,0.0545,1.4,3,1558305822250,21466437,212
2019-05-19 22:44:01.239,0.5,buy,8181.38,BTC-24MAY19-8000-C,112.48,0.0605,0.5,0,1558305841239,21466522,213
2019-05-20 00:40:56.660,0.6,sell,7946.08,BTC-24MAY19-8000-C,108.9,0.044000000000000004,0.6,2,1558312856660,21500407,214
2019-05-20 00:44:43.432,0.2,sell,7893.58,BTC-24MAY19-8000-C,108.86,0.040999999999999995,0.2,2,1558313083432,21503781,215
2019-05-20 01:37:33.061,1.0,buy,7986.98,BTC-24MAY19-8000-C,103.88,0.044000000000000004,1.0,0,1558316253061,21514593,216
2019-05-20 01:48:04.775,0.1,sell,7941.21,BTC-24MAY19-8000-C,107.83,0.043,0.1,2,1558316884775,21514912,217
2019-05-20 06:50:00.834,0.1,sell,7929.0,BTC-24MAY19-8000-C,109.86,0.042,0.1,2,1558335000834,21534930,218
2019-05-20 08:08:39.939,0.8,sell,7872.04,BTC-24MAY19-8000-C,101.39,0.035,0.8,2,1558339719939,21546175,219
2019-05-20 08:08:39.939,1.2,sell,7872.04,BTC-24MAY19-8000-C,101.39,0.035,1.2,3,1558339719939,21546176,220
2019-05-20 08:12:22.549,0.5,sell,7887.79,BTC-24MAY19-8000-C,99.36,0.035,0.5,3,1558339942549,21546496,221
2019-05-20 08:14:20.494,0.8,buy,7873.87,BTC-24MAY19-8000-C,106.02,0.037000000000000005,0.8,0,1558340060494,21546773,222
2019-05-20 08:14:21.670,0.8,buy,7874.04,BTC-24MAY19-8000-C,105.99,0.037000000000000005,0.8,1,1558340061670,21546778,223
2019-05-20 08:31:51.110,0.1,sell,7861.54,BTC-24MAY19-8000-C,101.75,0.0345,0.1,2,1558341111110,21547808,224
2019-05-20 08:54:05.156,0.8,buy,7832.49,BTC-24MAY19-8000-C,111.75,0.037000000000000005,0.8,0,1558342445156,21551880,225
2019-05-20 09:35:08.834,0.8,buy,7857.71,BTC-24MAY19-8000-C,108.89,0.037000000000000005,0.8,1,1558344908834,21557777,226
2019-05-20 09:35:46.146,0.8,buy,7855.11,BTC-24MAY19-8000-C,109.24,0.037000000000000005,0.8,1,1558344946146,21557810,227
2019-05-20 09:36:16.479,0.8,buy,7858.79,BTC-24MAY19-8000-C,109.97,0.0375,0.8,0,1558344976479,21557827,228
2019-05-20 10:13:11.168,0.1,sell,7952.03,BTC-24MAY19-8000-C,105.0,0.0405,0.1,0,1558347191168,21559652,229
2019-05-20 11:03:05.863,0.1,buy,7956.55,BTC-24MAY19-8000-C,107.26,0.0415,0.1,0,1558350185863,21561675,230
2019-05-20 11:36:13.283,0.1,buy,7885.44,BTC-24MAY19-8000-C,110.05,0.0385,0.1,2,1558352173283,21564359,231
2019-05-20 11:55:43.926,0.1,sell,7859.81,BTC-24MAY19-8000-C,107.53,0.036000000000000004,0.1,2,1558353343926,21564920,232
2019-05-20 12:30:08.460,0.1,sell,7845.0,BTC-24MAY19-8000-C,106.11,0.0345,0.1,2,1558355408460,21567907,233
2019-05-20 12:50:17.359,0.6,sell,7793.01,BTC-24MAY19-8000-C,101.77,0.03,0.6,3,1558356617359,21571308,235
2019-05-20 12:50:17.359,16.7,sell,7793.01,BTC-24MAY19-8000-C,98.01,0.0285,16.7,2,1558356617359,21571309,236
2019-05-20 12:50:17.359,2.7,sell,7793.01,BTC-24MAY19-8000-C,101.77,0.03,2.7,2,1558356617359,21571307,234
2019-05-20 13:04:29.747,1.0,buy,7699.24,BTC-24MAY19-8000-C,101.86,0.0255,1.0,2,1558357469747,21578102,237
2019-05-20 13:09:48.036,0.2,buy,7595.92,BTC-24MAY19-8000-C,111.15,0.0245,0.2,2,1558357788036,21582223,238
2019-05-20 13:11:53.867,0.4,buy,7660.77,BTC-24MAY19-8000-C,110.33,0.027000000000000003,0.4,0,1558357913867,21583763,239
2019-05-20 13:11:55.291,0.4,sell,7661.33,BTC-24MAY19-8000-C,110.27,0.027000000000000003,0.4,1,1558357915291,21583766,240
2019-05-20 13:11:56.384,0.4,sell,7660.16,BTC-24MAY19-8000-C,110.4,0.027000000000000003,0.4,1,1558357916384,21583773,241
2019-05-20 13:11:56.712,0.4,sell,7660.16,BTC-24MAY19-8000-C,110.4,0.027000000000000003,0.4,1,1558357916712,21583778,242
2019-05-20 13:13:59.524,0.4,buy,7663.37,BTC-24MAY19-8000-C,113.94,0.0285,0.4,0,1558358039524,21584275,243
2019-05-20 13:44:43.106,2.9,buy,7727.4,BTC-24MAY19-8000-C,120.59,0.034,2.9,0,1558359883106,21588783,244
2019-05-20 14:42:41.212,0.2,buy,7736.9,BTC-24MAY19-8000-C,116.24,0.0325,0.2,2,1558363361212,21593996,245
2019-05-20 14:54:26.148,0.2,sell,7782.38,BTC-24MAY19-8000-C,108.1,0.0315,0.2,2,1558364066148,21594977,246
2019-05-20 17:12:49.286,3.0,buy,7862.84,BTC-24MAY19-8000-C,115.41,0.038,3.0,0,1558372369286,21603974,247
2019-05-20 17:30:10.565,0.1,sell,7801.85,BTC-24MAY19-8000-C,113.59,0.034,0.1,2,1558373410565,21604936,248
2019-05-20 18:40:56.538,0.4,sell,7707.01,BTC-24MAY19-8000-C,110.85,0.027999999999999997,0.4,2,1558377656538,21609765,249
2019-05-20 20:18:55.804,0.1,sell,7875.56,BTC-24MAY19-8000-C,106.74,0.0345,0.1,0,1558383535804,21617221,250
2019-05-20 20:49:49.473,0.1,sell,7963.47,BTC-24MAY19-8000-C,100.79,0.037000000000000005,0.1,0,1558385389473,21622631,251
2019-05-20 20:58:03.583,0.4,buy,8001.12,BTC-24MAY19-8000-C,102.86,0.04,0.4,0,1558385883583,21624174,252
2019-05-20 21:29:16.272,0.4,buy,8119.31,BTC-24MAY19-8000-C,103.39,0.0475,0.4,0,1558387756272,21632693,253
2019-05-20 21:29:28.566,0.6,buy,8124.69,BTC-24MAY19-8000-C,102.46,0.0475,0.6,1,1558387768566,21632777,254
2019-05-20 21:31:54.350,1.0,sell,8132.69,BTC-24MAY19-8000-C,99.78,0.047,1.0,2,1558387914350,21633715,255
2019-05-20 21:38:58.106,1.1,sell,8070.5,BTC-24MAY19-8000-C,98.64,0.0425,1.1,2,1558388338106,21636239,256
2019-05-20 21:38:58.106,0.3,sell,8070.5,BTC-24MAY19-8000-C,96.03,0.0415,0.3,2,1558388338106,21636241,258
2019-05-20 21:38:58.106,0.4,sell,8070.5,BTC-24MAY19-8000-C,98.64,0.0425,0.4,3,1558388338106,21636240,257
2019-05-20 22:00:10.678,1.9,sell,8052.09,BTC-24MAY19-8000-C,97.97,0.040999999999999995,1.9,2,1558389610678,21638947,259
2019-05-20 22:00:10.678,1.1,sell,8052.09,BTC-24MAY19-8000-C,96.66,0.0405,1.1,2,1558389610678,21638948,260
2019-05-20 22:41:26.382,0.1,buy,7980.37,BTC-24MAY19-8000-C,99.34,0.037000000000000005,0.1,2,1558392086382,21642731,261
2019-05-21 00:34:06.191,1.0,sell,7982.99,BTC-24MAY19-8000-C,108.01,0.04,1.0,0,1558398846191,21654588,262
2019-05-21 05:59:17.584,0.4,sell,7912.87,BTC-24MAY19-8000-C,96.95,0.0305,0.4,2,1558418357584,21672262,263
2019-05-21 05:59:46.741,0.6,sell,7911.2,BTC-24MAY19-8000-C,94.48,0.0295,0.6,2,1558418386741,21672273,264
2019-05-21 06:45:33.577,0.2,buy,7903.62,BTC-24MAY19-8000-C,104.37,0.0325,0.2,0,1558421133577,21673746,265
2019-05-21 07:15:02.354,0.5,sell,7959.65,BTC-24MAY19-8000-C,94.62,0.032,0.5,2,1558422902354,21675254,266
2019-05-21 07:44:02.808,10.0,sell,7941.89,BTC-24MAY19-8000-C,93.61,0.0305,10.0,2,1558424642808,21675874,267
2019-05-21 09:34:34.710,0.3,sell,7979.95,BTC-24MAY19-8000-C,98.44,0.034,0.3,0,1558431274710,21680150,268
2019-05-21 10:29:47.589,0.1,sell,7934.63,BTC-24MAY19-8000-C,93.8,0.0295,0.1,2,1558434587589,21682969,269
2019-05-21 10:30:36.209,0.1,sell,7925.35,BTC-24MAY19-8000-C,86.81,0.0265,0.1,2,1558434636209,21682987,270
2019-05-21 12:17:59.245,0.2,sell,7833.07,BTC-24MAY19-8000-C,91.86,0.023,0.2,2,1558441079245,21689699,271
2019-05-21 12:18:14.846,4.8,buy,7835.71,BTC-24MAY19-8000-C,91.48,0.023,4.8,3,1558441094846,21689712,272
2019-05-21 14:31:07.313,5.0,buy,7931.75,BTC-24MAY19-8000-C,86.93,0.026000000000000002,5.0,0,1558449067313,21700210,273
2019-05-21 15:18:22.356,1.0,sell,7940.98,BTC-24MAY19-8000-C,84.48,0.0255,1.0,2,1558451902356,21703213,274
2019-05-21 16:13:19.630,0.5,buy,7938.22,BTC-24MAY19-8000-C,89.96,0.027000000000000003,0.5,0,1558455199630,21707004,275
2019-05-21 16:20:57.950,4.0,sell,7934.11,BTC-24MAY19-8000-C,84.84,0.025,4.0,2,1558455657950,21707268,276
2019-05-21 17:27:31.252,3.0,buy,7973.57,BTC-24MAY19-8000-C,90.74,0.028999999999999998,3.0,0,1558459651252,21710211,277
2019-05-21 18:38:41.638,0.2,buy,8022.02,BTC-24MAY19-8000-C,88.82,0.031,0.2,0,1558463921638,21716133,278
2019-05-21 18:39:06.462,0.5,buy,8021.58,BTC-24MAY19-8000-C,88.91,0.031,0.5,1,1558463946462,21716149,279
2019-05-21 18:39:33.535,0.5,buy,8033.83,BTC-24MAY19-8000-C,86.61,0.031,0.5,1,1558463973535,21716291,280
2019-05-21 18:39:35.018,2.9,buy,8037.1,BTC-24MAY19-8000-C,85.99,0.031,2.9,1,1558463975018,21716298,281
2019-05-21 18:39:38.186,7.9,buy,8041.64,BTC-24MAY19-8000-C,85.12,0.031,7.9,1,1558463978186,21716310,282
2019-05-21 19:04:35.228,2.0,sell,8014.32,BTC-24MAY19-8000-C,83.05,0.0285,2.0,2,1558465475228,21718467,283
2019-05-21 19:14:27.287,0.5,buy,8028.6,BTC-24MAY19-8000-C,92.54,0.0325,0.5,0,1558466067287,21718826,284
2019-05-21 19:14:38.782,0.4,buy,8025.27,BTC-24MAY19-8000-C,91.67,0.032,0.4,2,1558466078782,21718828,285
2019-05-21 19:19:12.241,0.1,sell,7993.49,BTC-24MAY19-8000-C,91.56,0.03,0.1,2,1558466352241,21719076,286
2019-05-21 19:32:20.870,0.1,buy,7999.46,BTC-24MAY19-8000-C,95.16,0.0315,0.1,0,1558467140870,21719593,287
2019-05-21 20:03:26.422,1.1,buy,8060.11,BTC-24MAY19-8000-C,94.7,0.035,1.1,0,1558469006422,21720730,288
2019-05-21 20:28:36.867,0.1,buy,8036.63,BTC-24MAY19-8000-C,95.02,0.0335,0.1,2,1558470516867,21722654,289
2019-05-21 20:49:01.421,2.8000000000000003,buy,8066.79,BTC-24MAY19-8000-C,93.98,0.035,2.8000000000000003,0,1558471741421,21724486,290
2019-05-21 21:04:04.297,0.1,buy,8108.19,BTC-24MAY19-8000-C,96.56,0.0385,0.1,0,1558472644297,21725668,291
2019-05-21 21:06:24.490,0.2,sell,8063.51,BTC-24MAY19-8000-C,94.86,0.035,0.2,2,1558472784490,21726083,292
2019-05-21 22:01:03.054,0.1,sell,7976.25,BTC-24MAY19-8000-C,93.75,0.028999999999999998,0.1,2,1558476063054,21729201,293
2019-05-21 22:01:45.862,0.1,sell,7978.44,BTC-24MAY19-8000-C,90.28,0.027999999999999997,0.1,2,1558476105862,21729621,294
2019-05-21 22:08:46.754,0.1,sell,7911.0,BTC-24MAY19-8000-C,96.04,0.026000000000000002,0.1,2,1558476526754,21731513,295
2019-05-21 22:09:17.178,0.1,sell,7913.41,BTC-24MAY19-8000-C,83.22,0.022000000000000002,0.1,2,1558476557178,21731713,296
2019-05-22 02:46:18.316,6.0,sell,7956.99,BTC-24MAY19-8000-C,95.02,0.027000000000000003,6.0,0,1558493178316,21742436,297
2019-05-22 03:12:44.874,0.1,sell,7949.24,BTC-24MAY19-8000-C,88.78,0.0245,0.1,2,1558494764874,21742958,298
2019-05-22 05:17:44.704,0.8,sell,7933.7,BTC-24MAY19-8000-C,86.86,0.0225,0.8,3,1558502264704,21748055,300
2019-05-22 05:17:44.704,0.2,sell,7933.7,BTC-24MAY19-8000-C,86.86,0.0225,0.2,2,1558502264704,21748054,299
2019-05-22 07:33:23.610,0.2,buy,7922.04,BTC-24MAY19-8000-C,92.73,0.023,0.2,0,1558510403610,21751065,301
2019-05-22 07:43:55.083,0.1,sell,7909.03,BTC-24MAY19-8000-C,93.61,0.0225,0.1,2,1558511035083,21751458,302
2019-05-22 07:43:55.083,1.9,sell,7909.03,BTC-24MAY19-8000-C,85.09,0.02,1.9,2,1558511035083,21751459,303
2019-05-22 09:37:05.264,0.1,sell,7920.47,BTC-24MAY19-8000-C,88.14,0.021,0.1,0,1558517825264,21754111,304
2019-05-22 09:37:05.629,4.0,sell,7920.47,BTC-24MAY19-8000-C,86.4,0.0205,4.0,2,1558517825629,21754113,305
2019-05-22 09:59:08.115,4.0,buy,7889.3,BTC-24MAY19-8000-C,99.54,0.0225,4.0,0,1558519148115,21755663,306
2019-05-22 10:06:30.817,0.5,buy,7894.41,BTC-24MAY19-8000-C,93.46,0.021,0.5,2,1558519590817,21756774,307
2019-05-22 10:07:16.078,0.2,buy,7877.34,BTC-24MAY19-8000-C,94.84,0.0205,0.2,2,1558519636078,21756953,308
2019-05-22 10:07:20.740,0.1,buy,7875.84,BTC-24MAY19-8000-C,95.11,0.0205,0.1,3,1558519640740,21756961,309
2019-05-22 11:03:34.151,0.1,sell,7830.87,BTC-24MAY19-8000-C,102.35,0.02,0.1,2,1558523014151,21759961,310
2019-05-22 11:12:57.938,2.0,sell,7809.46,BTC-24MAY19-8000-C,95.25,0.017,2.0,2,1558523577938,21761669,311
2019-05-22 11:33:28.734,0.1,buy,7760.19,BTC-24MAY19-8000-C,103.82,0.017,0.1,3,1558524808734,21766049,312
2019-05-22 12:07:18.024,0.2,sell,7849.85,BTC-24MAY19-8000-C,85.54,0.016,0.2,2,1558526838024,21769392,313
2019-05-22 13:08:40.015,0.2,buy,7821.08,BTC-24MAY19-8000-C,99.11,0.018000000000000002,0.2,0,1558530520015,21772595,314
2019-05-22 13:26:13.517,0.2,buy,7820.75,BTC-24MAY19-8000-C,99.49,0.018000000000000002,0.2,1,1558531573517,21773076,315
2019-05-22 15:19:35.300,0.9,sell,7860.24,BTC-24MAY19-8000-C,86.96,0.016,0.9,2,1558538375300,21777744,316
2019-05-22 15:21:20.535,4.0,buy,7942.03,BTC-24MAY19-8000-C,98.98,0.0235,4.0,0,1558538480535,21779304,317
2019-05-22 15:21:54.487,0.1,sell,7952.41,BTC-24MAY19-8000-C,85.77,0.0205,0.1,2,1558538514487,21779598,318
2019-05-22 18:27:25.039,1.0,buy,7892.76,BTC-24MAY19-8000-C,97.84,0.0195,1.0,2,1558549645039,21794303,319
2019-05-22 18:36:50.204,0.1,sell,7880.1,BTC-24MAY19-8000-C,84.88,0.0155,0.1,2,1558550210204,21794671,320
2019-05-22 18:48:21.136,0.1,buy,7919.72,BTC-24MAY19-8000-C,98.57,0.021,0.1,0,1558550901136,21795180,321
2019-05-22 19:28:56.145,0.1,sell,7886.94,BTC-24MAY19-8000-C,94.47,0.018000000000000002,0.1,2,1558553336145,21796730,322
2019-05-22 20:16:47.294,0.1,sell,7891.2,BTC-24MAY19-8000-C,90.64,0.017,0.1,2,1558556207294,21800840,323
2019-05-22 20:17:48.628,0.2,sell,7826.72,BTC-24MAY19-8000-C,95.14,0.015,0.2,2,1558556268628,21802571,324
2019-05-22 20:23:09.257,0.2,buy,7707.12,BTC-24MAY19-8000-C,101.25,0.0115,0.2,2,1558556589257,21807799,325
2019-05-22 20:49:04.608,0.3,sell,7825.37,BTC-24MAY19-8000-C,96.1,0.015,0.3,0,1558558144608,21818099,326
2019-05-22 21:00:01.174,0.2,buy,7833.49,BTC-24MAY19-8000-C,98.96,0.016,0.2,0,1558558801174,21818951,327
2019-05-22 21:37:50.430,0.1,sell,7718.62,BTC-24MAY19-8000-C,98.81,0.011000000000000001,0.1,2,1558561070430,21822584,328
2019-05-22 21:38:00.010,0.3,sell,7713.58,BTC-24MAY19-8000-C,97.32,0.0105,0.3,2,1558561080010,21822721,329
2019-05-22 21:58:43.853,0.1,buy,7659.86,BTC-24MAY19-8000-C,101.8,0.0095,0.1,2,1558562323853,21828440,330
2019-05-22 22:00:25.553,0.2,sell,7664.2,BTC-24MAY19-8000-C,93.54,0.008,0.2,2,1558562425553,21828823,331
2019-05-22 22:03:24.580,0.2,buy,7612.93,BTC-24MAY19-8000-C,101.53,0.008,0.2,3,1558562604580,21829968,332
2019-05-22 22:05:19.186,0.2,sell,7589.16,BTC-24MAY19-8000-C,99.67,0.006999999999999999,0.2,2,1558562719186,21830982,333
2019-05-22 22:16:23.785,1.0,buy,7631.78,BTC-24MAY19-8000-C,104.18,0.009000000000000001,1.0,0,1558563383785,21838008,334
2019-05-22 22:52:09.950,0.1,buy,7713.88,BTC-24MAY19-8000-C,96.66,0.01,0.1,0,1558565529950,21843548,335
2019-05-22 22:52:09.950,0.9,buy,7713.88,BTC-24MAY19-8000-C,99.06,0.0105,0.9,0,1558565529950,21843549,336
2019-05-23 00:30:43.345,0.2,sell,7546.73,BTC-24MAY19-8000-C,100.57,0.0055,0.2,2,1558571443345,21855435,337
2019-05-23 00:52:35.533,1.0,buy,7627.93,BTC-24MAY19-8000-C,95.13,0.0065,1.0,0,1558572755533,21858017,338
2019-05-23 04:51:50.104,2.5,buy,7661.22,BTC-24MAY19-8000-C,102.31,0.0075,2.5,0,1558587110104,21867240,339
2019-05-23 05:52:15.186,3.0,sell,7611.6,BTC-24MAY19-8000-C,85.39,0.0035,3.0,2,1558590735186,21870626,340
2019-05-23 06:19:17.434,0.1,buy,7633.23,BTC-24MAY19-8000-C,100.57,0.006,0.1,0,1558592357434,21872729,341
2019-05-23 06:22:06.378,0.1,buy,7626.06,BTC-24MAY19-8000-C,101.87,0.006,0.1,1,1558592526378,21873338,342
2019-05-23 06:24:48.076,0.8,buy,7622.7,BTC-24MAY19-8000-C,102.54,0.006,0.8,1,1558592688076,21873684,343
2019-05-23 06:24:48.076,0.9,buy,7622.7,BTC-24MAY19-8000-C,102.54,0.006,0.9,1,1558592688076,21873685,344
2019-05-23 06:24:48.095,0.3,sell,7622.7,BTC-24MAY19-8000-C,102.54,0.006,0.3,1,1558592688095,21873686,345
2019-05-23 07:16:35.897,0.1,buy,7632.53,BTC-24MAY19-8000-C,105.94,0.0065,0.1,0,1558595795897,21876671,346
2019-05-23 07:38:48.089,16.0,buy,7621.59,BTC-24MAY19-8000-C,105.29,0.006,16.0,2,1558597128089,21877378,347
2019-05-23 07:38:48.089,0.8,buy,7621.59,BTC-24MAY19-8000-C,105.29,0.006,0.8,3,1558597128089,21877379,348
2019-05-23 07:38:48.128,3.2,sell,7621.59,BTC-24MAY19-8000-C,105.29,0.006,3.2,3,1558597128128,21877380,349
2019-05-23 08:28:35.767,1.0,buy,7581.78,BTC-24MAY19-8000-C,106.74,0.005,1.0,2,1558600115767,21879690,350
2019-05-23 08:39:22.419,0.1,sell,7576.12,BTC-24MAY19-8000-C,100.17,0.004,0.1,2,1558600762419,21881069,351
2019-05-23 11:09:10.896,2.5,buy,7621.72,BTC-24MAY19-8000-C,110.04,0.0055,2.5,0,1558609750896,21893218,352
2019-05-23 12:55:58.790,1.0,sell,7617.23,BTC-24MAY19-8000-C,94.24,0.003,1.0,2,1558616158790,21897595,353
2019-05-23 13:57:40.063,3.0,sell,7664.75,BTC-24MAY19-8000-C,93.07,0.0035,3.0,0,1558619860063,21902129,354
2019-05-23 14:02:10.169,0.2,sell,7684.0,BTC-24MAY19-8000-C,93.99,0.004,0.2,0,1558620130169,21902271,355
2019-05-23 14:08:37.183,1.0,buy,7720.8,BTC-24MAY19-8000-C,95.08,0.005,1.0,0,1558620517183,21903027,356
2019-05-23 14:18:56.884,3.8,sell,7723.42,BTC-24MAY19-8000-C,94.99,0.005,3.8,1,1558621136884,21906015,357
2019-05-23 14:35:02.512,0.8,buy,7732.15,BTC-24MAY19-8000-C,105.05,0.0065,0.8,0,1558622102512,21906748,358
2019-05-23 14:52:22.073,0.1,buy,7728.6,BTC-24MAY19-8000-C,95.42,0.005,0.1,2,1558623142073,21907513,359
2019-05-23 14:59:48.191,4.9,buy,7731.98,BTC-24MAY19-8000-C,95.08,0.005,4.9,3,1558623588191,21907797,360
2019-05-23 15:02:34.233,0.5,buy,7770.54,BTC-24MAY19-8000-C,94.32,0.006,0.5,0,1558623754233,21908179,361
2019-05-23 15:20:39.144,0.1,buy,7797.82,BTC-24MAY19-8000-C,102.66,0.008,0.1,0,1558624839144,21910786,362
2019-05-23 15:22:00.841,3.0,buy,7799.06,BTC-24MAY19-8000-C,102.41,0.008,3.0,1,1558624920841,21910843,363
2019-05-23 15:27:09.470,1.0,buy,7817.42,BTC-24MAY19-8000-C,94.83,0.0075,1.0,2,1558625229470,21911330,364
2019-05-23 17:13:31.276,2.0,sell,7818.95,BTC-24MAY19-8000-C,103.51,0.008,2.0,0,1558631611276,21921160,365
2019-05-23 17:23:19.542,16.0,buy,7797.97,BTC-24MAY19-8000-C,113.08,0.0085,16.0,0,1558632199542,21922749,366
2019-05-23 20:17:26.705,1.0,sell,7805.13,BTC-24MAY19-8000-C,104.01,0.006,1.0,2,1558642646705,21931216,367
2019-05-23 20:42:20.238,5.0,buy,7816.42,BTC-24MAY19-8000-C,106.89,0.0065,5.0,0,1558644140238,21932399,368
2019-05-23 21:44:02.747,0.1,buy,7916.42,BTC-24MAY19-8000-C,110.71,0.0105,0.1,0,1558647842747,21938052,369
2019-05-23 21:59:42.206,1.0,buy,7921.02,BTC-24MAY19-8000-C,95.06,0.0085,1.0,2,1558648782206,21940329,370
2019-05-23 22:35:46.626,1.0,buy,7977.76,BTC-24MAY19-8000-C,94.33,0.011000000000000001,1.0,0,1558650946626,21944662,371
2019-05-23 22:35:46.626,0.1,buy,7977.76,BTC-24MAY19-8000-C,94.33,0.011000000000000001,0.1,1,1558650946626,21944663,372
2019-05-23 22:39:56.051,1.0,sell,7951.14,BTC-24MAY19-8000-C,94.4,0.0095,1.0,2,1558651196051,21945315,373
2019-05-23 22:45:17.553,1.0,buy,7955.39,BTC-24MAY19-8000-C,108.67,0.0115,1.0,0,1558651517553,21945676,374
2019-05-23 22:56:45.138,1.0,buy,7922.07,BTC-24MAY19-8000-C,103.57,0.009000000000000001,1.0,2,1558652205138,21947106,375
2019-05-23 22:57:01.779,6.0,buy,7921.61,BTC-24MAY19-8000-C,111.84,0.01,6.0,0,1558652221779,21947122,376
2019-05-23 23:34:08.835,2.0,sell,7938.99,BTC-24MAY19-8000-C,92.02,0.008,2.0,2,1558654448835,21949052,377
2019-05-23 23:34:10.328,0.4,buy,7940.04,BTC-24MAY19-8000-C,112.29,0.0105,0.4,0,1558654450328,21949071,378
2019-05-23 23:38:37.005,0.3,buy,7932.2,BTC-24MAY19-8000-C,116.19,0.0105,0.3,1,1558654717005,21949231,379
2019-05-24 00:13:39.211,0.9,buy,7853.12,BTC-24MAY19-8000-C,101.14,0.005,0.9,2,1558656819211,21952619,380
2019-05-24 00:14:40.415,2.0,sell,7848.04,BTC-24MAY19-8000-C,92.62,0.004,2.0,2,1558656880415,21952677,381
2019-05-24 01:03:50.712,0.7000000000000001,buy,7914.54,BTC-24MAY19-8000-C,112.32,0.008,0.7000000000000001,0,1558659830712,21955283,382
2019-05-24 01:24:50.324,1.7,sell,7898.94,BTC-24MAY19-8000-C,97.24,0.0055,1.7,2,1558661090324,21956062,383
2019-05-24 01:24:58.883,5.0,buy,7897.35,BTC-24MAY19-8000-C,97.89,0.0055,5.0,3,1558661098883,21956079,384
2019-05-24 01:57:43.972,0.9,sell,7870.76,BTC-24MAY19-8000-C,102.12,0.0045,0.9,2,1558663063972,21957795,385
2019-05-24 02:25:16.314,0.2,buy,7852.99,BTC-24MAY19-8000-C,107.19,0.004,0.2,2,1558664716314,21959270,386
2019-05-24 02:27:47.952,0.5,sell,7859.39,BTC-24MAY19-8000-C,105.15,0.004,0.5,3,1558664867952,21959348,387
2019-05-24 02:28:33.740,0.5,buy,7865.09,BTC-24MAY19-8000-C,96.81,0.0035,0.5,2,1558664913740,21959378,388
2019-05-24 03:08:02.978,0.5,sell,7840.04,BTC-24MAY19-8000-C,82.15,0.0015,0.5,2,1558667282978,21960529,389
2019-05-24 04:01:35.786,0.8,buy,7882.98,BTC-24MAY19-8000-C,112.98,0.004,0.8,0,1558670495786,21961563,390
2019-05-24 04:02:09.412,0.1,buy,7886.94,BTC-24MAY19-8000-C,111.06,0.004,0.1,1,1558670529412,21961569,391
2019-05-24 04:13:27.700,3.0,sell,7864.92,BTC-24MAY19-8000-C,83.29,0.0015,3.0,2,1558671207700,21961828,392
2019-05-24 04:19:10.871,20.0,sell,7872.3,BTC-24MAY19-8000-C,81.39,0.0015,20.0,3,1558671550871,21961878,393
2019-05-24 04:56:59.202,1.0,sell,7833.06,BTC-24MAY19-8000-C,106.8,0.0015,1.0,3,1558673819202,21962506,394
