date_utc,amount,direction,indexPrice,instrument,iv,price,quantity,tickDirection,timeStamp,tradeId,tradeSeq
2019-05-03 09:05:03.438,1.0,buy,5664.33,BTC-17MAY19-6500-C,64.67,0.0095,1.0,1,1556874303438,18638183,1
2019-05-03 09:12:11.298,0.2,buy,5693.77,BTC-17MAY19-6500-C,58.59,0.0075,0.2,2,1556874731298,18639243,2
2019-05-03 15:00:50.547,0.1,sell,5722.48,BTC-17MAY19-6500-C,60.95,0.009000000000000001,0.1,0,1556895650547,18686174,3
2019-05-03 23:29:39.916,5.0,sell,5659.25,BTC-17MAY19-6500-C,61.75,0.0075,5.0,2,1556926179916,18718247,4
2019-05-04 04:54:56.790,10.0,sell,5710.56,BTC-17MAY19-6500-C,60.67,0.008,10.0,0,1556945696790,18749116,5
2019-05-05 00:13:38.954,1.0,sell,5739.37,BTC-17MAY19-6500-C,64.43,0.0095,1.0,0,1557015218954,18836627,6
2019-05-05 07:03:05.253,0.1,buy,5736.53,BTC-17MAY19-6500-C,66.47,0.01,0.1,0,1557039785253,18857387,7
2019-05-05 11:39:02.358,0.1,buy,5718.59,BTC-17MAY19-6500-C,65.79,0.009000000000000001,0.1,2,1557056342358,18870249,8
2019-05-05 11:42:09.541,19.9,sell,5716.53,BTC-17MAY19-6500-C,65.92,0.009000000000000001,19.9,3,1557056529541,18870296,9
2019-05-05 14:14:57.404,0.9,buy,5699.01,BTC-17MAY19-6500-C,68.43,0.0095,0.9,1,1557065697404,18876565,11
2019-05-05 14:14:57.404,0.1,buy,5699.01,BTC-17MAY19-6500-C,68.43,0.0095,0.1,0,1557065697404,18876564,10
2019-05-05 14:15:54.735,1.0,buy,5704.42,BTC-17MAY19-6500-C,68.11,0.0095,1.0,1,1557065754735,18876649,12
2019-05-05 20:15:30.938,0.1,buy,5719.99,BTC-17MAY19-6500-C,66.72,0.009000000000000001,0.1,2,1557087330938,18896827,13
2019-05-05 20:54:45.400,10.0,buy,5748.28,BTC-17MAY19-6500-C,65.1,0.009000000000000001,10.0,3,1557089685400,18899413,14
2019-05-06 09:18:08.535,0.2,sell,5623.66,BTC-17MAY19-6500-C,64.5,0.0055,0.2,2,1557134288535,18944892,15
2019-05-06 10:08:26.692,10.0,buy,5632.11,BTC-17MAY19-6500-C,65.65,0.006,10.0,0,1557137306692,18946626,16
2019-05-06 10:46:43.687,10.0,buy,5626.04,BTC-17MAY19-6500-C,67.56,0.0065,10.0,0,1557139603687,18947880,17
2019-05-06 10:46:43.687,10.0,buy,5626.04,BTC-17MAY19-6500-C,67.56,0.0065,10.0,1,1557139603687,18947881,18
2019-05-06 13:04:49.581,10.0,sell,5620.62,BTC-17MAY19-6500-C,66.68,0.006,10.0,2,1557147889581,18951357,19
2019-05-06 13:17:24.213,10.0,buy,5629.0,BTC-17MAY19-6500-C,66.23,0.006,10.0,3,1557148644213,18951555,20
2019-05-06 16:09:50.792,3.0,buy,5691.38,BTC-17MAY19-6500-C,67.17,0.0075,3.0,0,1557158990792,18959223,21
2019-05-06 16:45:18.929,14.9,buy,5716.38,BTC-17MAY19-6500-C,67.05,0.008,14.9,0,1557161118929,18963436,22
2019-05-06 19:48:53.103,0.3,buy,5741.96,BTC-17MAY19-6500-C,68.39,0.009000000000000001,0.3,0,1557172133103,18975532,23
2019-05-06 19:48:53.103,0.7000000000000001,buy,5741.96,BTC-17MAY19-6500-C,69.61,0.0095,0.7000000000000001,0,1557172133103,18975533,24
2019-05-07 00:14:27.150,1.0,buy,5732.81,BTC-17MAY19-6500-C,69.58,0.009000000000000001,1.0,2,1557188067150,18988730,25
2019-05-07 00:14:46.157,0.3,buy,5734.25,BTC-17MAY19-6500-C,69.49,0.009000000000000001,0.3,3,1557188086157,18988744,26
2019-05-07 02:45:09.708,24.0,sell,5842.08,BTC-17MAY19-6500-C,62.91,0.009000000000000001,24.0,3,1557197109708,19004511,27
2019-05-07 02:55:52.193,0.2,buy,5879.62,BTC-17MAY19-6500-C,62.78,0.01,0.2,0,1557197752193,19006795,28
2019-05-07 02:58:34.305,0.2,buy,5896.83,BTC-17MAY19-6500-C,63.84,0.011,0.2,0,1557197914305,19008671,29
2019-05-07 03:00:29.222,0.1,buy,5926.17,BTC-17MAY19-6500-C,63.96,0.012,0.1,0,1557198029222,19010384,30
2019-05-07 03:01:16.759,0.1,buy,5930.12,BTC-17MAY19-6500-C,63.69,0.012,0.1,1,1557198076759,19010652,31
2019-05-07 03:01:16.759,0.2,buy,5930.12,BTC-17MAY19-6500-C,63.69,0.012,0.2,1,1557198076759,19010653,32
2019-05-07 03:04:43.331,1.0,buy,5906.24,BTC-17MAY19-6500-C,65.34,0.012,1.0,1,1557198283331,19014436,33
2019-05-07 03:09:08.375,8.0,buy,5921.02,BTC-17MAY19-6500-C,68.42,0.014,8.0,0,1557198548375,19016231,34
2019-05-07 05:15:23.962,0.1,buy,5900.85,BTC-17MAY19-6500-C,67.06,0.0125,0.1,2,1557206123962,19026851,35
2019-05-07 05:43:45.302,10.0,buy,5908.37,BTC-17MAY19-6500-C,65.55,0.012,10.0,2,1557207825302,19028387,36
2019-05-07 05:47:12.097,10.0,buy,5904.16,BTC-17MAY19-6500-C,65.85,0.012,10.0,3,1557208032097,19028481,37
2019-05-07 05:48:09.549,20.0,buy,5901.7,BTC-17MAY19-6500-C,66.02,0.012,20.0,3,1557208089549,19028502,38
2019-05-07 05:49:26.345,10.0,buy,5895.48,BTC-17MAY19-6500-C,66.46,0.012,10.0,3,1557208166345,19028666,39
2019-05-07 07:24:40.965,1.0,sell,5871.47,BTC-17MAY19-6500-C,68.34,0.012,1.0,3,1557213880965,19031988,40
2019-05-07 10:30:41.188,24.0,sell,5902.19,BTC-17MAY19-6500-C,64.48,0.011,24.0,2,1557225041188,19038061,41
2019-05-07 11:36:17.455,15.0,buy,5878.68,BTC-17MAY19-6500-C,67.35,0.0115,15.0,0,1557228977455,19038980,42
2019-05-07 13:09:35.318,0.1,buy,5883.8,BTC-17MAY19-6500-C,69.39,0.0125,0.1,0,1557234575318,19041964,43
2019-05-07 13:58:46.620,0.1,buy,5935.37,BTC-17MAY19-6500-C,65.85,0.0125,0.1,1,1557237526620,19045088,44
2019-05-07 14:01:04.696,0.1,buy,5952.19,BTC-17MAY19-6500-C,65.68,0.013000000000000001,0.1,0,1557237664696,19045676,45
2019-05-07 14:13:32.700,25.0,sell,5813.99,BTC-17MAY19-6500-C,69.9,0.0105,25.0,2,1557238412700,19053583,46
2019-05-07 14:13:40.770,5.0,sell,5807.36,BTC-17MAY19-6500-C,70.35,0.0105,5.0,3,1557238420770,19054134,47
2019-05-07 17:32:32.132,20.0,buy,5895.57,BTC-17MAY19-6500-C,69.2,0.0125,20.0,0,1557250352132,19069135,48
2019-05-07 19:16:22.101,2.0,sell,5839.38,BTC-17MAY19-6500-C,66.54,0.0095,2.0,2,1557256582101,19074647,49
2019-05-08 00:28:32.185,1.0,buy,5743.33,BTC-17MAY19-6500-C,72.55,0.009000000000000001,1.0,2,1557275312185,19116455,50
2019-05-08 00:29:11.782,0.2,buy,5750.32,BTC-17MAY19-6500-C,73.37,0.0095,0.2,0,1557275351782,19116732,51
2019-05-08 21:57:52.756,0.1,buy,5901.73,BTC-17MAY19-6500-C,65.03,0.009000000000000001,0.1,2,1557352672756,19172122,52
2019-05-09 00:25:40.428,1.0,buy,5948.76,BTC-17MAY19-6500-C,67.98,0.0115,1.0,0,1557361540428,19196052,53
2019-05-09 00:26:49.671,1.0,sell,5952.17,BTC-17MAY19-6500-C,66.57,0.011000000000000001,1.0,2,1557361609671,19196122,54
2019-05-09 03:04:29.557,1.0,buy,6025.41,BTC-17MAY19-6500-C,67.93,0.013999999999999999,1.0,0,1557371069557,19217660,55
2019-05-09 03:04:34.662,1.0,sell,6022.52,BTC-17MAY19-6500-C,67.1,0.0135,1.0,2,1557371074662,19217688,56
2019-05-09 03:20:09.759,0.5,buy,6040.18,BTC-17MAY19-6500-C,67.82,0.0145,0.5,0,1557372009759,19218237,57
2019-05-09 06:52:06.760,0.1,buy,6069.65,BTC-17MAY19-6500-C,65.99,0.0145,0.1,1,1557384726760,19225577,58
2019-05-09 06:52:15.862,10.0,buy,6070.88,BTC-17MAY19-6500-C,65.89,0.0145,10.0,1,1557384735862,19225582,59
2019-05-09 07:34:07.482,2.0,buy,6063.76,BTC-17MAY19-6500-C,67.65,0.015,2.0,0,1557387247482,19226538,60
2019-05-09 12:46:55.361,1.0,sell,6011.9,BTC-17MAY19-6500-C,64.01,0.011000000000000001,1.0,2,1557406015361,19241809,61
2019-05-09 12:46:57.422,1.0,sell,6011.79,BTC-17MAY19-6500-C,64.02,0.011000000000000001,1.0,3,1557406017422,19241811,62
2019-05-09 12:47:00.923,1.0,sell,6010.82,BTC-17MAY19-6500-C,64.09,0.011000000000000001,1.0,3,1557406020923,19241812,63
2019-05-09 12:48:19.665,1.0,sell,6001.87,BTC-17MAY19-6500-C,64.81,0.011000000000000001,1.0,3,1557406099665,19241991,64
2019-05-09 13:07:34.632,1.0,sell,5973.81,BTC-17MAY19-6500-C,67.09,0.011000000000000001,1.0,3,1557407254632,19244362,65
2019-05-09 13:08:08.434,4.0,sell,5966.63,BTC-17MAY19-6500-C,67.65,0.011000000000000001,4.0,3,1557407288434,19244820,66
2019-05-09 13:59:14.243,6.4,buy,6010.77,BTC-17MAY19-6500-C,67.76,0.0125,6.4,1,1557410354243,19248796,68
2019-05-09 13:59:14.243,4.0,buy,6010.77,BTC-17MAY19-6500-C,67.76,0.0125,4.0,0,1557410354243,19248795,67
2019-05-09 18:51:46.745,0.1,sell,6059.8,BTC-17MAY19-6500-C,61.18,0.011000000000000001,0.1,2,1557427906745,19259028,69
2019-05-09 18:59:01.809,0.1,buy,6047.56,BTC-17MAY19-6500-C,64.5,0.012,0.1,0,1557428341809,19259248,70
2019-05-09 19:10:18.959,15.9,sell,6046.16,BTC-17MAY19-6500-C,64.65,0.012,15.9,1,1557429018959,19259565,71
2019-05-09 20:54:34.173,10.0,buy,6076.0,BTC-17MAY19-6500-C,61.33,0.0115,10.0,2,1557435274173,19263565,72
2019-05-09 21:01:31.704,0.1,sell,6079.78,BTC-17MAY19-6500-C,59.89,0.011000000000000001,0.1,2,1557435691704,19263794,73
2019-05-09 21:32:49.920,5.0,sell,6095.53,BTC-17MAY19-6500-C,60.92,0.012,5.0,0,1557437569920,19265395,74
2019-05-09 21:34:06.553,5.0,buy,6098.98,BTC-17MAY19-6500-C,60.63,0.012,5.0,1,1557437646553,19266006,75
2019-05-09 21:37:31.027,10.0,buy,6131.23,BTC-17MAY19-6500-C,61.13,0.0135,10.0,0,1557437851027,19268236,76
2019-05-09 21:42:11.133,10.0,buy,6124.46,BTC-17MAY19-6500-C,60.66,0.013000000000000001,10.0,2,1557438131133,19269455,77
2019-05-09 21:49:40.730,1.0,sell,6125.13,BTC-17MAY19-6500-C,58.44,0.012,1.0,2,1557438580730,19270116,78
2019-05-09 22:35:02.015,25.0,buy,6139.34,BTC-17MAY19-6500-C,58.43,0.0125,25.0,0,1557441302015,19273462,79
2019-05-09 22:37:29.246,10.0,buy,6144.68,BTC-17MAY19-6500-C,57.97,0.0125,10.0,1,1557441449246,19273789,80
2019-05-09 22:37:29.321,6.9,buy,6144.68,BTC-17MAY19-6500-C,57.97,0.0125,6.9,1,1557441449321,19273790,81
2019-05-09 22:37:35.698,8.1,buy,6144.51,BTC-17MAY19-6500-C,57.98,0.0125,8.1,1,1557441455698,19273809,82
2019-05-09 22:43:32.131,10.0,buy,6148.31,BTC-17MAY19-6500-C,58.74,0.013000000000000001,10.0,0,1557441812131,19274448,83
2019-05-09 22:43:48.823,15.0,buy,6154.79,BTC-17MAY19-6500-C,58.17,0.013000000000000001,15.0,1,1557441828823,19274534,84
2019-05-09 22:50:31.508,24.0,sell,6143.48,BTC-17MAY19-6500-C,57.02,0.012,24.0,2,1557442231508,19275294,85
2019-05-10 00:48:07.593,10.0,buy,6135.95,BTC-17MAY19-6500-C,60.18,0.013000000000000001,10.0,0,1557449287593,19282968,86
2019-05-10 01:23:16.896,10.0,buy,6137.1,BTC-17MAY19-6500-C,59.09,0.0125,10.0,2,1557451396896,19285331,87
2019-05-10 01:59:32.154,0.1,sell,6175.98,BTC-17MAY19-6500-C,56.81,0.013000000000000001,0.1,0,1557453572154,19288473,88
2019-05-10 02:10:40.995,6.0,buy,6185.17,BTC-17MAY19-6500-C,59.16,0.0145,6.0,0,1557454240995,19289820,89
2019-05-10 02:27:31.572,0.1,buy,6233.97,BTC-17MAY19-6500-C,58.64,0.0165,0.1,0,1557455251572,19294020,90
2019-05-10 02:58:21.731,5.0,sell,6223.23,BTC-17MAY19-6500-C,60.76,0.017,5.0,0,1557457101731,19299970,91
2019-05-10 03:11:55.037,0.5,buy,6281.54,BTC-17MAY19-6500-C,59.85,0.0195,0.5,0,1557457915037,19302340,92
2019-05-10 03:16:08.436,0.1,buy,6288.18,BTC-17MAY19-6500-C,60.13,0.02,0.1,0,1557458168436,19303503,93
2019-05-10 03:16:42.161,0.9,buy,6293.3,BTC-17MAY19-6500-C,59.6,0.02,0.9,1,1557458202161,19303718,94
2019-05-10 03:26:07.625,0.5,sell,6296.23,BTC-17MAY19-6500-C,58.37,0.0195,0.5,2,1557458767625,19306728,95
2019-05-10 03:26:35.354,1.0,buy,6296.21,BTC-17MAY19-6500-C,58.38,0.0195,1.0,3,1557458795354,19306746,96
2019-05-10 03:28:18.235,0.5,sell,6283.1,BTC-17MAY19-6500-C,60.69,0.02,0.5,0,1557458898235,19307041,97
2019-05-10 03:29:43.818,9.5,sell,6270.99,BTC-17MAY19-6500-C,61.94,0.02,9.5,1,1557458983818,19307562,98
2019-05-10 03:52:21.212,1.0,sell,6271.53,BTC-17MAY19-6500-C,58.1,0.018000000000000002,1.0,2,1557460341212,19310857,99
2019-05-10 04:26:25.500,1.0,buy,6250.44,BTC-17MAY19-6500-C,64.21,0.02,1.0,0,1557462385500,19317380,100
2019-05-10 05:28:18.799,4.0,buy,6252.49,BTC-17MAY19-6500-C,68.05,0.022000000000000002,4.0,1,1557466098799,19324070,103
2019-05-10 05:28:18.799,49.5,buy,6252.49,BTC-17MAY19-6500-C,68.05,0.022000000000000002,49.5,1,1557466098799,19324069,102
2019-05-10 05:28:18.799,3.0,buy,6252.49,BTC-17MAY19-6500-C,68.05,0.022000000000000002,3.0,0,1557466098799,19324068,101
2019-05-10 05:28:18.802,13.5,sell,6252.49,BTC-17MAY19-6500-C,68.05,0.022000000000000002,13.5,1,1557466098802,19324071,104
2019-05-10 05:28:53.625,6.6000000000000005,buy,6268.79,BTC-17MAY19-6500-C,66.36,0.022000000000000002,6.6000000000000005,1,1557466133625,19324316,105
2019-05-10 05:29:14.282,1.0,sell,6266.99,BTC-17MAY19-6500-C,66.55,0.022000000000000002,1.0,1,1557466154282,19324390,106
2019-05-10 05:29:17.946,5.0,sell,6266.89,BTC-17MAY19-6500-C,66.56,0.022000000000000002,5.0,1,1557466157946,19324393,107
2019-05-10 05:30:56.371,1.0,sell,6276.77,BTC-17MAY19-6500-C,65.53,0.022000000000000002,1.0,1,1557466256371,19324512,108
2019-05-10 05:34:33.047,4.0,sell,6272.95,BTC-17MAY19-6500-C,65.94,0.022000000000000002,4.0,1,1557466473047,19324763,109
2019-05-10 05:34:34.803,4.0,sell,6273.16,BTC-17MAY19-6500-C,65.92,0.022000000000000002,4.0,1,1557466474803,19324771,110
2019-05-10 05:34:36.902,4.0,sell,6272.91,BTC-17MAY19-6500-C,65.95,0.022000000000000002,4.0,1,1557466476902,19324776,111
2019-05-10 05:34:37.234,4.0,sell,6272.91,BTC-17MAY19-6500-C,65.95,0.022000000000000002,4.0,1,1557466477234,19324777,112
2019-05-10 05:34:37.264,0.4,sell,6272.91,BTC-17MAY19-6500-C,65.95,0.022000000000000002,0.4,1,1557466477264,19324778,113
2019-05-10 06:18:20.743,6.0,buy,6268.71,BTC-17MAY19-6500-C,62.69,0.02,6.0,2,1557469100743,19326477,114
2019-05-10 06:18:25.487,4.0,buy,6269.44,BTC-17MAY19-6500-C,62.61,0.02,4.0,3,1557469105487,19326478,115
2019-05-10 06:45:37.604,15.0,sell,6281.45,BTC-17MAY19-6500-C,65.28,0.022000000000000002,15.0,0,1557470737604,19327430,116
2019-05-10 06:48:43.716,25.0,sell,6275.91,BTC-17MAY19-6500-C,64.92,0.0215,25.0,2,1557470923716,19327564,117
2019-05-10 07:23:23.207,2.0,buy,6299.27,BTC-17MAY19-6500-C,67.28,0.024,2.0,0,1557473003207,19331583,118
2019-05-10 07:42:38.603,0.4,buy,6329.29,BTC-17MAY19-6500-C,63.12,0.0235,0.4,2,1557474158603,19334539,119
2019-05-10 07:47:14.299,1.0,sell,6333.15,BTC-17MAY19-6500-C,61.77,0.023,1.0,2,1557474434299,19335384,120
2019-05-10 08:00:21.198,0.3,sell,6319.01,BTC-17MAY19-6500-C,61.49,0.022000000000000002,0.3,2,1557475221198,19336284,121
2019-05-10 08:00:33.928,0.5,sell,6319.45,BTC-17MAY19-6500-C,61.44,0.022000000000000002,0.5,3,1557475233928,19336293,122
2019-05-10 08:01:03.096,0.5,sell,6319.2,BTC-17MAY19-6500-C,61.47,0.022000000000000002,0.5,3,1557475263096,19336299,123
2019-05-10 08:01:15.672,0.5,sell,6319.04,BTC-17MAY19-6500-C,61.49,0.022000000000000002,0.5,3,1557475275672,19336300,124
2019-05-10 08:01:33.215,0.5,sell,6318.78,BTC-17MAY19-6500-C,61.52,0.022000000000000002,0.5,3,1557475293215,19336302,125
2019-05-10 08:01:45.626,0.2,sell,6319.72,BTC-17MAY19-6500-C,61.41,0.022000000000000002,0.2,3,1557475305626,19336303,126
2019-05-10 08:01:55.300,0.1,sell,6319.84,BTC-17MAY19-6500-C,61.4,0.022000000000000002,0.1,3,1557475315300,19336306,127
2019-05-10 08:02:30.912,0.5,sell,6320.8,BTC-17MAY19-6500-C,62.24,0.0225,0.5,0,1557475350912,19336325,128
2019-05-10 08:02:34.552,1.0,buy,6320.6,BTC-17MAY19-6500-C,63.2,0.023,1.0,0,1557475354552,19336353,129
2019-05-10 08:02:40.413,0.1,sell,6321.32,BTC-17MAY19-6500-C,62.19,0.0225,0.1,2,1557475360413,19336454,130
2019-05-10 08:02:47.724,0.1,sell,6320.79,BTC-17MAY19-6500-C,61.3,0.022000000000000002,0.1,2,1557475367724,19336456,131
2019-05-10 08:03:55.066,6.0,sell,6324.91,BTC-17MAY19-6500-C,61.8,0.0225,6.0,0,1557475435066,19336501,132
2019-05-10 08:03:55.178,6.0,buy,6324.91,BTC-17MAY19-6500-C,61.8,0.0225,6.0,1,1557475435178,19336502,133
2019-05-10 08:04:22.033,0.1,buy,6327.49,BTC-17MAY19-6500-C,65.26,0.0245,0.1,0,1557475462033,19336542,134
2019-05-10 08:04:22.033,0.1,buy,6327.49,BTC-17MAY19-6500-C,67.13,0.0255,0.1,0,1557475462033,19336543,135
2019-05-10 08:04:22.033,0.1,buy,6327.49,BTC-17MAY19-6500-C,68.06,0.026000000000000002,0.1,0,1557475462033,19336544,136
2019-05-10 08:05:45.187,0.5,buy,6330.22,BTC-17MAY19-6500-C,60.28,0.022000000000000002,0.5,3,1557475545187,19336654,138
2019-05-10 08:05:45.187,0.5,buy,6330.22,BTC-17MAY19-6500-C,60.28,0.022000000000000002,0.5,2,1557475545187,19336653,137
2019-05-10 08:08:33.464,0.5,buy,6324.06,BTC-17MAY19-6500-C,61.9,0.0225,0.5,1,1557475713464,19336842,140
2019-05-10 08:08:33.464,0.5,buy,6324.06,BTC-17MAY19-6500-C,61.9,0.0225,0.5,0,1557475713464,19336841,139
2019-05-10 08:08:49.547,0.5,buy,6324.46,BTC-17MAY19-6500-C,59.98,0.0215,0.5,2,1557475729547,19336854,141
2019-05-10 08:08:49.547,0.5,buy,6324.46,BTC-17MAY19-6500-C,59.98,0.0215,0.5,3,1557475729547,19336855,142
2019-05-10 08:11:58.074,0.1,sell,6295.36,BTC-17MAY19-6500-C,59.29,0.0195,0.1,2,1557475918074,19337649,143
2019-05-10 08:37:43.548,2.0,sell,6295.26,BTC-17MAY19-6500-C,60.34,0.02,2.0,0,1557477463548,19341924,144
2019-05-10 08:47:31.190,0.8,sell,6277.46,BTC-17MAY19-6500-C,59.32,0.0185,0.8,2,1557478051190,19342689,145
2019-05-10 08:53:33.522,0.5,sell,6282.54,BTC-17MAY19-6500-C,59.79,0.019,0.5,0,1557478413522,19343596,146
2019-05-10 08:53:48.717,5.0,sell,6283.75,BTC-17MAY19-6500-C,59.66,0.019,5.0,1,1557478428717,19343636,147
2019-05-10 09:08:18.014,0.1,buy,6277.86,BTC-17MAY19-6500-C,65.16,0.0215,0.1,1,1557479298014,19344463,149
2019-05-10 09:08:18.014,0.2,buy,6277.86,BTC-17MAY19-6500-C,65.16,0.0215,0.2,0,1557479298014,19344462,148
2019-05-10 09:36:52.923,0.2,sell,6276.49,BTC-17MAY19-6500-C,58.59,0.018000000000000002,0.2,2,1557481012923,19346658,150
2019-05-10 10:04:16.361,32.0,sell,6301.75,BTC-17MAY19-6500-C,57.98,0.019,32.0,0,1557482656361,19347370,151
2019-05-10 10:22:59.869,0.2,buy,6295.26,BTC-17MAY19-6500-C,58.72,0.019,0.2,1,1557483779869,19348500,152
2019-05-10 10:32:58.491,0.8,buy,6300.96,BTC-17MAY19-6500-C,58.15,0.019,0.8,1,1557484378491,19348759,153
2019-05-10 10:49:14.769,1.0,buy,6291.56,BTC-17MAY19-6500-C,60.16,0.0195,1.0,0,1557485354769,19349618,154
2019-05-10 10:52:27.436,0.9,buy,6285.88,BTC-17MAY19-6500-C,61.74,0.02,0.9,0,1557485547436,19349690,155
2019-05-10 10:59:30.451,8.1,sell,6277.4,BTC-17MAY19-6500-C,62.66,0.02,8.1,1,1557485970451,19349925,156
2019-05-10 11:06:57.465,0.1,sell,6281.79,BTC-17MAY19-6500-C,57.32,0.0175,0.1,2,1557486417465,19350475,157
2019-05-10 11:07:46.466,0.1,sell,6283.38,BTC-17MAY19-6500-C,57.16,0.0175,0.1,3,1557486466466,19350531,158
2019-05-10 12:02:25.558,0.2,sell,6278.84,BTC-17MAY19-6500-C,61.73,0.0195,0.2,0,1557489745558,19352072,159
2019-05-10 12:04:36.515,4.8,sell,6269.77,BTC-17MAY19-6500-C,62.69,0.0195,4.8,1,1557489876515,19352363,160
2019-05-10 13:25:22.847,0.1,sell,6279.47,BTC-17MAY19-6500-C,58.96,0.018000000000000002,0.1,2,1557494722847,19357743,161
2019-05-10 13:55:33.580,4.0,sell,6268.94,BTC-17MAY19-6500-C,57.14,0.0165,4.0,2,1557496533580,19358698,162
2019-05-10 14:53:58.888,15.0,sell,6237.36,BTC-17MAY19-6500-C,55.32,0.013999999999999999,15.0,2,1557500038888,19363854,163
2019-05-10 14:57:03.923,2.0,sell,6250.57,BTC-17MAY19-6500-C,55.07,0.0145,2.0,0,1557500223923,19364179,164
2019-05-10 14:58:35.505,32.0,sell,6250.27,BTC-17MAY19-6500-C,55.11,0.0145,32.0,1,1557500315505,19364195,165
2019-05-10 15:25:02.333,25.0,sell,6265.16,BTC-17MAY19-6500-C,53.69,0.0145,25.0,1,1557501902333,19365165,166
2019-05-10 15:56:38.039,0.2,buy,6307.57,BTC-17MAY19-6500-C,56.43,0.018000000000000002,0.2,0,1557503798039,19367004,167
2019-05-10 15:56:53.967,25.0,buy,6304.81,BTC-17MAY19-6500-C,57.72,0.0185,25.0,0,1557503813967,19367092,168
2019-05-10 15:56:53.967,2.0,buy,6304.81,BTC-17MAY19-6500-C,57.72,0.0185,2.0,1,1557503813967,19367093,169
2019-05-10 15:58:06.153,1.0,sell,6304.73,BTC-17MAY19-6500-C,53.76,0.0165,1.0,2,1557503886153,19367185,170
2019-05-10 15:59:03.304,4.6000000000000005,buy,6318.17,BTC-17MAY19-6500-C,58.24,0.0195,4.6000000000000005,1,1557503943304,19367518,172
2019-05-10 15:59:03.304,20.0,buy,6318.17,BTC-17MAY19-6500-C,58.24,0.0195,20.0,0,1557503943304,19367517,171
2019-05-10 15:59:39.930,4.0,buy,6314.37,BTC-17MAY19-6500-C,58.65,0.0195,4.0,1,1557503979930,19367642,173
2019-05-10 16:05:10.945,0.2,sell,6322.46,BTC-17MAY19-6500-C,53.87,0.0175,0.2,2,1557504310945,19368561,174
2019-05-10 16:05:11.982,0.2,buy,6321.79,BTC-17MAY19-6500-C,58.83,0.02,0.2,0,1557504311982,19368562,175
2019-05-10 16:15:51.487,0.8,buy,6354.66,BTC-17MAY19-6500-C,55.19,0.02,0.8,1,1557504951487,19371265,176
2019-05-10 16:17:03.711,4.9,buy,6351.1,BTC-17MAY19-6500-C,56.56,0.0205,4.9,0,1557505023711,19371502,177
2019-05-10 16:30:56.646,4.3,buy,6347.82,BTC-17MAY19-6500-C,56.0,0.02,4.3,2,1557505856646,19373000,178
2019-05-10 16:30:56.659,0.2,buy,6347.82,BTC-17MAY19-6500-C,57.93,0.021,0.2,1,1557505856659,19373003,181
2019-05-10 16:30:56.659,0.9,buy,6347.82,BTC-17MAY19-6500-C,56.0,0.02,0.9,3,1557505856659,19373001,179
2019-05-10 16:30:56.659,0.1,buy,6347.82,BTC-17MAY19-6500-C,57.93,0.021,0.1,0,1557505856659,19373002,180
2019-05-10 16:30:56.662,2.3000000000000003,buy,6347.82,BTC-17MAY19-6500-C,57.93,0.021,2.3000000000000003,1,1557505856662,19373004,182
2019-05-10 16:30:56.663,0.3,buy,6347.82,BTC-17MAY19-6500-C,57.93,0.021,0.3,1,1557505856663,19373005,183
2019-05-10 16:30:56.669,5.2,buy,6347.82,BTC-17MAY19-6500-C,57.93,0.021,5.2,1,1557505856669,19373006,184
2019-05-10 16:30:56.670,1.2,buy,6347.82,BTC-17MAY19-6500-C,57.93,0.021,1.2,1,1557505856670,19373007,185
2019-05-10 16:30:56.671,1.2,buy,6347.82,BTC-17MAY19-6500-C,57.93,0.021,1.2,1,1557505856671,19373008,186
2019-05-10 16:30:56.677,3.3000000000000003,buy,6347.82,BTC-17MAY19-6500-C,57.93,0.021,3.3000000000000003,1,1557505856677,19373009,187
2019-05-10 16:30:56.680,0.9,buy,6347.82,BTC-17MAY19-6500-C,57.93,0.021,0.9,1,1557505856680,19373010,188
2019-05-10 16:30:56.783,1.4,sell,6347.82,BTC-17MAY19-6500-C,57.93,0.021,1.4,1,1557505856783,19373013,191
2019-05-10 16:30:56.783,1.5,sell,6347.82,BTC-17MAY19-6500-C,57.93,0.021,1.5,1,1557505856783,19373014,192
2019-05-10 16:30:56.783,1.6,sell,6347.82,BTC-17MAY19-6500-C,57.93,0.021,1.6,1,1557505856783,19373011,189
2019-05-10 16:30:56.783,2.3000000000000003,sell,6347.82,BTC-17MAY19-6500-C,57.93,0.021,2.3000000000000003,1,1557505856783,19373012,190
2019-05-10 16:31:01.696,1.0,sell,6348.38,BTC-17MAY19-6500-C,57.87,0.021,1.0,1,1557505861696,19373015,193
2019-05-10 16:31:23.019,1.0,sell,6348.34,BTC-17MAY19-6500-C,57.87,0.021,1.0,1,1557505883019,19373016,194
2019-05-10 16:31:25.222,1.0,sell,6347.9,BTC-17MAY19-6500-C,57.92,0.021,1.0,1,1557505885222,19373017,195
2019-05-10 16:32:19.923,1.7,sell,6345.9,BTC-17MAY19-6500-C,58.15,0.021,1.7,1,1557505939923,19373043,198
2019-05-10 16:32:19.923,2.2,sell,6345.9,BTC-17MAY19-6500-C,58.15,0.021,2.2,1,1557505939923,19373041,196
2019-05-10 16:32:19.923,0.8,sell,6345.9,BTC-17MAY19-6500-C,58.15,0.021,0.8,1,1557505939923,19373042,197
2019-05-10 16:33:56.919,3.8,buy,6342.33,BTC-17MAY19-6500-C,56.63,0.02,3.8,2,1557506036919,19373185,199
2019-05-10 16:40:00.065,5.4,buy,6373.2,BTC-17MAY19-6500-C,56.95,0.022000000000000002,5.4,0,1557506400065,19374199,200
2019-05-10 16:45:33.671,0.1,sell,6385.04,BTC-17MAY19-6500-C,53.67,0.021,0.1,2,1557506733671,19375793,201
2019-05-10 16:53:27.273,24.0,buy,6402.84,BTC-17MAY19-6500-C,58.17,0.0245,24.0,0,1557507207273,19378792,202
2019-05-10 16:53:27.273,1.0,buy,6402.84,BTC-17MAY19-6500-C,59.12,0.025,1.0,0,1557507207273,19378793,203
2019-05-10 17:11:43.036,0.1,buy,6386.68,BTC-17MAY19-6500-C,55.45,0.022,0.1,2,1557508303036,19383571,204
2019-05-10 17:14:10.311,1.0,buy,6393.21,BTC-17MAY19-6500-C,59.41,0.0245,1.0,0,1557508450311,19383831,205
2019-05-10 17:29:53.048,0.1,buy,6387.16,BTC-17MAY19-6500-C,58.29,0.0235,0.1,2,1557509393048,19385368,206
2019-05-10 18:10:46.224,1.0,sell,6395.17,BTC-17MAY19-6500-C,57.45,0.0235,1.0,3,1557511846224,19388280,207
2019-05-10 19:32:02.708,0.1,buy,6389.06,BTC-17MAY19-6500-C,57.49,0.023,0.1,2,1557516722708,19393904,208
2019-05-10 19:49:01.924,0.1,sell,6383.3,BTC-17MAY19-6500-C,59.19,0.0235,0.1,0,1557517741924,19394734,209
2019-05-10 19:49:43.125,4.9,sell,6379.09,BTC-17MAY19-6500-C,58.74,0.023,4.9,2,1557517783125,19394826,210
2019-05-10 20:01:10.756,0.5,sell,6366.55,BTC-17MAY19-6500-C,59.3,0.0225,0.5,2,1557518470756,19395177,211
2019-05-10 20:10:25.446,0.1,sell,6356.08,BTC-17MAY19-6500-C,59.59,0.022000000000000002,0.1,2,1557519025446,19396110,212
2019-05-10 20:32:07.223,2.0,sell,6360.52,BTC-17MAY19-6500-C,55.26,0.02,2.0,2,1557520327223,19396968,213
2019-05-10 20:34:24.623,3.0,sell,6345.13,BTC-17MAY19-6500-C,55.08,0.019,3.0,2,1557520464623,19397351,214
2019-05-10 20:39:58.681,5.0,sell,6334.7,BTC-17MAY19-6500-C,56.27,0.019,5.0,3,1557520798681,19398173,215
2019-05-10 20:47:34.841,0.6,sell,6284.58,BTC-17MAY19-6500-C,58.78,0.0175,0.6,2,1557521254841,19402305,216
2019-05-10 20:59:57.786,0.2,sell,6291.13,BTC-17MAY19-6500-C,55.06,0.016,0.2,2,1557521997786,19406309,217
2019-05-10 21:00:11.120,0.2,sell,6292.97,BTC-17MAY19-6500-C,54.86,0.016,0.2,3,1557522011120,19406328,218
2019-05-10 21:00:21.798,0.2,sell,6292.93,BTC-17MAY19-6500-C,54.87,0.016,0.2,3,1557522021798,19406347,219
2019-05-10 21:01:19.155,0.1,sell,6287.31,BTC-17MAY19-6500-C,54.44,0.0155,0.1,3,1557522079155,19406477,221
2019-05-10 21:01:19.155,0.1,sell,6287.31,BTC-17MAY19-6500-C,54.44,0.0155,0.1,2,1557522079155,19406476,220
2019-05-10 21:01:54.865,0.2,sell,6280.65,BTC-17MAY19-6500-C,55.14,0.0155,0.2,3,1557522114865,19406611,222
2019-05-10 21:07:52.762,0.2,buy,6316.23,BTC-17MAY19-6500-C,56.42,0.018000000000000002,0.2,0,1557522472762,19407523,223
2019-05-10 21:07:52.762,0.2,buy,6316.23,BTC-17MAY19-6500-C,56.42,0.018000000000000002,0.2,1,1557522472762,19407524,224
2019-05-10 21:09:49.793,2.5,buy,6316.59,BTC-17MAY19-6500-C,62.35,0.021,2.5,0,1557522589793,19407869,225
2019-05-10 21:39:34.520,8.0,buy,6331.53,BTC-17MAY19-6500-C,62.72,0.022000000000000002,8.0,0,1557524374520,19410638,226
2019-05-10 22:52:17.090,1.0,buy,6386.77,BTC-17MAY19-6500-C,62.24,0.025,1.0,0,1557528737090,19413485,227
2019-05-11 01:05:09.308,0.2,sell,6383.53,BTC-17MAY19-6500-C,57.26,0.022000000000000002,0.2,2,1557536709308,19418814,228
2019-05-11 01:24:34.644,0.5,buy,6385.98,BTC-17MAY19-6500-C,62.87,0.025,0.5,1,1557537874644,19419564,230
2019-05-11 01:24:34.644,1.0,buy,6385.98,BTC-17MAY19-6500-C,62.87,0.025,1.0,0,1557537874644,19419563,229
2019-05-11 02:01:28.374,1.0,buy,6490.68,BTC-17MAY19-6500-C,59.77,0.0305,1.0,0,1557540088374,19425133,231
2019-05-11 02:12:20.954,1.0,buy,6484.55,BTC-17MAY19-6500-C,59.71,0.03,1.0,2,1557540740954,19426977,232
2019-05-11 02:45:25.506,2.0,sell,6459.33,BTC-17MAY19-6500-C,57.53,0.027000000000000003,2.0,2,1557542725506,19430573,233
2019-05-11 02:45:25.506,27.6,sell,6459.33,BTC-17MAY19-6500-C,57.53,0.027000000000000003,27.6,3,1557542725506,19430574,234
2019-05-11 02:54:26.842,0.1,buy,6485.78,BTC-17MAY19-6500-C,59.67,0.03,0.1,0,1557543266842,19431326,235
2019-05-11 03:00:50.994,0.1,buy,6539.04,BTC-17MAY19-6500-C,61.57,0.035,0.1,0,1557543650994,19434119,236
2019-05-11 03:04:48.388,4.0,sell,6520.22,BTC-17MAY19-6500-C,54.74,0.03,4.0,2,1557543888388,19435036,237
2019-05-11 03:17:45.478,0.4,buy,6556.45,BTC-17MAY19-6500-C,58.95,0.035,0.4,0,1557544665478,19436778,238
2019-05-11 03:17:49.134,2.8000000000000003,buy,6556.23,BTC-17MAY19-6500-C,58.99,0.035,2.8000000000000003,1,1557544669134,19436799,239
2019-05-11 03:18:10.464,0.3,buy,6554.6,BTC-17MAY19-6500-C,65.07,0.038,0.3,0,1557544690464,19436922,240
2019-05-11 03:21:58.941,0.2,sell,6536.83,BTC-17MAY19-6500-C,61.97,0.035,0.2,2,1557544918941,19437525,241
2019-05-11 04:01:50.438,5.0,buy,6561.7,BTC-17MAY19-6500-C,54.36,0.033,5.0,2,1557547310438,19441747,242
2019-05-11 04:01:59.870,3.7,buy,6564.7,BTC-17MAY19-6500-C,53.88,0.033,3.7,3,1557547319870,19441772,243
2019-05-11 04:02:37.980,1.3,buy,6571.5,BTC-17MAY19-6500-C,52.79,0.033,1.3,3,1557547357980,19441901,244
2019-05-11 04:02:37.980,1.7,buy,6571.5,BTC-17MAY19-6500-C,52.79,0.033,1.7,3,1557547357980,19441902,245
2019-05-11 04:02:42.020,0.4,buy,6572.45,BTC-17MAY19-6500-C,52.63,0.033,0.4,3,1557547362020,19441920,246
2019-05-11 04:02:43.066,0.4,buy,6572.51,BTC-17MAY19-6500-C,52.62,0.033,0.4,3,1557547363066,19441927,247
2019-05-11 04:02:43.179,0.4,buy,6572.51,BTC-17MAY19-6500-C,52.62,0.033,0.4,3,1557547363179,19441931,248
2019-05-11 04:02:47.878,0.4,buy,6572.5,BTC-17MAY19-6500-C,52.63,0.033,0.4,3,1557547367878,19441948,249
2019-05-11 04:02:47.908,0.4,buy,6572.5,BTC-17MAY19-6500-C,52.63,0.033,0.4,3,1557547367908,19441951,250
2019-05-11 04:03:03.234,1.3,buy,6572.37,BTC-17MAY19-6500-C,52.65,0.033,1.3,3,1557547383234,19442016,251
2019-05-11 04:48:10.309,4.0,buy,6688.93,BTC-17MAY19-6500-C,56.29,0.045,4.0,0,1557550090309,19451697,252
2019-05-11 04:49:31.361,0.1,buy,6727.68,BTC-17MAY19-6500-C,59.23,0.05,0.1,0,1557550171361,19453088,253
2019-05-11 04:54:04.209,0.1,buy,6679.11,BTC-17MAY19-6500-C,56.12,0.044,0.1,2,1557550444209,19457797,254
2019-05-11 04:54:04.713,0.1,sell,6679.11,BTC-17MAY19-6500-C,54.01,0.043,0.1,2,1557550444713,19457798,255
2019-05-11 04:56:01.037,0.1,sell,6700.02,BTC-17MAY19-6500-C,59.44,0.0475,0.1,0,1557550561037,19458627,256
2019-05-11 04:56:39.828,0.2,buy,6701.57,BTC-17MAY19-6500-C,59.14,0.0475,0.2,1,1557550599828,19458898,257
2019-05-11 04:57:25.129,0.4,sell,6719.21,BTC-17MAY19-6500-C,58.82,0.049,0.4,0,1557550645129,19459276,258
2019-05-11 04:57:31.554,0.4,sell,6720.23,BTC-17MAY19-6500-C,58.62,0.049,0.4,1,1557550651554,19459308,259
2019-05-11 04:57:31.593,0.4,sell,6720.23,BTC-17MAY19-6500-C,58.62,0.049,0.4,1,1557550651593,19459310,260
2019-05-11 04:58:01.367,0.4,sell,6719.84,BTC-17MAY19-6500-C,57.61,0.0485,0.4,2,1557550681367,19459753,261
2019-05-11 04:59:05.790,0.4,sell,6709.94,BTC-17MAY19-6500-C,58.55,0.048,0.4,2,1557550745790,19460208,262
2019-05-11 04:59:14.477,0.4,sell,6707.78,BTC-17MAY19-6500-C,58.98,0.048,0.4,3,1557550754477,19460303,263
2019-05-11 04:59:18.691,0.2,sell,6704.86,BTC-17MAY19-6500-C,59.56,0.048,0.2,3,1557550758691,19460423,264
2019-05-11 05:00:21.619,0.2,buy,6692.41,BTC-17MAY19-6500-C,54.58,0.0445,0.2,2,1557550821619,19461254,265
2019-05-11 05:02:26.940,0.4,buy,6666.14,BTC-17MAY19-6500-C,59.65,0.0445,0.4,3,1557550946940,19462422,266
2019-05-11 05:02:30.631,0.4,sell,6664.26,BTC-17MAY19-6500-C,62.06,0.0455,0.4,0,1557550950631,19462466,267
2019-05-11 05:02:30.659,0.4,sell,6664.26,BTC-17MAY19-6500-C,62.06,0.0455,0.4,1,1557550950659,19462468,268
2019-05-11 05:07:23.887,0.1,sell,6672.62,BTC-17MAY19-6500-C,60.53,0.0455,0.1,1,1557551243887,19463934,269
2019-05-11 05:08:01.134,5.0,buy,6687.86,BTC-17MAY19-6500-C,66.0,0.0495,5.0,0,1557551281134,19464039,270
2019-05-11 05:17:49.058,0.1,sell,6689.38,BTC-17MAY19-6500-C,66.8,0.05,0.1,0,1557551869058,19465407,271
2019-05-11 05:19:12.476,0.1,sell,6700.42,BTC-17MAY19-6500-C,64.73,0.05,0.1,1,1557551952476,19465648,272
2019-05-11 05:19:47.541,0.1,sell,6704.86,BTC-17MAY19-6500-C,63.88,0.05,0.1,1,1557551987541,19465790,273
2019-05-11 05:19:47.541,0.1,sell,6704.86,BTC-17MAY19-6500-C,63.88,0.05,0.1,1,1557551987541,19465791,274
2019-05-11 05:19:47.541,0.2,sell,6704.86,BTC-17MAY19-6500-C,63.88,0.05,0.2,1,1557551987541,19465792,275
2019-05-11 05:22:42.849,5.3,buy,6716.96,BTC-17MAY19-6500-C,66.85,0.0525,5.3,0,1557552162849,19467026,276
2019-05-11 05:35:42.374,15.0,buy,6690.28,BTC-17MAY19-6500-C,56.18,0.045,15.0,2,1557552942374,19470011,277
2019-05-11 05:37:33.180,3.0,buy,6685.63,BTC-17MAY19-6500-C,57.1,0.045,3.0,3,1557553053180,19470164,278
2019-05-11 05:38:09.451,0.6,buy,6689.71,BTC-17MAY19-6500-C,56.3,0.045,0.6,3,1557553089451,19470220,279
2019-05-11 05:38:09.479,0.6,buy,6689.71,BTC-17MAY19-6500-C,56.3,0.045,0.6,3,1557553089479,19470222,280
2019-05-11 05:38:30.783,0.3,buy,6693.44,BTC-17MAY19-6500-C,55.56,0.045,0.3,3,1557553110783,19470285,281
2019-05-11 05:38:35.781,0.3,buy,6696.41,BTC-17MAY19-6500-C,54.96,0.045,0.3,3,1557553115781,19470304,282
2019-05-11 05:38:35.818,0.6,buy,6697.78,BTC-17MAY19-6500-C,54.68,0.045,0.6,3,1557553115818,19470308,283
2019-05-11 05:38:36.829,0.6,buy,6699.49,BTC-17MAY19-6500-C,54.34,0.045,0.6,3,1557553116829,19470332,284
2019-05-11 05:39:14.029,0.9,buy,6692.7,BTC-17MAY19-6500-C,55.71,0.045,0.9,3,1557553154029,19470457,285
2019-05-11 05:39:21.448,0.4,buy,6694.93,BTC-17MAY19-6500-C,55.26,0.045,0.4,3,1557553161448,19470478,286
2019-05-11 05:39:47.833,0.4,buy,6698.87,BTC-17MAY19-6500-C,54.47,0.045,0.4,3,1557553187833,19470564,287
2019-05-11 05:40:18.823,0.2,buy,6707.25,BTC-17MAY19-6500-C,52.73,0.045,0.2,3,1557553218823,19470597,288
2019-05-11 05:40:21.904,2.1,buy,6708.37,BTC-17MAY19-6500-C,52.49,0.045,2.1,3,1557553221904,19470599,289
2019-05-11 05:51:49.789,0.4,buy,6718.53,BTC-17MAY19-6500-C,54.78,0.047,0.4,0,1557553909789,19474365,290
2019-05-11 05:51:52.980,0.4,buy,6720.88,BTC-17MAY19-6500-C,54.28,0.047,0.4,1,1557553912980,19474376,291
2019-05-11 05:51:56.662,0.4,buy,6725.38,BTC-17MAY19-6500-C,53.31,0.047,0.4,1,1557553916662,19474438,292
2019-05-11 05:52:19.254,0.4,buy,6724.42,BTC-17MAY19-6500-C,53.52,0.047,0.4,1,1557553939254,19474511,293
2019-05-11 05:52:20.917,0.4,buy,6726.0,BTC-17MAY19-6500-C,53.17,0.047,0.4,1,1557553940917,19474527,294
2019-05-11 05:52:21.121,0.4,buy,6726.0,BTC-17MAY19-6500-C,53.17,0.047,0.4,1,1557553941121,19474530,295
2019-05-11 05:52:21.338,0.4,buy,6726.0,BTC-17MAY19-6500-C,53.17,0.047,0.4,1,1557553941338,19474535,296
2019-05-11 06:00:58.358,5.0,buy,6726.97,BTC-17MAY19-6500-C,52.99,0.047,5.0,1,1557554458358,19476132,297
2019-05-11 06:02:11.861,17.2,buy,6732.23,BTC-17MAY19-6500-C,51.83,0.047,17.2,1,1557554531861,19476311,298
2019-05-11 06:12:40.998,5.0,sell,6867.41,BTC-17MAY19-6500-C,57.22,0.063,5.0,0,1557555160998,19485457,299
2019-05-11 06:22:06.058,0.1,buy,6879.08,BTC-17MAY19-6500-C,56.64,0.064,0.1,0,1557555726058,19491106,300
2019-05-11 06:22:53.051,0.1,buy,6898.9,BTC-17MAY19-6500-C,56.34,0.066,0.1,0,1557555773051,19491679,301
2019-05-11 06:22:56.297,0.1,buy,6905.95,BTC-17MAY19-6500-C,59.81,0.068,0.1,0,1557555776297,19491783,302
2019-05-11 06:23:15.943,0.1,buy,6900.54,BTC-17MAY19-6500-C,52.96,0.065,0.1,2,1557555795943,19492369,303
2019-05-11 06:23:45.170,0.4,buy,6902.49,BTC-17MAY19-6500-C,52.33,0.065,0.4,3,1557555825170,19492901,304
2019-05-11 06:23:46.402,0.4,buy,6904.49,BTC-17MAY19-6500-C,51.67,0.065,0.4,3,1557555826402,19492914,305
2019-05-11 06:23:46.700,0.4,buy,6904.49,BTC-17MAY19-6500-C,51.67,0.065,0.4,3,1557555826700,19492919,306
2019-05-11 06:23:56.436,0.4,buy,6903.75,BTC-17MAY19-6500-C,51.92,0.065,0.4,3,1557555836436,19493038,307
2019-05-11 06:23:58.143,2.4,buy,6904.33,BTC-17MAY19-6500-C,51.73,0.065,2.4,3,1557555838143,19493063,308
2019-05-11 06:24:21.465,0.1,buy,6921.43,BTC-17MAY19-6500-C,52.07,0.067,0.1,0,1557555861465,19493372,309
2019-05-11 07:15:31.388,0.1,buy,6808.84,BTC-17MAY19-6500-C,58.74,0.0575,0.1,2,1557558931388,19522176,310
2019-05-11 07:51:20.584,15.0,buy,6787.77,BTC-17MAY19-6500-C,77.22,0.0635,15.0,0,1557561080584,19528845,311
2019-05-11 07:52:01.009,15.0,buy,6781.03,BTC-17MAY19-6500-C,78.58,0.0635,15.0,1,1557561121009,19529076,312
2019-05-11 08:21:52.273,0.4,buy,6802.08,BTC-17MAY19-6500-C,82.19,0.067,0.4,0,1557562912273,19532734,313
2019-05-11 08:40:57.513,1.0,buy,6737.31,BTC-17MAY19-6500-C,79.72,0.06,1.0,2,1557564057513,19537029,314
2019-05-11 08:41:30.428,24.0,buy,6737.81,BTC-17MAY19-6500-C,79.63,0.06,24.0,3,1557564090428,19537053,315
2019-05-11 09:17:10.088,0.4,buy,6750.99,BTC-17MAY19-6500-C,77.27,0.06,0.4,3,1557566230088,19542815,316
2019-05-11 09:17:11.672,0.4,buy,6750.39,BTC-17MAY19-6500-C,77.39,0.06,0.4,3,1557566231672,19542816,317
2019-05-11 09:17:29.815,0.4,buy,6750.99,BTC-17MAY19-6500-C,77.27,0.06,0.4,3,1557566249815,19542907,318
2019-05-11 09:20:09.740,0.4,buy,6739.5,BTC-17MAY19-6500-C,75.2,0.057999999999999996,0.4,2,1557566409740,19543216,319
2019-05-11 09:20:09.752,0.4,buy,6739.5,BTC-17MAY19-6500-C,75.2,0.057999999999999996,0.4,3,1557566409752,19543218,320
2019-05-11 09:20:12.203,0.2,buy,6737.67,BTC-17MAY19-6500-C,75.56,0.057999999999999996,0.2,3,1557566412203,19543219,321
2019-05-11 09:22:00.184,0.4,buy,6739.27,BTC-17MAY19-6500-C,75.26,0.057999999999999996,0.4,3,1557566520184,19543401,322
2019-05-11 09:24:03.215,0.4,buy,6732.43,BTC-17MAY19-6500-C,72.29,0.055999999999999994,0.4,2,1557566643215,19543615,323
2019-05-11 09:25:58.359,1.0,sell,6732.31,BTC-17MAY19-6500-C,70.17,0.055,1.0,2,1557566758359,19543754,324
2019-05-11 09:30:02.036,0.1,buy,6751.8,BTC-17MAY19-6500-C,79.33,0.061,0.1,0,1557567002036,19544046,325
2019-05-11 09:38:35.739,0.1,buy,6783.89,BTC-17MAY19-6500-C,76.29,0.0625,0.1,0,1557567515739,19544689,326
2019-05-11 10:03:02.206,0.4,sell,6816.86,BTC-17MAY19-6500-C,79.65,0.067,0.4,0,1557568982206,19547152,327
2019-05-11 10:03:12.605,0.4,buy,6820.56,BTC-17MAY19-6500-C,78.87,0.067,0.4,1,1557568992605,19547203,328
2019-05-11 10:03:13.941,0.4,buy,6820.26,BTC-17MAY19-6500-C,78.93,0.067,0.4,1,1557568993941,19547221,329
2019-05-11 10:03:16.888,0.4,buy,6822.51,BTC-17MAY19-6500-C,78.46,0.067,0.4,1,1557568996888,19547229,330
2019-05-11 10:03:17.156,0.4,buy,6822.51,BTC-17MAY19-6500-C,78.46,0.067,0.4,1,1557568997156,19547231,331
2019-05-11 10:03:17.314,0.4,buy,6822.51,BTC-17MAY19-6500-C,78.46,0.067,0.4,1,1557568997314,19547233,332
2019-05-11 10:07:54.774,0.9,sell,6821.78,BTC-17MAY19-6500-C,75.21,0.0655,0.9,2,1557569274774,19548173,333
2019-05-11 10:28:04.794,0.4,buy,6826.07,BTC-17MAY19-6500-C,78.95,0.0675,0.4,0,1557570484794,19550669,334
2019-05-11 10:28:05.808,0.4,buy,6826.07,BTC-17MAY19-6500-C,78.95,0.0675,0.4,1,1557570485808,19550671,335
2019-05-11 10:29:01.921,0.2,buy,6831.28,BTC-17MAY19-6500-C,77.84,0.0675,0.2,1,1557570541921,19550737,336
2019-05-11 10:30:24.110,0.4,sell,6835.28,BTC-17MAY19-6500-C,75.82,0.067,0.4,2,1557570624110,19550801,337
2019-05-11 10:30:24.110,0.4,sell,6835.28,BTC-17MAY19-6500-C,75.82,0.067,0.4,3,1557570624110,19550802,338
2019-05-11 10:59:27.254,0.4,sell,6839.96,BTC-17MAY19-6500-C,84.14,0.071,0.4,0,1557572367254,19554089,339
2019-05-11 16:14:37.858,5.0,buy,6975.52,BTC-17MAY19-6500-C,83.49,0.083,5.0,0,1557591277858,19596110,340
2019-05-11 16:14:52.265,4.3,buy,6978.55,BTC-17MAY19-6500-C,84.02,0.0835,4.3,0,1557591292265,19596194,341
2019-05-11 16:15:22.433,5.0,sell,6987.71,BTC-17MAY19-6500-C,85.61,0.085,5.0,0,1557591322433,19596385,342
2019-05-11 16:15:49.165,3.9,buy,6995.7,BTC-17MAY19-6500-C,84.86,0.0855,3.9,0,1557591349165,19596633,343
2019-05-11 16:15:49.168,1.1,sell,6995.7,BTC-17MAY19-6500-C,84.86,0.0855,1.1,1,1557591349168,19596634,344
2019-05-11 16:50:02.138,0.4,sell,6924.81,BTC-17MAY19-6500-C,77.12,0.0755,0.4,2,1557593402138,19608017,345
2019-05-11 17:02:19.967,0.4,buy,6913.45,BTC-17MAY19-6500-C,85.03,0.0775,0.4,0,1557594139967,19611777,346
2019-05-11 17:02:21.807,0.4,sell,6913.58,BTC-17MAY19-6500-C,85.0,0.0775,0.4,1,1557594141807,19611779,347
2019-05-11 17:02:22.808,0.4,sell,6913.87,BTC-17MAY19-6500-C,84.94,0.0775,0.4,1,1557594142808,19611781,348
2019-05-11 17:02:40.508,1.8,sell,6913.46,BTC-17MAY19-6500-C,85.04,0.0775,1.8,1,1557594160508,19611842,349
2019-05-11 18:02:17.933,2.0,buy,6982.11,BTC-17MAY19-6500-C,91.5,0.0865,2.0,0,1557597737933,19618441,350
2019-05-11 18:29:32.510,0.1,buy,6943.6,BTC-17MAY19-6500-C,88.3,0.0815,0.1,2,1557599372510,19625725,351
2019-05-11 18:41:15.449,0.2,sell,6981.52,BTC-17MAY19-6500-C,77.18,0.081,0.2,2,1557600075449,19627029,352
2019-05-11 19:10:13.320,0.4,buy,6949.81,BTC-17MAY19-6500-C,84.43,0.0805,0.4,2,1557601813320,19629932,353
2019-05-11 19:10:20.437,0.4,sell,6949.72,BTC-17MAY19-6500-C,84.45,0.0805,0.4,3,1557601820437,19629936,354
2019-05-11 19:11:14.630,0.4,buy,6948.24,BTC-17MAY19-6500-C,86.12,0.081,0.4,0,1557601874630,19629974,355
2019-05-11 19:11:21.484,0.4,sell,6946.7,BTC-17MAY19-6500-C,86.5,0.081,0.4,1,1557601881484,19629983,356
2019-05-11 19:11:21.648,0.4,sell,6946.7,BTC-17MAY19-6500-C,86.5,0.081,0.4,1,1557601881648,19629985,357
2019-05-11 19:16:42.706,0.3,sell,6934.38,BTC-17MAY19-6500-C,0.0,0.018000000000000002,0.3,2,1557602202706,19630324,360
2019-05-11 19:16:42.706,0.4,sell,6934.38,BTC-17MAY19-6500-C,76.64,0.076,0.4,2,1557602202706,19630322,358
2019-05-11 19:16:42.706,6.0,sell,6934.38,BTC-17MAY19-6500-C,73.95,0.075,6.0,2,1557602202706,19630323,359
2019-05-11 19:16:42.706,2.0,sell,6934.38,BTC-17MAY19-6500-C,0.0,0.0055,2.0,2,1557602202706,19630326,362
2019-05-11 19:16:42.706,1.2,sell,6934.38,BTC-17MAY19-6500-C,0.0,0.0045,1.2,2,1557602202706,19630327,363
2019-05-11 19:16:42.706,0.1,sell,6934.38,BTC-17MAY19-6500-C,0.0,0.013000000000000001,0.1,2,1557602202706,19630325,361
2019-05-11 19:19:38.871,0.4,buy,6938.85,BTC-17MAY19-6500-C,84.65,0.0795,0.4,0,1557602378871,19630822,364
2019-05-11 19:20:27.613,0.4,buy,6943.9,BTC-17MAY19-6500-C,85.96,0.0805,0.4,0,1557602427613,19630929,365
2019-05-11 19:20:52.103,0.2,buy,6945.81,BTC-17MAY19-6500-C,86.77,0.081,0.2,0,1557602452103,19630951,366
2019-05-11 19:43:09.651,0.4,buy,6948.82,BTC-17MAY19-6500-C,83.55,0.08,0.4,2,1557603789651,19633327,367
2019-05-11 19:44:10.343,0.4,buy,6951.23,BTC-17MAY19-6500-C,84.25,0.0805,0.4,0,1557603850343,19633523,368
2019-05-11 19:44:14.117,0.2,sell,6951.08,BTC-17MAY19-6500-C,85.59,0.081,0.2,0,1557603854117,19633525,369
2019-05-11 21:16:40.814,0.1,sell,6945.13,BTC-17MAY19-6500-C,70.05,0.0745,0.1,2,1557609400814,19639227,370
2019-05-11 21:21:27.088,0.1,buy,6958.19,BTC-17MAY19-6500-C,70.49,0.076,0.1,0,1557609687088,19639361,373
2019-05-11 21:21:27.088,0.1,buy,6958.19,BTC-17MAY19-6500-C,67.54,0.075,0.1,0,1557609687088,19639359,371
2019-05-11 21:21:27.088,0.1,buy,6958.19,BTC-17MAY19-6500-C,69.03,0.0755,0.1,0,1557609687088,19639360,372
2019-05-11 21:45:08.483,0.1,buy,6993.84,BTC-17MAY19-6500-C,72.96,0.0805,0.1,0,1557611108483,19641351,374
2019-05-11 21:58:25.351,0.1,buy,7068.34,BTC-17MAY19-6500-C,73.6,0.0885,0.1,0,1557611905351,19646153,375
2019-05-11 21:58:42.628,4.0,buy,7073.75,BTC-17MAY19-6500-C,73.36,0.08900000000000001,4.0,0,1557611922628,19646225,376
2019-05-11 21:58:46.441,1.2,buy,7073.84,BTC-17MAY19-6500-C,73.33,0.08900000000000001,1.2,1,1557611926441,19646244,377
2019-05-11 21:58:46.441,2.8000000000000003,buy,7073.84,BTC-17MAY19-6500-C,73.33,0.08900000000000001,2.8000000000000003,1,1557611926441,19646245,378
2019-05-11 21:58:52.062,1.5,buy,7074.41,BTC-17MAY19-6500-C,73.12,0.08900000000000001,1.5,1,1557611932062,19646331,379
2019-05-11 21:58:52.062,2.3000000000000003,buy,7074.41,BTC-17MAY19-6500-C,73.12,0.08900000000000001,2.3000000000000003,1,1557611932062,19646332,380
2019-05-11 21:58:52.062,0.2,buy,7074.41,BTC-17MAY19-6500-C,73.12,0.08900000000000001,0.2,1,1557611932062,19646333,381
2019-05-11 21:58:56.322,1.5,buy,7075.37,BTC-17MAY19-6500-C,72.78,0.08900000000000001,1.5,1,1557611936322,19646392,382
2019-05-11 21:58:56.322,1.4,buy,7075.37,BTC-17MAY19-6500-C,72.78,0.08900000000000001,1.4,1,1557611936322,19646393,383
2019-05-11 21:58:56.322,1.1,buy,7075.37,BTC-17MAY19-6500-C,72.78,0.08900000000000001,1.1,1,1557611936322,19646394,384
2019-05-11 21:59:01.122,0.1,buy,7076.91,BTC-17MAY19-6500-C,72.22,0.08900000000000001,0.1,1,1557611941122,19646416,385
2019-05-11 21:59:01.122,1.6,buy,7076.91,BTC-17MAY19-6500-C,72.22,0.08900000000000001,1.6,1,1557611941122,19646417,386
2019-05-11 21:59:01.122,1.2,buy,7076.91,BTC-17MAY19-6500-C,72.22,0.08900000000000001,1.2,1,1557611941122,19646418,387
2019-05-11 21:59:01.122,1.1,buy,7076.91,BTC-17MAY19-6500-C,72.22,0.08900000000000001,1.1,1,1557611941122,19646419,388
2019-05-11 21:59:10.730,2.2,buy,7079.13,BTC-17MAY19-6500-C,71.4,0.08900000000000001,2.2,1,1557611950730,19646584,389
2019-05-11 21:59:10.730,1.8,buy,7079.13,BTC-17MAY19-6500-C,71.4,0.08900000000000001,1.8,1,1557611950730,19646585,390
2019-05-11 21:59:10.843,3.4,buy,7079.13,BTC-17MAY19-6500-C,71.4,0.08900000000000001,3.4,1,1557611950843,19646587,391
2019-05-11 21:59:10.843,0.6,buy,7079.13,BTC-17MAY19-6500-C,71.4,0.08900000000000001,0.6,1,1557611950843,19646588,392
2019-05-11 21:59:10.862,0.2,buy,7079.13,BTC-17MAY19-6500-C,71.4,0.08900000000000001,0.2,1,1557611950862,19646589,393
2019-05-11 21:59:10.862,2.3000000000000003,buy,7079.13,BTC-17MAY19-6500-C,71.4,0.08900000000000001,2.3000000000000003,1,1557611950862,19646590,394
2019-05-11 21:59:10.862,1.5,buy,7079.13,BTC-17MAY19-6500-C,71.4,0.08900000000000001,1.5,1,1557611950862,19646591,395
2019-05-11 21:59:10.891,0.9,buy,7079.13,BTC-17MAY19-6500-C,71.4,0.08900000000000001,0.9,1,1557611950891,19646592,396
2019-05-11 21:59:10.891,1.2,buy,7079.13,BTC-17MAY19-6500-C,71.4,0.08900000000000001,1.2,1,1557611950891,19646593,397
2019-05-11 21:59:10.891,0.3,buy,7079.13,BTC-17MAY19-6500-C,71.4,0.08900000000000001,0.3,1,1557611950891,19646594,398
2019-05-11 22:03:05.670,0.1,buy,7111.81,BTC-17MAY19-6500-C,76.69,0.094,0.1,0,1557612185670,19648956,399
2019-05-11 22:05:01.731,0.1,buy,7169.89,BTC-17MAY19-6500-C,72.21,0.099,0.1,0,1557612301731,19650591,400
2019-05-11 22:05:26.559,0.2,buy,7195.73,BTC-17MAY19-6500-C,63.88,0.1,0.2,0,1557612326559,19651858,401
2019-05-11 22:34:17.456,0.4,buy,7303.41,BTC-17MAY19-6500-C,98.88,0.12,0.4,0,1557614057456,19672680,402
2019-05-11 22:34:20.176,0.4,buy,7313.31,BTC-17MAY19-6500-C,95.31,0.12,0.4,1,1557614060176,19672870,403
2019-05-11 22:34:20.412,0.4,buy,7313.31,BTC-17MAY19-6500-C,95.31,0.12,0.4,1,1557614060412,19672881,404
2019-05-11 22:34:20.604,0.4,buy,7313.31,BTC-17MAY19-6500-C,95.31,0.12,0.4,1,1557614060604,19672900,405
2019-05-11 22:34:22.067,2.4,buy,7313.32,BTC-17MAY19-6500-C,95.31,0.12,2.4,1,1557614062067,19672972,406
2019-05-11 22:38:40.698,0.2,sell,7278.6,BTC-17MAY19-6500-C,102.17,0.1185,0.2,2,1557614320698,19678249,407
2019-05-11 22:40:35.337,0.1,buy,7223.43,BTC-17MAY19-6500-C,116.86,0.11800000000000001,0.1,2,1557614435337,19680379,408
2019-05-11 22:52:27.377,0.3,sell,7258.49,BTC-17MAY19-6500-C,113.12,0.12,0.3,0,1557615147377,19687703,409
2019-05-11 23:10:15.478,0.4,sell,7359.75,BTC-17MAY19-6500-C,105.89,0.1275,0.4,0,1557616215478,19695386,410
2019-05-11 23:17:14.550,0.2,sell,7364.05,BTC-17MAY19-6500-C,109.69,0.129,0.2,0,1557616634550,19703342,411
2019-05-11 23:17:14.606,0.2,sell,7364.05,BTC-17MAY19-6500-C,109.69,0.129,0.2,1,1557616634606,19703344,412
2019-05-11 23:17:31.595,0.2,sell,7358.47,BTC-17MAY19-6500-C,111.52,0.129,0.2,1,1557616651595,19703612,413
2019-05-11 23:17:33.942,0.2,sell,7356.28,BTC-17MAY19-6500-C,112.24,0.129,0.2,1,1557616653942,19703636,414
2019-05-11 23:17:34.173,0.2,sell,7356.28,BTC-17MAY19-6500-C,112.24,0.129,0.2,1,1557616654173,19703641,415
2019-05-11 23:17:34.257,0.2,sell,7356.28,BTC-17MAY19-6500-C,112.24,0.129,0.2,1,1557616654257,19703643,416
2019-05-11 23:17:35.370,0.2,sell,7355.21,BTC-17MAY19-6500-C,112.58,0.129,0.2,1,1557616655370,19703644,417
2019-05-11 23:17:39.720,0.2,sell,7353.46,BTC-17MAY19-6500-C,113.13,0.129,0.2,1,1557616659720,19703728,418
2019-05-11 23:17:39.744,1.3,sell,7353.46,BTC-17MAY19-6500-C,113.13,0.129,1.3,1,1557616659744,19703732,419
2019-05-12 02:03:16.827,0.2,sell,7225.81,BTC-17MAY19-6500-C,104.11,0.1135,0.2,2,1557626596827,19783813,420
2019-05-12 03:31:47.481,0.4,sell,7210.94,BTC-17MAY19-6500-C,98.15,0.11,0.4,2,1557631907481,19797957,421
2019-05-12 03:31:48.671,0.4,sell,7210.28,BTC-17MAY19-6500-C,98.37,0.11,0.4,3,1557631908671,19797961,422
2019-05-12 03:34:08.925,0.4,sell,7187.63,BTC-17MAY19-6500-C,97.57,0.1075,0.4,2,1557632048925,19798260,423
2019-05-12 03:36:42.686,0.4,sell,7175.47,BTC-17MAY19-6500-C,98.25,0.1065,0.4,2,1557632202686,19798484,424
2019-05-12 03:47:07.383,0.4,sell,7152.31,BTC-17MAY19-6500-C,99.2,0.1045,0.4,2,1557632827383,19800855,425
2019-05-12 04:39:48.292,0.5,buy,7196.68,BTC-17MAY19-6500-C,96.69,0.10800000000000001,0.5,0,1557635988292,19806349,426
2019-05-12 07:31:35.139,2.0,sell,7510.42,BTC-17MAY19-6500-C,101.18,0.1405,2.0,0,1557646295139,19836817,427
2019-05-12 07:34:34.323,0.1,buy,7509.95,BTC-17MAY19-6500-C,128.19,0.147,0.1,0,1557646474323,19837244,428
2019-05-12 07:34:34.323,0.3,buy,7509.95,BTC-17MAY19-6500-C,130.0,0.1475,0.3,0,1557646474323,19837245,429
2019-05-12 07:36:48.577,0.1,buy,7524.6,BTC-17MAY19-6500-C,110.77,0.14400000000000002,0.1,2,1557646608577,19837479,430
2019-05-12 07:39:04.749,0.1,buy,7544.76,BTC-17MAY19-6500-C,110.86,0.146,0.1,0,1557646744749,19837880,431
2019-05-12 07:47:46.133,0.1,buy,7524.02,BTC-17MAY19-6500-C,96.83,0.141,0.1,2,1557647266133,19840323,432
2019-05-12 07:52:27.850,1.0,sell,7510.97,BTC-17MAY19-6500-C,87.44,0.138,1.0,2,1557647547850,19841050,433
2019-05-12 07:55:34.042,0.1,buy,7519.34,BTC-17MAY19-6500-C,104.23,0.142,0.1,0,1557647734042,19841558,434
2019-05-12 08:01:33.289,0.1,buy,7542.8,BTC-17MAY19-6500-C,97.36,0.14300000000000002,0.1,0,1557648093289,19842404,435
2019-05-12 08:04:13.174,0.1,buy,7564.03,BTC-17MAY19-6500-C,90.36,0.14400000000000002,0.1,0,1557648253174,19843342,436
2019-05-12 08:04:54.865,0.1,buy,7577.26,BTC-17MAY19-6500-C,87.79,0.145,0.1,0,1557648294865,19843640,437
2019-05-12 08:08:23.488,0.1,buy,7575.9,BTC-17MAY19-6500-C,95.18,0.146,0.1,0,1557648503488,19844428,438
2019-05-12 08:08:23.488,1.0,buy,7575.9,BTC-17MAY19-6500-C,100.84,0.147,1.0,0,1557648503488,19844429,439
2019-05-12 08:08:23.488,0.1,buy,7575.9,BTC-17MAY19-6500-C,106.0,0.14800000000000002,0.1,0,1557648503488,19844430,440
2019-05-12 08:39:09.850,4.0,sell,7356.5,BTC-17MAY19-6500-C,89.02,0.122,4.0,2,1557650349850,19865954,441
2019-05-12 08:39:09.904,0.2,buy,7356.5,BTC-17MAY19-6500-C,86.64,0.1215,0.2,2,1557650349904,19865955,442
2019-05-12 08:39:32.518,4.0,buy,7353.73,BTC-17MAY19-6500-C,88.04,0.1215,4.0,3,1557650372518,19866055,443
2019-05-12 08:40:05.059,2.0,buy,7350.16,BTC-17MAY19-6500-C,89.77,0.1215,2.0,3,1557650405059,19866156,444
2019-05-12 08:41:08.291,0.2,buy,7354.46,BTC-17MAY19-6500-C,87.69,0.1215,0.2,3,1557650468291,19866386,445
2019-05-12 08:41:11.642,1.0,buy,7357.61,BTC-17MAY19-6500-C,86.08,0.1215,1.0,3,1557650471642,19866398,446
2019-05-12 08:41:30.016,0.2,buy,7367.08,BTC-17MAY19-6500-C,80.84,0.1215,0.2,3,1557650490016,19866448,447
2019-05-12 08:41:32.294,0.2,buy,7370.55,BTC-17MAY19-6500-C,78.71,0.1215,0.2,3,1557650492294,19866465,448
2019-05-12 08:41:32.450,0.2,buy,7370.55,BTC-17MAY19-6500-C,78.71,0.1215,0.2,3,1557650492450,19866467,449
2019-05-12 08:41:32.493,0.2,buy,7370.55,BTC-17MAY19-6500-C,78.71,0.1215,0.2,3,1557650492493,19866469,450
2019-05-12 08:41:32.702,0.2,buy,7370.55,BTC-17MAY19-6500-C,78.71,0.1215,0.2,3,1557650492702,19866472,451
2019-05-12 08:41:44.785,1.0,buy,7366.96,BTC-17MAY19-6500-C,80.92,0.1215,1.0,3,1557650504785,19866614,452
2019-05-12 08:42:27.721,2.0,buy,7369.36,BTC-17MAY19-6500-C,79.46,0.1215,2.0,3,1557650547721,19866827,453
2019-05-12 08:42:46.432,2.0,buy,7367.82,BTC-17MAY19-6500-C,80.41,0.1215,2.0,3,1557650566432,19866896,454
2019-05-12 08:43:21.633,2.0,buy,7370.73,BTC-17MAY19-6500-C,78.61,0.1215,2.0,3,1557650601633,19866996,455
2019-05-12 08:43:22.919,0.4,buy,7371.16,BTC-17MAY19-6500-C,78.33,0.1215,0.4,3,1557650602919,19867001,456
2019-05-12 08:43:24.720,0.2,buy,7371.79,BTC-17MAY19-6500-C,77.92,0.1215,0.2,3,1557650604720,19867016,457
2019-05-12 08:44:54.874,0.2,sell,7394.32,BTC-17MAY19-6500-C,62.45,0.122,0.2,0,1557650694874,19867419,458
2019-05-12 08:45:02.395,0.2,buy,7397.78,BTC-17MAY19-6500-C,57.45,0.122,0.2,1,1557650702395,19867482,459
2019-05-12 08:51:13.900,0.1,buy,7402.33,BTC-17MAY19-6500-C,90.05,0.127,0.1,0,1557651073900,19868321,460
2019-05-12 08:53:24.408,0.1,buy,7420.08,BTC-17MAY19-6500-C,85.51,0.128,0.1,0,1557651204408,19868773,461
2019-05-12 08:55:02.980,0.1,buy,7425.49,BTC-17MAY19-6500-C,87.85,0.129,0.1,0,1557651302980,19869123,462
2019-05-12 08:59:49.450,0.1,buy,7428.96,BTC-17MAY19-6500-C,91.2,0.13,0.1,0,1557651589450,19870022,463
2019-05-12 09:18:17.615,0.1,buy,7443.03,BTC-17MAY19-6500-C,88.83,0.131,0.1,0,1557652697615,19872675,464
2019-05-12 09:18:29.142,0.1,buy,7463.38,BTC-17MAY19-6500-C,81.9,0.132,0.1,0,1557652709142,19872829,465
2019-05-12 09:20:01.091,0.1,buy,7482.42,BTC-17MAY19-6500-C,73.86,0.133,0.1,0,1557652801091,19873499,466
2019-05-12 09:25:15.771,0.2,buy,7520.74,BTC-17MAY19-6500-C,104.21,0.142,0.2,0,1557653115771,19875563,467
2019-05-12 09:25:45.513,0.2,buy,7520.56,BTC-17MAY19-6500-C,104.3,0.142,0.2,1,1557653145513,19875683,468
2019-05-12 10:56:41.795,0.2,sell,7296.43,BTC-17MAY19-6500-C,111.75,0.1215,0.2,2,1557658601795,19915923,469
2019-05-12 10:57:46.442,0.2,buy,7277.15,BTC-17MAY19-6500-C,109.63,0.11900000000000001,0.2,2,1557658666442,19916248,470
2019-05-12 10:59:38.931,0.2,buy,7246.09,BTC-17MAY19-6500-C,109.75,0.11599999999999999,0.2,2,1557658778931,19918476,471
2019-05-12 11:11:38.917,0.1,sell,7254.64,BTC-17MAY19-6500-C,92.53,0.112,0.1,2,1557659498917,19925654,472
