date_utc,amount,direction,indexPrice,instrument,iv,price,quantity,tickDirection,timeStamp,tradeId,tradeSeq
2019-05-31 08:25:16.292,0.2,sell,8300.3,BTC-14JUN19-7500-P,86.27,0.027000000000000003,0.2,1,1559291116292,22783840,1
2019-05-31 15:48:45.589,0.6,buy,8328.15,BTC-14JUN19-7500-P,81.18,0.0225,0.6,2,1559317725589,22814109,2
2019-06-01 06:37:58.312,1.0,buy,8511.91,BTC-14JUN19-7500-P,84.0,0.018000000000000002,1.0,2,1559371078312,22869535,3
2019-06-01 09:01:40.466,0.1,sell,8561.77,BTC-14JUN19-7500-P,84.7,0.017,0.1,2,1559379700466,22873299,4
2019-06-02 04:37:09.218,0.1,sell,8566.89,BTC-14JUN19-7500-P,81.33,0.014,0.1,2,1559450229218,22913127,5
2019-06-02 07:12:18.825,0.5,sell,8593.41,BTC-14JUN19-7500-P,82.92,0.014,0.5,3,1559459538825,22915520,6
2019-06-02 08:03:52.344,0.5,buy,8704.13,BTC-14JUN19-7500-P,82.14,0.0115,0.5,2,1559462632344,22923086,7
2019-06-02 08:34:04.492,2.0,sell,8739.71,BTC-14JUN19-7500-P,81.21,0.0105,2.0,2,1559464444492,22925173,8
2019-06-02 09:12:53.516,3.0,sell,8740.09,BTC-14JUN19-7500-P,80.02,0.01,3.0,2,1559466773516,22927340,9
2019-06-02 11:31:27.081,0.1,buy,8737.12,BTC-14JUN19-7500-P,84.07,0.0115,0.1,0,1559475087081,22930399,10
2019-06-02 11:32:39.480,0.9,buy,8728.93,BTC-14JUN19-7500-P,87.38,0.013,0.9,0,1559475159480,22930436,11
2019-06-02 11:59:48.782,2.0,sell,8743.93,BTC-14JUN19-7500-P,79.24,0.0095,2.0,2,1559476788782,22930951,12
2019-06-02 16:25:11.699,0.1,sell,8715.93,BTC-14JUN19-7500-P,80.02,0.01,0.1,0,1559492711699,22952414,13
2019-06-02 20:38:34.860,3.0,buy,8678.73,BTC-14JUN19-7500-P,81.61,0.011,3.0,0,1559507914860,22959590,14
2019-06-02 21:12:53.673,0.3,buy,8673.54,BTC-14JUN19-7500-P,82.72,0.0115,0.3,0,1559509973673,22960370,15
2019-06-03 05:46:11.796,0.5,sell,8614.97,BTC-14JUN19-7500-P,80.12,0.011,0.5,2,1559540771796,22982043,16
2019-06-03 05:51:01.158,0.3,buy,8584.63,BTC-14JUN19-7500-P,82.42,0.0125,0.3,0,1559541061158,22983968,17
2019-06-03 06:44:35.275,1.0,buy,8510.71,BTC-14JUN19-7500-P,82.5,0.014,1.0,0,1559544275275,22994036,18
2019-06-03 07:34:10.143,1.2,buy,8457.18,BTC-14JUN19-7500-P,76.57,0.0125,1.2,2,1559547250143,23006934,19
2019-06-03 14:06:47.777,0.1,buy,8474.59,BTC-14JUN19-7500-P,86.32,0.016,0.1,0,1559570807777,23032496,20
2019-06-03 19:45:20.029,0.4,buy,8546.97,BTC-14JUN19-7500-P,85.24,0.0135,0.4,2,1559591120029,23066966,21
2019-06-03 23:22:50.752,1.0,buy,8270.0,BTC-14JUN19-7500-P,79.91,0.0175,1.0,0,1559604170752,23086587,22
2019-06-03 23:23:21.603,1.0,buy,8182.81,BTC-14JUN19-7500-P,79.73,0.02,1.0,0,1559604201603,23089030,23
2019-06-03 23:46:48.531,0.1,buy,8181.43,BTC-14JUN19-7500-P,87.27,0.024,0.1,0,1559605608531,23109252,24
2019-06-04 00:00:51.552,0.5,buy,8044.44,BTC-14JUN19-7500-P,82.01,0.026,0.5,0,1559606451552,23112980,25
2019-06-04 00:00:58.778,3.0,sell,8020.42,BTC-14JUN19-7500-P,88.16,0.0305,3.0,0,1559606458778,23113230,26
2019-06-04 00:13:08.933,3.5,sell,7838.57,BTC-14JUN19-7500-P,80.52,0.034,3.5,0,1559607188933,23132587,27
2019-06-04 01:30:07.230,0.3,sell,7995.48,BTC-14JUN19-7500-P,88.36,0.0315,0.3,2,1559611807230,23149675,28
2019-06-04 01:41:00.570,5.8,buy,7954.01,BTC-14JUN19-7500-P,88.73,0.0335,5.8,0,1559612460570,23150605,29
2019-06-04 01:45:49.049,13.9,sell,7959.94,BTC-14JUN19-7500-P,88.35,0.033,13.9,2,1559612749049,23151398,30
2019-06-04 02:46:24.244,0.2,sell,7986.2,BTC-14JUN19-7500-P,82.79,0.0285,0.2,2,1559616384244,23154398,31
2019-06-04 04:09:36.315,0.1,buy,7882.88,BTC-14JUN19-7500-P,91.17,0.038,0.1,0,1559621376315,23161538,32
2019-06-04 06:33:48.818,1.0,buy,7834.58,BTC-14JUN19-7500-P,83.7,0.0355,1.0,2,1559630028818,23173407,33
2019-06-04 06:36:10.949,0.1,sell,7856.9,BTC-14JUN19-7500-P,84.66,0.035,0.1,2,1559630170949,23174894,34
2019-06-04 07:24:54.930,1.0,buy,7810.6,BTC-14JUN19-7500-P,92.37,0.042,1.0,0,1559633094930,23185329,35
2019-06-04 07:24:54.936,0.1,sell,7810.6,BTC-14JUN19-7500-P,92.37,0.042,0.1,1,1559633094936,23185330,36
2019-06-04 07:43:21.676,0.1,sell,7856.44,BTC-14JUN19-7500-P,84.82,0.035,0.1,2,1559634201676,23187478,37
2019-06-04 14:04:14.499,10.0,sell,7981.2,BTC-14JUN19-7500-P,87.03,0.03,10.0,3,1559657054499,23214160,39
2019-06-04 14:04:14.499,6.0,sell,7981.2,BTC-14JUN19-7500-P,87.03,0.03,6.0,2,1559657054499,23214159,38
2019-06-04 14:04:14.499,4.0,sell,7981.2,BTC-14JUN19-7500-P,87.03,0.03,4.0,3,1559657054499,23214161,40
2019-06-04 17:12:54.255,0.1,buy,7825.04,BTC-14JUN19-7500-P,87.31,0.037000000000000005,0.1,0,1559668374255,23228316,41
2019-06-04 17:44:22.397,0.1,buy,7613.57,BTC-14JUN19-7500-P,85.96,0.048,0.1,0,1559670262397,23252175,42
2019-06-04 17:51:56.355,3.0,buy,7584.05,BTC-14JUN19-7500-P,86.17,0.05,3.0,0,1559670716355,23258186,43
2019-06-04 23:43:37.836,1.0,sell,7656.06,BTC-14JUN19-7500-P,84.06,0.0435,1.0,2,1559691817836,23320863,44
2019-06-04 23:43:48.061,0.5,sell,7656.13,BTC-14JUN19-7500-P,84.07,0.0435,0.5,3,1559691828061,23320871,45
2019-06-05 00:03:36.457,1.0,buy,7693.03,BTC-14JUN19-7500-P,86.81,0.043,1.0,2,1559693016457,23321924,46
2019-06-05 00:43:15.683,0.1,sell,7773.67,BTC-14JUN19-7500-P,81.87,0.0355,0.1,2,1559695395683,23326558,47
2019-06-05 06:27:44.441,1.0,sell,7713.92,BTC-14JUN19-7500-P,88.39,0.042,1.0,0,1559716064441,23338090,48
2019-06-05 09:28:30.725,0.1,buy,7800.22,BTC-14JUN19-7500-P,85.84,0.0355,0.1,2,1559726910725,23344538,49
2019-06-05 11:09:20.295,0.5,buy,7855.36,BTC-14JUN19-7500-P,88.29,0.034,0.5,2,1559732960295,23351658,50
2019-06-05 11:09:20.295,1.0,buy,7855.36,BTC-14JUN19-7500-P,88.29,0.034,1.0,3,1559732960295,23351659,51
2019-06-05 11:50:21.736,0.1,buy,7785.75,BTC-14JUN19-7500-P,91.03,0.039,0.1,0,1559735421736,23355050,52
2019-06-05 12:02:46.761,10.0,buy,7761.19,BTC-14JUN19-7500-P,91.41,0.0405,10.0,0,1559736166761,23356331,53
2019-06-05 13:27:16.196,0.1,sell,7772.26,BTC-14JUN19-7500-P,85.04,0.036000000000000004,0.1,2,1559741236196,23360949,54
2019-06-05 13:35:08.689,0.1,sell,7788.73,BTC-14JUN19-7500-P,84.81,0.035,0.1,2,1559741708689,23361176,55
2019-06-05 13:43:26.705,10.0,buy,7780.88,BTC-14JUN19-7500-P,91.86,0.0395,10.0,0,1559742206705,23361396,56
2019-06-05 13:44:58.134,5.0,sell,7774.61,BTC-14JUN19-7500-P,84.46,0.0355,5.0,2,1559742298134,23361410,57
2019-06-05 13:45:28.818,2.0,sell,7768.71,BTC-14JUN19-7500-P,83.08,0.035,2.0,2,1559742328818,23361453,58
2019-06-05 13:46:02.055,0.5,sell,7766.98,BTC-14JUN19-7500-P,83.78,0.0355,0.5,0,1559742362055,23361501,59
2019-06-05 14:35:44.736,1.0,sell,7740.53,BTC-14JUN19-7500-P,91.75,0.0415,1.0,0,1559745344736,23365356,60
2019-06-05 17:01:56.879,0.2,sell,7731.59,BTC-14JUN19-7500-P,85.49,0.038,0.2,2,1559754116879,23383213,61
2019-06-05 17:06:50.444,0.5,buy,7736.11,BTC-14JUN19-7500-P,89.34,0.04,0.5,0,1559754410444,23383472,62
2019-06-05 20:58:16.513,0.1,sell,7714.77,BTC-14JUN19-7500-P,86.45,0.039,0.1,2,1559768296513,23411122,63
2019-06-06 01:49:59.789,1.0,buy,7839.96,BTC-14JUN19-7500-P,86.55,0.032,1.0,2,1559785799789,23435797,64
2019-06-06 02:50:38.550,2.1,sell,7822.58,BTC-14JUN19-7500-P,81.64,0.03,2.1,2,1559789438550,23437781,65
2019-06-06 03:58:40.210,0.1,sell,7867.06,BTC-14JUN19-7500-P,81.99,0.027999999999999997,0.1,2,1559793520210,23439782,66
2019-06-06 05:24:15.455,0.1,sell,7791.89,BTC-14JUN19-7500-P,78.57,0.0295,0.1,0,1559798655455,23441938,67
2019-06-06 09:02:02.642,1.0,sell,7806.3,BTC-14JUN19-7500-P,75.99,0.027000000000000003,1.0,2,1559811722642,23447661,68
2019-06-06 09:14:37.167,1.0,sell,7809.27,BTC-14JUN19-7500-P,76.29,0.027000000000000003,1.0,3,1559812477167,23448050,69
2019-06-06 09:23:37.311,1.0,buy,7811.11,BTC-14JUN19-7500-P,77.41,0.0275,1.0,0,1559813017311,23448239,70
2019-06-06 09:23:37.311,0.1,buy,7811.11,BTC-14JUN19-7500-P,77.41,0.0275,0.1,1,1559813017311,23448240,71
2019-06-06 16:13:37.394,1.0,sell,7718.55,BTC-14JUN19-7500-P,74.04,0.0295,1.0,0,1559837617394,23488814,72
2019-06-06 16:22:17.347,1.0,buy,7722.77,BTC-14JUN19-7500-P,77.2,0.031,1.0,0,1559838137347,23489674,73
2019-06-06 17:36:43.312,3.0,buy,7664.81,BTC-14JUN19-7500-P,79.85,0.0355,3.0,0,1559842603312,23494761,74
2019-06-06 18:10:17.793,0.3,buy,7612.5,BTC-14JUN19-7500-P,75.38,0.036000000000000004,0.3,0,1559844617793,23498638,75
2019-06-06 18:49:02.630,1.0,sell,7576.24,BTC-14JUN19-7500-P,74.21,0.0375,1.0,0,1559846942630,23515628,76
2019-06-06 23:40:58.592,0.5,sell,7781.22,BTC-14JUN19-7500-P,74.89,0.026000000000000002,0.5,2,1559864458592,23539843,77
2019-06-07 02:05:54.500,0.2,sell,7792.78,BTC-14JUN19-7500-P,70.63,0.023,0.2,2,1559873154500,23548447,78
2019-06-07 04:58:46.747,0.1,sell,7779.74,BTC-14JUN19-7500-P,71.03,0.0235,0.1,0,1559883526747,23556216,79
2019-06-07 04:58:46.747,0.9,sell,7779.74,BTC-14JUN19-7500-P,70.05,0.023,0.9,2,1559883526747,23556217,80
2019-06-07 06:10:33.619,0.1,buy,7894.05,BTC-14JUN19-7500-P,79.31,0.0225,0.1,2,1559887833619,23561299,81
2019-06-07 07:30:48.414,0.1,sell,7947.09,BTC-14JUN19-7500-P,70.02,0.016,0.1,2,1559892648414,23572749,82
2019-06-07 07:30:56.457,0.1,sell,7946.86,BTC-14JUN19-7500-P,70.01,0.016,0.1,3,1559892656457,23572750,83
2019-06-07 08:04:38.578,0.7000000000000001,sell,7965.35,BTC-14JUN19-7500-P,67.0,0.013999999999999999,0.7000000000000001,2,1559894678578,23574520,84
2019-06-07 08:18:16.104,0.2,buy,7999.92,BTC-14JUN19-7500-P,68.42,0.0135,0.2,2,1559895496104,23578784,85
2019-06-07 08:18:16.104,0.5,buy,7999.92,BTC-14JUN19-7500-P,68.42,0.0135,0.5,3,1559895496104,23578785,86
2019-06-07 08:18:16.104,0.2,buy,7999.92,BTC-14JUN19-7500-P,68.42,0.0135,0.2,3,1559895496104,23578786,87
2019-06-07 08:18:50.645,1.0,sell,7990.08,BTC-14JUN19-7500-P,66.52,0.013000000000000001,1.0,2,1559895530645,23578836,88
2019-06-07 08:19:18.345,0.3,buy,7992.56,BTC-14JUN19-7500-P,69.06,0.013999999999999999,0.3,0,1559895558345,23578850,89
2019-06-07 08:21:18.066,0.1,buy,7992.54,BTC-14JUN19-7500-P,73.67,0.016,0.1,0,1559895678066,23578968,90
2019-06-07 08:21:18.066,0.5,buy,7992.54,BTC-14JUN19-7500-P,73.67,0.016,0.5,1,1559895678066,23578969,91
2019-06-07 08:21:46.942,0.1,sell,7990.88,BTC-14JUN19-7500-P,72.41,0.0155,0.1,2,1559895706942,23578999,92
2019-06-07 08:22:50.842,0.1,buy,7993.8,BTC-14JUN19-7500-P,73.78,0.016,0.1,0,1559895770842,23579045,93
2019-06-07 08:22:50.842,0.3,buy,7993.8,BTC-14JUN19-7500-P,73.78,0.016,0.3,1,1559895770842,23579046,94
2019-06-07 08:25:04.643,0.5,sell,7995.26,BTC-14JUN19-7500-P,69.28,0.013999999999999999,0.5,2,1559895904643,23579154,95
2019-06-07 08:25:24.846,1.0,buy,7995.81,BTC-14JUN19-7500-P,70.49,0.0145,1.0,0,1559895924846,23579168,96
2019-06-07 08:47:38.783,2.0,buy,7969.71,BTC-14JUN19-7500-P,70.9,0.0155,2.0,0,1559897258783,23580170,97
2019-06-07 09:08:18.033,0.1,buy,7997.61,BTC-14JUN19-7500-P,74.23,0.016,0.1,0,1559898498033,23580755,98
2019-06-07 09:08:18.572,0.1,sell,7997.61,BTC-14JUN19-7500-P,74.23,0.016,0.1,1,1559898498572,23580756,99
2019-06-07 09:08:19.856,0.8,sell,7997.82,BTC-14JUN19-7500-P,74.25,0.016,0.8,1,1559898499856,23580757,100
2019-06-07 09:10:08.347,0.1,buy,7989.7,BTC-14JUN19-7500-P,72.5,0.0155,0.1,2,1559898608347,23580830,101
2019-06-07 09:10:09.020,0.1,sell,7989.28,BTC-14JUN19-7500-P,72.46,0.0155,0.1,3,1559898609020,23580831,102
2019-06-07 09:10:11.286,0.5,sell,7989.28,BTC-14JUN19-7500-P,72.46,0.0155,0.5,3,1559898611286,23580832,103
2019-06-07 09:10:35.425,0.3,sell,7994.34,BTC-14JUN19-7500-P,72.85,0.0155,0.3,3,1559898635425,23580865,104
2019-06-07 09:10:56.196,0.1,buy,7994.45,BTC-14JUN19-7500-P,74.0,0.016,0.1,0,1559898656196,23580869,105
2019-06-07 09:10:56.196,1.0,buy,7994.45,BTC-14JUN19-7500-P,74.0,0.016,1.0,1,1559898656196,23580870,106
2019-06-07 09:10:56.196,0.2,buy,7994.45,BTC-14JUN19-7500-P,74.0,0.016,0.2,1,1559898656196,23580871,107
2019-06-07 09:10:56.464,0.1,sell,7994.45,BTC-14JUN19-7500-P,74.0,0.016,0.1,1,1559898656464,23580873,108
2019-06-07 09:11:02.170,0.6,sell,7994.83,BTC-14JUN19-7500-P,74.03,0.016,0.6,1,1559898662170,23580874,109
2019-06-07 09:12:51.148,0.1,buy,7995.9,BTC-14JUN19-7500-P,74.12,0.016,0.1,1,1559898771148,23580899,110
2019-06-07 12:08:49.293,0.1,buy,7943.57,BTC-14JUN19-7500-P,72.97,0.017,0.1,0,1559909329293,23586267,111
2019-06-07 12:08:49.293,0.1,buy,7943.57,BTC-14JUN19-7500-P,72.97,0.017,0.1,1,1559909329293,23586268,112
2019-06-07 12:19:04.209,1.0,sell,7934.14,BTC-14JUN19-7500-P,75.57,0.0185,1.0,0,1559909944209,23586504,113
2019-06-07 12:20:23.851,1.8,buy,7933.4,BTC-14JUN19-7500-P,75.51,0.0185,1.8,1,1559910023851,23586525,114
2019-06-07 16:16:22.277,0.5,sell,8013.39,BTC-14JUN19-7500-P,73.52,0.0145,0.5,2,1559924182277,23594267,115
2019-06-07 16:16:26.679,0.5,sell,8013.77,BTC-14JUN19-7500-P,73.55,0.0145,0.5,3,1559924186679,23594274,116
2019-06-07 16:16:31.113,0.5,sell,8014.36,BTC-14JUN19-7500-P,73.6,0.0145,0.5,3,1559924191113,23594289,117
2019-06-07 16:18:45.978,0.5,sell,8015.78,BTC-14JUN19-7500-P,73.72,0.0145,0.5,3,1559924325978,23594746,118
2019-06-07 16:19:58.813,0.5,sell,8037.1,BTC-14JUN19-7500-P,74.1,0.013999999999999999,0.5,2,1559924398813,23595241,119
2019-06-07 16:20:58.783,0.1,sell,8061.22,BTC-14JUN19-7500-P,74.64,0.0135,0.1,2,1559924458783,23596118,120
2019-06-07 16:33:32.100,0.5,sell,8060.08,BTC-14JUN19-7500-P,73.35,0.013000000000000001,0.5,2,1559925212100,23598581,121
2019-06-07 17:13:56.498,0.1,buy,8069.33,BTC-14JUN19-7500-P,71.62,0.012,0.1,2,1559927636498,23602860,122
2019-06-07 18:35:03.072,0.7000000000000001,sell,8113.76,BTC-14JUN19-7500-P,73.73,0.0115,0.7000000000000001,2,1559932503072,23606399,123
2019-06-07 18:35:03.234,0.7000000000000001,sell,8113.76,BTC-14JUN19-7500-P,73.73,0.0115,0.7000000000000001,3,1559932503234,23606401,124
2019-06-07 18:46:50.942,2.0,sell,8100.36,BTC-14JUN19-7500-P,72.85,0.0115,2.0,3,1559933210942,23607321,125
2019-06-07 18:59:24.580,6.8,sell,8099.86,BTC-14JUN19-7500-P,68.8,0.01,6.8,2,1559933964580,23607782,126
2019-06-07 18:59:24.580,1.0,sell,8099.86,BTC-14JUN19-7500-P,68.8,0.01,1.0,3,1559933964580,23607783,127
2019-06-07 18:59:27.348,2.2,buy,8099.86,BTC-14JUN19-7500-P,68.8,0.01,2.2,3,1559933967348,23607784,128
2019-06-07 19:14:11.585,3.0,buy,8042.53,BTC-14JUN19-7500-P,67.57,0.011000000000000001,3.0,0,1559934851585,23608650,129
2019-06-07 19:14:11.840,0.7000000000000001,buy,8042.53,BTC-14JUN19-7500-P,67.57,0.011000000000000001,0.7000000000000001,1,1559934851840,23608659,130
2019-06-07 19:14:13.263,0.7000000000000001,buy,8042.14,BTC-14JUN19-7500-P,67.54,0.011000000000000001,0.7000000000000001,1,1559934853263,23608721,131
2019-06-07 19:14:13.431,0.7000000000000001,buy,8040.49,BTC-14JUN19-7500-P,67.42,0.011000000000000001,0.7000000000000001,1,1559934853431,23608723,132
2019-06-07 19:14:13.759,0.7000000000000001,buy,8040.49,BTC-14JUN19-7500-P,67.42,0.011000000000000001,0.7000000000000001,1,1559934853759,23608736,133
2019-06-07 19:14:14.347,0.7000000000000001,buy,8040.49,BTC-14JUN19-7500-P,67.42,0.011000000000000001,0.7000000000000001,1,1559934854347,23608758,134
2019-06-07 19:14:14.479,0.7000000000000001,buy,8040.45,BTC-14JUN19-7500-P,67.42,0.011000000000000001,0.7000000000000001,1,1559934854479,23608773,135
2019-06-07 19:14:14.573,0.7000000000000001,buy,8040.45,BTC-14JUN19-7500-P,67.42,0.011000000000000001,0.7000000000000001,1,1559934854573,23608778,136
2019-06-07 19:14:14.779,0.7000000000000001,buy,8040.45,BTC-14JUN19-7500-P,67.42,0.011000000000000001,0.7000000000000001,1,1559934854779,23608786,137
2019-06-07 19:14:16.707,1.4,buy,8031.71,BTC-14JUN19-7500-P,66.8,0.011000000000000001,1.4,1,1559934856707,23608855,138
2019-06-07 19:49:45.569,0.1,buy,7976.02,BTC-14JUN19-7500-P,66.65,0.0125,0.1,0,1559936985569,23613426,139
2019-06-08 02:03:22.842,0.4,buy,7962.97,BTC-14JUN19-7500-P,64.49,0.0115,0.4,2,1559959402842,23635682,140
2019-06-08 04:13:41.129,1.6,buy,7963.29,BTC-14JUN19-7500-P,64.99,0.0115,1.6,3,1559967221129,23638310,141
2019-06-08 04:13:41.129,2.0,buy,7963.29,BTC-14JUN19-7500-P,64.99,0.0115,2.0,3,1559967221129,23638311,142
2019-06-08 04:16:31.267,0.1,buy,7962.13,BTC-14JUN19-7500-P,63.62,0.011000000000000001,0.1,2,1559967391267,23638329,143
2019-06-08 04:16:35.542,0.9,buy,7962.27,BTC-14JUN19-7500-P,63.64,0.011000000000000001,0.9,3,1559967395542,23638330,144
2019-06-08 04:54:57.334,0.4,buy,7982.49,BTC-14JUN19-7500-P,67.9,0.012,0.4,0,1559969697334,23639206,145
2019-06-08 04:54:57.666,0.4,buy,7982.49,BTC-14JUN19-7500-P,67.9,0.012,0.4,1,1559969697666,23639208,146
2019-06-08 04:54:57.818,0.2,buy,7982.49,BTC-14JUN19-7500-P,67.9,0.012,0.2,1,1559969697818,23639210,147
2019-06-08 06:19:14.836,10.0,buy,7944.82,BTC-14JUN19-7500-P,72.71,0.015,10.0,0,1559974754836,23645786,148
2019-06-08 06:19:38.202,10.0,buy,7945.34,BTC-14JUN19-7500-P,73.96,0.0155,10.0,0,1559974778202,23645788,149
2019-06-08 07:13:36.145,0.1,sell,7922.79,BTC-14JUN19-7500-P,71.12,0.015,0.1,2,1559978016145,23647971,150
2019-06-08 11:09:05.546,0.5,sell,7983.39,BTC-14JUN19-7500-P,66.8,0.011000000000000001,0.5,2,1559992145546,23654101,151
2019-06-08 11:09:06.483,0.5,buy,7983.39,BTC-14JUN19-7500-P,66.8,0.011000000000000001,0.5,3,1559992146483,23654102,152
2019-06-08 11:09:22.416,0.5,buy,7983.68,BTC-14JUN19-7500-P,66.82,0.011000000000000001,0.5,3,1559992162416,23654106,153
2019-06-08 11:09:38.240,0.5,buy,7984.43,BTC-14JUN19-7500-P,66.88,0.011000000000000001,0.5,3,1559992178240,23654107,154
2019-06-08 11:09:41.568,0.5,buy,7984.87,BTC-14JUN19-7500-P,66.92,0.011000000000000001,0.5,3,1559992181568,23654113,155
2019-06-08 11:09:57.467,0.5,buy,7985.35,BTC-14JUN19-7500-P,66.96,0.011000000000000001,0.5,3,1559992197467,23654114,156
2019-06-08 11:10:29.184,0.5,buy,7985.21,BTC-14JUN19-7500-P,66.94,0.011000000000000001,0.5,3,1559992229184,23654119,157
2019-06-08 11:11:08.161,5.0,buy,7985.54,BTC-14JUN19-7500-P,66.97,0.011000000000000001,5.0,3,1559992268161,23654120,158
2019-06-08 11:34:46.520,1.5,buy,7984.35,BTC-14JUN19-7500-P,66.98,0.011000000000000001,1.5,3,1559993686520,23654410,159
2019-06-08 11:34:46.520,2.0,buy,7984.35,BTC-14JUN19-7500-P,66.98,0.011000000000000001,2.0,3,1559993686520,23654411,160
2019-06-08 12:21:45.797,0.2,buy,7974.94,BTC-14JUN19-7500-P,72.98,0.0135,0.2,0,1559996505797,23655558,161
2019-06-08 14:53:18.997,0.2,buy,7931.89,BTC-14JUN19-7500-P,70.1,0.0135,0.2,1,1560005598997,23660788,162
2019-06-08 14:53:18.997,0.2,buy,7931.89,BTC-14JUN19-7500-P,70.1,0.0135,0.2,1,1560005598997,23660789,163
2019-06-08 14:53:18.997,0.2,buy,7931.89,BTC-14JUN19-7500-P,70.1,0.0135,0.2,1,1560005598997,23660790,164
2019-06-08 14:56:11.662,0.4,sell,7938.46,BTC-14JUN19-7500-P,70.66,0.0135,0.4,1,1560005771662,23660832,165
2019-06-08 16:11:01.673,0.1,buy,7931.27,BTC-14JUN19-7500-P,70.38,0.0135,0.1,1,1560010261673,23666108,166
2019-06-08 16:28:36.493,0.4,buy,7897.42,BTC-14JUN19-7500-P,68.85,0.013999999999999999,0.4,0,1560011316493,23666764,167
2019-06-08 16:38:24.541,0.4,buy,7858.9,BTC-14JUN19-7500-P,65.54,0.013999999999999999,0.4,1,1560011904541,23667859,168
2019-06-08 16:38:24.714,0.2,buy,7858.9,BTC-14JUN19-7500-P,65.54,0.013999999999999999,0.2,1,1560011904714,23667864,169
2019-06-08 16:44:57.784,10.0,buy,7828.21,BTC-14JUN19-7500-P,65.23,0.015,10.0,0,1560012297784,23669571,170
2019-06-09 03:15:35.528,0.1,buy,7883.28,BTC-14JUN19-7500-P,75.57,0.016,0.1,0,1560050135528,23690757,171
2019-06-09 12:45:02.504,0.2,sell,7750.98,BTC-14JUN19-7500-P,73.8,0.0195,0.2,0,1560084302504,23709731,172
2019-06-09 12:45:38.794,0.6,sell,7753.4,BTC-14JUN19-7500-P,74.07,0.0195,0.6,1,1560084338794,23709770,173
2019-06-09 12:46:36.396,0.1,sell,7756.22,BTC-14JUN19-7500-P,74.38,0.0195,0.1,1,1560084396396,23709832,174
2019-06-09 12:47:20.092,0.3,sell,7757.29,BTC-14JUN19-7500-P,74.49,0.0195,0.3,1,1560084440092,23709875,175
2019-06-09 12:47:37.122,0.6,sell,7757.55,BTC-14JUN19-7500-P,74.53,0.0195,0.6,1,1560084457122,23709895,176
2019-06-09 12:47:57.870,0.2,sell,7759.89,BTC-14JUN19-7500-P,74.78,0.0195,0.2,1,1560084477870,23709939,177
2019-06-09 14:22:24.684,2.0,sell,7735.56,BTC-14JUN19-7500-P,67.79,0.0175,2.0,2,1560090144684,23717678,178
2019-06-09 15:47:28.862,0.1,buy,7738.37,BTC-14JUN19-7500-P,66.08,0.0165,0.1,2,1560095248862,23722018,179
2019-06-09 16:06:11.898,2.0,buy,7666.88,BTC-14JUN19-7500-P,66.43,0.02,2.0,0,1560096371898,23724761,180
2019-06-09 16:06:34.867,2.0,buy,7683.49,BTC-14JUN19-7500-P,74.28,0.0225,2.0,0,1560096394867,23725193,181
2019-06-09 16:24:54.786,0.1,buy,7686.21,BTC-14JUN19-7500-P,78.22,0.024,0.1,0,1560097494786,23727086,182
2019-06-09 16:27:49.840,2.0,sell,7689.66,BTC-14JUN19-7500-P,75.13,0.0225,2.0,2,1560097669840,23727218,183
2019-06-09 19:12:29.597,0.5,sell,7698.22,BTC-14JUN19-7500-P,77.1,0.0225,0.5,3,1560107549597,23740937,184
2019-06-09 19:23:21.334,0.8,sell,7710.54,BTC-14JUN19-7500-P,78.64,0.0225,0.8,3,1560108201334,23741573,185
2019-06-09 19:31:44.973,5.0,sell,7756.98,BTC-14JUN19-7500-P,77.98,0.02,5.0,2,1560108704973,23743222,186
2019-06-09 19:32:39.874,0.5,sell,7749.08,BTC-14JUN19-7500-P,72.14,0.018000000000000002,0.5,2,1560108759874,23743528,187
2019-06-09 19:46:19.365,0.1,buy,7743.49,BTC-14JUN19-7500-P,78.99,0.021,0.1,0,1560109579365,23744315,188
2019-06-09 20:22:49.700,0.1,buy,7722.61,BTC-14JUN19-7500-P,76.8,0.021,0.1,1,1560111769700,23746191,189
2019-06-09 22:07:43.372,0.5,buy,7559.19,BTC-14JUN19-7500-P,72.73,0.027999999999999997,0.5,0,1560118063372,23757965,190
2019-06-09 22:09:25.568,12.0,buy,7554.59,BTC-14JUN19-7500-P,82.41,0.0325,12.0,0,1560118165568,23759100,191
2019-06-09 22:09:25.967,4.0,sell,7554.59,BTC-14JUN19-7500-P,82.41,0.0325,4.0,1,1560118165967,23759101,192
2019-06-09 22:09:26.251,4.0,sell,7554.59,BTC-14JUN19-7500-P,82.41,0.0325,4.0,1,1560118166251,23759128,193
2019-06-09 22:21:07.212,0.5,buy,7586.02,BTC-14JUN19-7500-P,84.72,0.0315,0.5,2,1560118867212,23762789,194
2019-06-09 22:44:16.322,5.0,buy,7581.95,BTC-14JUN19-7500-P,84.29,0.0315,5.0,3,1560120256322,23768359,195
2019-06-09 23:36:22.937,7.5,sell,7641.83,BTC-14JUN19-7500-P,70.43,0.022000000000000002,7.5,2,1560123382937,23774601,196
2019-06-09 23:36:22.937,2.5,sell,7641.83,BTC-14JUN19-7500-P,70.43,0.022000000000000002,2.5,3,1560123382937,23774602,197
2019-06-10 00:20:04.107,1.0,buy,7577.53,BTC-14JUN19-7500-P,79.64,0.0295,1.0,0,1560126004107,23779485,198
2019-06-10 00:44:17.562,5.0,buy,7607.19,BTC-14JUN19-7500-P,68.63,0.023,5.0,2,1560127457562,23784945,199
2019-06-10 01:07:12.431,1.0,sell,7619.79,BTC-14JUN19-7500-P,68.07,0.022000000000000002,1.0,2,1560128832431,23789026,200
2019-06-10 01:18:01.323,6.5,buy,7628.35,BTC-14JUN19-7500-P,77.62,0.0255,6.5,0,1560129481323,23790405,201
2019-06-10 01:18:01.447,5.0,sell,7628.35,BTC-14JUN19-7500-P,77.62,0.0255,5.0,1,1560129481447,23790406,202
2019-06-10 01:18:04.771,5.0,sell,7628.27,BTC-14JUN19-7500-P,77.61,0.0255,5.0,1,1560129484771,23790407,203
2019-06-10 01:37:03.303,5.4,sell,7659.24,BTC-14JUN19-7500-P,80.63,0.025,5.4,2,1560130623303,23791425,204
2019-06-10 01:37:07.229,5.0,sell,7661.0,BTC-14JUN19-7500-P,80.86,0.025,5.0,3,1560130627229,23791459,205
2019-06-10 01:37:23.069,5.0,sell,7673.93,BTC-14JUN19-7500-P,82.53,0.025,5.0,3,1560130643069,23791590,206
2019-06-10 01:37:23.637,16.0,sell,7674.19,BTC-14JUN19-7500-P,82.56,0.025,16.0,3,1560130643637,23791602,207
2019-06-10 01:37:23.683,5.0,sell,7674.19,BTC-14JUN19-7500-P,82.56,0.025,5.0,3,1560130643683,23791603,208
2019-06-10 01:56:56.596,0.8,buy,7628.8,BTC-14JUN19-7500-P,85.1,0.0285,0.8,0,1560131816596,23793486,209
2019-06-10 02:56:59.097,1.0,buy,7648.33,BTC-14JUN19-7500-P,85.76,0.0275,1.0,2,1560135419097,23796235,210
2019-06-10 03:29:13.816,13.6,sell,7686.03,BTC-14JUN19-7500-P,84.85,0.025,13.6,2,1560137353816,23797484,211
2019-06-10 06:08:39.485,25.0,sell,7678.24,BTC-14JUN19-7500-P,83.74,0.0245,25.0,2,1560146919485,23802317,212
2019-06-10 06:08:40.488,25.0,sell,7678.24,BTC-14JUN19-7500-P,83.74,0.0245,25.0,3,1560146920488,23802318,213
2019-06-10 06:33:40.916,0.5,sell,7729.01,BTC-14JUN19-7500-P,73.74,0.018000000000000002,0.5,3,1560148420916,23804287,215
2019-06-10 06:33:40.916,4.5,sell,7729.01,BTC-14JUN19-7500-P,73.74,0.018000000000000002,4.5,2,1560148420916,23804286,214
2019-06-10 06:46:01.818,1.1,sell,7719.21,BTC-14JUN19-7500-P,73.94,0.0185,1.1,0,1560149161818,23805010,216
2019-06-10 08:51:11.795,0.1,buy,7731.17,BTC-14JUN19-7500-P,77.51,0.019,0.1,0,1560156671795,23809890,217
2019-06-10 09:31:52.131,0.1,sell,7720.68,BTC-14JUN19-7500-P,71.24,0.017,0.1,2,1560159112131,23811481,218
2019-06-10 10:06:45.201,2.0,buy,7720.49,BTC-14JUN19-7500-P,76.72,0.019,2.0,0,1560161205201,23812330,219
2019-06-10 10:17:11.425,1.4,buy,7676.78,BTC-14JUN19-7500-P,71.3,0.019,1.4,1,1560161831425,23813877,220
2019-06-10 11:39:51.741,0.2,sell,7925.11,BTC-14JUN19-7500-P,75.29,0.0105,0.2,2,1560166791741,23831653,221
2019-06-10 12:03:42.991,0.1,sell,8022.87,BTC-14JUN19-7500-P,73.97,0.0075,0.1,2,1560168222991,23837979,222
2019-06-10 12:10:43.391,0.6,buy,8027.81,BTC-14JUN19-7500-P,76.31,0.008,0.6,0,1560168643391,23842011,223
2019-06-10 12:35:01.722,0.6,sell,8009.98,BTC-14JUN19-7500-P,74.91,0.008,0.6,1,1560170101722,23847945,224
2019-06-10 12:35:14.336,0.4,sell,8011.06,BTC-14JUN19-7500-P,75.01,0.008,0.4,1,1560170114336,23847967,225
2019-06-10 15:33:31.258,0.8,sell,7924.53,BTC-14JUN19-7500-P,71.82,0.009000000000000001,0.8,0,1560180811258,23862528,226
2019-06-10 15:33:31.258,0.6,sell,7924.53,BTC-14JUN19-7500-P,70.09,0.0085,0.6,2,1560180811258,23862529,227
2019-06-10 15:33:31.258,3.6,sell,7924.53,BTC-14JUN19-7500-P,68.33,0.008,3.6,2,1560180811258,23862530,228
2019-06-10 16:13:44.695,0.5,sell,7991.05,BTC-14JUN19-7500-P,78.39,0.009000000000000001,0.5,0,1560183224695,23864740,229
2019-06-10 16:13:45.891,0.5,sell,7990.64,BTC-14JUN19-7500-P,78.35,0.009000000000000001,0.5,1,1560183225891,23864812,230
2019-06-10 16:13:46.085,0.5,sell,7990.64,BTC-14JUN19-7500-P,78.35,0.009000000000000001,0.5,1,1560183226085,23864813,231
2019-06-10 16:13:47.412,0.5,sell,7991.1,BTC-14JUN19-7500-P,78.39,0.009000000000000001,0.5,1,1560183227412,23864845,232
2019-06-10 16:13:48.627,0.5,sell,7991.5,BTC-14JUN19-7500-P,78.43,0.009000000000000001,0.5,1,1560183228627,23864855,233
2019-06-10 16:13:48.852,0.5,sell,7991.5,BTC-14JUN19-7500-P,78.43,0.009000000000000001,0.5,1,1560183228852,23864856,234
2019-06-10 16:13:51.244,0.5,sell,7993.88,BTC-14JUN19-7500-P,78.65,0.009000000000000001,0.5,1,1560183231244,23864938,235
2019-06-10 16:13:55.095,1.5,sell,7994.94,BTC-14JUN19-7500-P,78.75,0.009000000000000001,1.5,1,1560183235095,23865015,236
2019-06-10 16:40:18.040,4.0,buy,7936.77,BTC-14JUN19-7500-P,80.24,0.011000000000000001,4.0,0,1560184818040,23867146,237
2019-06-10 16:50:33.697,2.0,sell,7941.36,BTC-14JUN19-7500-P,77.41,0.01,2.0,2,1560185433697,23867448,238
2019-06-10 21:53:24.254,0.3,sell,7950.0,BTC-14JUN19-7500-P,77.05,0.009000000000000001,0.3,2,1560203604254,23880203,239
2019-06-10 23:40:08.708,2.0,sell,8006.7,BTC-14JUN19-7500-P,75.62,0.006999999999999999,2.0,2,1560210008708,23884280,240
2019-06-11 00:02:07.110,0.8,sell,8036.13,BTC-14JUN19-7500-P,67.36,0.0045,0.8,2,1560211327110,23886189,241
2019-06-11 04:35:30.566,4.0,sell,7971.5,BTC-14JUN19-7500-P,76.71,0.0075,4.0,0,1560227730566,23893182,242
2019-06-11 05:55:29.767,6.0,sell,7964.29,BTC-14JUN19-7500-P,74.65,0.006999999999999999,6.0,2,1560232529767,23894451,243
2019-06-11 07:59:33.650,4.0,sell,7939.66,BTC-14JUN19-7500-P,75.3,0.0075,4.0,0,1560239973650,23897803,244
2019-06-11 09:37:14.857,5.0,sell,7951.34,BTC-14JUN19-7500-P,73.16,0.0065,5.0,2,1560245834857,23899322,245
2019-06-11 13:03:14.051,0.6,sell,7802.67,BTC-14JUN19-7500-P,75.77,0.011000000000000001,0.6,0,1560258194051,23925973,246
2019-06-11 18:49:25.237,2.0,buy,7871.78,BTC-14JUN19-7500-P,71.97,0.006999999999999999,2.0,2,1560278965237,23952510,247
2019-06-11 18:51:05.475,0.1,buy,7869.96,BTC-14JUN19-7500-P,73.88,0.0075,0.1,0,1560279065475,23952554,248
2019-06-12 00:46:58.587,0.1,buy,7877.14,BTC-14JUN19-7500-P,76.39,0.006999999999999999,0.1,2,1560300418587,23967101,249
2019-06-12 02:43:46.314,25.0,sell,7928.17,BTC-14JUN19-7500-P,73.89,0.005,25.0,2,1560307426314,23971026,250
2019-06-12 02:43:47.713,1.9,sell,7928.03,BTC-14JUN19-7500-P,73.87,0.005,1.9,3,1560307427713,23971029,251
2019-06-12 02:43:58.376,23.1,sell,7933.22,BTC-14JUN19-7500-P,74.44,0.005,23.1,3,1560307438376,23971069,252
2019-06-12 02:54:17.026,2.0,sell,8046.72,BTC-14JUN19-7500-P,56.64,0.001,2.0,2,1560308057026,23975646,253
2019-06-12 06:57:10.375,0.1,buy,7963.14,BTC-14JUN19-7500-P,75.11,0.004,0.1,0,1560322630375,23986243,254
2019-06-12 06:57:10.375,9.9,buy,7963.14,BTC-14JUN19-7500-P,75.11,0.004,9.9,1,1560322630375,23986244,255
2019-06-12 08:58:44.973,0.1,sell,7978.52,BTC-14JUN19-7500-P,75.18,0.0035,0.1,2,1560329924973,23989344,256
2019-06-12 10:45:14.627,0.1,buy,7987.96,BTC-14JUN19-7500-P,80.98,0.004,0.1,0,1560336314627,23997209,257
2019-06-12 11:08:16.574,1.0,sell,7989.36,BTC-14JUN19-7500-P,74.61,0.003,1.0,2,1560337696574,23998090,258
2019-06-12 15:11:35.532,0.5,sell,8195.04,BTC-14JUN19-7500-P,84.68,0.0015,0.5,2,1560352295532,24016323,259
2019-06-12 15:16:18.398,0.5,buy,8262.39,BTC-14JUN19-7500-P,83.64,0.001,0.5,2,1560352578398,24021618,260
2019-06-12 15:35:34.993,0.3,buy,8177.24,BTC-14JUN19-7500-P,89.17,0.002,0.3,0,1560353734993,24026339,261
2019-06-12 16:00:14.042,0.1,sell,8194.16,BTC-14JUN19-7500-P,78.49,0.001,0.1,2,1560355214042,24028543,262
2019-06-12 17:19:04.958,5.0,buy,8149.49,BTC-14JUN19-7500-P,88.36,0.002,5.0,1,1560359944958,24033569,264
2019-06-12 17:19:04.958,9.7,buy,8149.49,BTC-14JUN19-7500-P,88.36,0.002,9.7,0,1560359944958,24033568,263
2019-06-12 17:19:04.958,5.3,buy,8149.49,BTC-14JUN19-7500-P,88.36,0.002,5.3,1,1560359944958,24033570,265
2019-06-12 17:28:39.645,0.4,sell,8145.81,BTC-14JUN19-7500-P,66.47,0.0005,0.4,2,1560360519645,24033901,266
2019-06-12 18:48:06.528,2.0,sell,8157.46,BTC-14JUN19-7500-P,85.04,0.0015,2.0,0,1560365286528,24036695,267
2019-06-12 20:26:06.587,1.0,buy,8123.25,BTC-14JUN19-7500-P,89.39,0.002,1.0,0,1560371166587,24039477,268
2019-06-12 20:27:42.326,1.0,buy,8122.14,BTC-14JUN19-7500-P,89.32,0.002,1.0,1,1560371262326,24039728,269
2019-06-12 23:29:01.934,0.1,buy,8134.04,BTC-14JUN19-7500-P,88.51,0.0015,0.1,2,1560382141934,24044533,270
2019-06-13 00:16:20.100,1.3,sell,8175.89,BTC-14JUN19-7500-P,75.96,0.0005,1.3,2,1560384980100,24046201,271
2019-06-13 00:54:14.608,0.2,buy,8168.99,BTC-14JUN19-7500-P,94.24,0.0015,0.2,0,1560387254608,24047696,272
2019-06-13 02:52:25.261,0.5,buy,8116.8,BTC-14JUN19-7500-P,91.59,0.0015,0.5,1,1560394345261,24049796,273
2019-06-13 03:57:11.507,1.3,sell,8117.92,BTC-14JUN19-7500-P,75.19,0.0005,1.3,2,1560398231507,24052759,274
2019-06-13 03:57:11.507,0.3,sell,8117.92,BTC-14JUN19-7500-P,75.19,0.0005,0.3,3,1560398231507,24052760,275
2019-06-13 03:57:11.507,9.1,sell,8117.92,BTC-14JUN19-7500-P,75.19,0.0005,9.1,3,1560398231507,24052761,276
2019-06-13 06:08:42.794,2.0,buy,8107.42,BTC-14JUN19-7500-P,88.05,0.001,2.0,0,1560406122794,24055279,277
2019-06-13 06:08:42.794,8.0,buy,8107.42,BTC-14JUN19-7500-P,88.05,0.001,8.0,1,1560406122794,24055280,278
2019-06-13 08:34:40.593,4.5,buy,8123.48,BTC-14JUN19-7500-P,94.4,0.001,4.5,1,1560414880593,24057385,279
2019-06-13 08:34:40.593,5.5,buy,8123.48,BTC-14JUN19-7500-P,94.4,0.001,5.5,1,1560414880593,24057386,280
2019-06-13 10:53:45.820,3.0,sell,8091.43,BTC-14JUN19-7500-P,83.7,0.0005,3.0,2,1560423225820,24062496,281
2019-06-13 11:04:52.950,1.0,buy,8096.15,BTC-14JUN19-7500-P,96.48,0.001,1.0,0,1560423892950,24062599,282
2019-06-13 14:47:57.602,0.6,buy,8176.65,BTC-14JUN19-7500-P,103.27,0.0005,0.6,2,1560437277602,24076421,283
2019-06-13 14:47:57.602,0.5,buy,8176.65,BTC-14JUN19-7500-P,103.27,0.0005,0.5,3,1560437277602,24076422,284
2019-06-13 14:48:41.838,1.8,sell,8173.24,BTC-14JUN19-7500-P,102.9,0.0005,1.8,3,1560437321838,24076473,285
2019-06-13 14:48:49.147,0.1,sell,8173.42,BTC-14JUN19-7500-P,102.92,0.0005,0.1,3,1560437329147,24076474,286
2019-06-13 14:49:05.066,0.8,buy,8173.49,BTC-14JUN19-7500-P,102.93,0.0005,0.8,3,1560437345066,24076478,287
2019-06-13 18:26:51.935,2.0,buy,8220.44,BTC-14JUN19-7500-P,138.79,0.001,2.0,0,1560450411935,24086739,288
2019-06-13 18:51:59.920,2.0,buy,8261.95,BTC-14JUN19-7500-P,129.99,0.0005,2.0,2,1560451919920,24088508,289
