date_utc,amount,direction,indexPrice,instrument,iv,price,quantity,tickDirection,timeStamp,tradeId,tradeSeq
2019-02-14 01:35:54.383,0.5,sell,3582.94,BTC-22FEB19-4000-C,52.07,0.003,0.5,2,1550108154383,15351992,395
2019-02-14 06:36:48.758,1.0,buy,3578.1,BTC-22FEB19-4000-C,57.24,0.004,1.0,0,1550126208758,15355810,396
2019-02-14 08:34:34.840,0.2,sell,3570.52,BTC-22FEB19-4000-C,54.25,0.003,0.2,2,1550133274840,15359086,397
2019-02-14 08:35:06.801,5.0,sell,3569.41,BTC-22FEB19-4000-C,52.07,0.0025,5.0,2,1550133306801,15359090,398
2019-02-14 10:53:36.637,0.5,sell,3564.04,BTC-22FEB19-4000-C,52.92,0.0025,0.5,3,1550141616637,15362033,399
2019-02-14 12:11:18.531,0.1,sell,3553.44,BTC-22FEB19-4000-C,54.13,0.0025,0.1,3,1550146278531,15367052,400
2019-02-14 15:04:28.763,2.0,buy,3567.06,BTC-22FEB19-4000-C,57.69,0.0035,2.0,0,1550156668763,15369226,401
2019-02-14 15:05:10.354,2.0,buy,3568.1,BTC-22FEB19-4000-C,57.59,0.0035,2.0,1,1550156710354,15369231,402
2019-02-14 17:14:24.482,2.0,sell,3570.43,BTC-22FEB19-4000-C,55.53,0.003,2.0,2,1550164464482,15371486,403
2019-02-14 18:14:30.691,2.0,buy,3574.02,BTC-22FEB19-4000-C,57.46,0.0035,2.0,0,1550168070691,15372527,404
2019-02-14 18:14:30.691,10.0,buy,3574.02,BTC-22FEB19-4000-C,57.46,0.0035,10.0,1,1550168070691,15372528,405
2019-02-14 18:14:30.691,18.0,buy,3574.02,BTC-22FEB19-4000-C,57.46,0.0035,18.0,1,1550168070691,15372529,406
2019-02-14 18:15:03.117,10.0,buy,3573.85,BTC-22FEB19-4000-C,57.49,0.0035,10.0,1,1550168103117,15372532,407
2019-02-14 20:41:42.924,0.3,sell,3565.23,BTC-22FEB19-4000-C,56.6,0.003,0.3,2,1550176902924,15373546,408
2019-02-14 21:23:10.261,0.2,sell,3564.77,BTC-22FEB19-4000-C,56.75,0.003,0.2,3,1550179390261,15373725,409
2019-02-14 21:23:10.261,0.8,sell,3564.77,BTC-22FEB19-4000-C,54.37,0.0025,0.8,2,1550179390261,15373726,410
2019-02-15 08:21:11.264,0.1,sell,3578.04,BTC-22FEB19-4000-C,54.75,0.0025,0.1,3,1550218871264,15382793,411
2019-02-15 11:07:48.909,0.1,buy,3588.25,BTC-22FEB19-4000-C,56.55,0.003,0.1,0,1550228868909,15385563,412
2019-02-15 11:07:48.909,10.0,buy,3588.25,BTC-22FEB19-4000-C,56.55,0.003,10.0,1,1550228868909,15385564,413
2019-02-15 11:07:48.909,0.1,buy,3588.25,BTC-22FEB19-4000-C,56.55,0.003,0.1,1,1550228868909,15385565,414
2019-02-15 11:07:48.909,9.8,buy,3588.25,BTC-22FEB19-4000-C,56.55,0.003,9.8,1,1550228868909,15385566,415
2019-02-15 11:08:03.519,19.8,buy,3587.29,BTC-22FEB19-4000-C,56.65,0.003,19.8,1,1550228883519,15385633,417
2019-02-15 11:08:03.519,0.2,buy,3587.29,BTC-22FEB19-4000-C,56.65,0.003,0.2,1,1550228883519,15385632,416
2019-02-15 11:28:30.891,2.0,buy,3575.62,BTC-22FEB19-4000-C,60.22,0.0035,2.0,0,1550230110891,15386266,418
2019-02-15 12:21:35.348,0.8,sell,3578.32,BTC-22FEB19-4000-C,52.68,0.002,0.8,3,1550233295348,15386943,420
2019-02-15 12:21:35.348,0.2,sell,3578.32,BTC-22FEB19-4000-C,52.68,0.002,0.2,2,1550233295348,15386942,419
2019-02-15 14:18:05.226,10.0,buy,3599.31,BTC-22FEB19-4000-C,55.9,0.003,10.0,0,1550240285226,15388934,421
2019-02-15 20:54:56.521,1.0,buy,3565.57,BTC-22FEB19-4000-C,55.44,0.002,1.0,2,1550264096521,15402325,422
2019-02-16 02:00:34.479,2.0,buy,3575.75,BTC-22FEB19-4000-C,55.3,0.002,2.0,3,1550282434479,15404639,423
2019-02-16 02:00:34.479,10.0,buy,3575.75,BTC-22FEB19-4000-C,55.3,0.002,10.0,3,1550282434479,15404640,424
2019-02-16 02:02:26.519,10.0,buy,3575.57,BTC-22FEB19-4000-C,58.16,0.0025,10.0,0,1550282546519,15404652,425
2019-02-16 02:04:36.943,10.0,buy,3576.0,BTC-22FEB19-4000-C,60.68,0.003,10.0,0,1550282676943,15404675,426
2019-02-16 02:53:23.706,0.5,buy,3579.1,BTC-22FEB19-4000-C,62.86,0.0035,0.5,0,1550285603706,15405364,427
2019-02-16 04:06:56.062,2.7,sell,3589.86,BTC-22FEB19-4000-C,59.52,0.003,2.7,2,1550290016062,15407285,428
2019-02-16 05:47:00.067,0.5,buy,3584.56,BTC-22FEB19-4000-C,65.06,0.004,0.5,0,1550296020067,15409499,429
2019-02-16 11:45:59.681,25.0,sell,3588.77,BTC-22FEB19-4000-C,58.64,0.0025,25.0,2,1550317559681,15412027,430
2019-02-16 11:50:58.529,3.0,sell,3588.57,BTC-22FEB19-4000-C,55.79,0.002,3.0,2,1550317858529,15412073,431
2019-02-16 13:54:55.488,1.5,buy,3598.37,BTC-22FEB19-4000-C,58.0,0.0025,1.5,0,1550325295488,15416915,432
2019-02-16 13:55:28.935,0.7000000000000001,buy,3598.02,BTC-22FEB19-4000-C,58.04,0.0025,0.7000000000000001,1,1550325328935,15416919,433
2019-02-16 16:16:32.606,9.2,sell,3590.98,BTC-22FEB19-4000-C,56.43,0.002,9.2,2,1550333792606,15421043,434
2019-02-16 16:22:10.113,5.0,sell,3594.21,BTC-22FEB19-4000-C,56.08,0.002,5.0,3,1550334130113,15421209,435
2019-02-17 17:11:25.600,0.3,sell,3572.38,BTC-22FEB19-4000-C,60.96,0.0015,0.3,3,1550423485600,15450670,437
2019-02-17 17:11:25.600,1.0,sell,3572.38,BTC-22FEB19-4000-C,60.96,0.0015,1.0,2,1550423485600,15450669,436
2019-02-17 22:23:12.221,0.1,buy,3593.54,BTC-22FEB19-4000-C,59.86,0.0015,0.1,3,1550442192221,15454846,438
2019-02-17 23:36:30.597,5.0,buy,3626.37,BTC-22FEB19-4000-C,59.81,0.002,5.0,0,1550446590597,15458730,439
2019-02-17 23:46:18.249,0.1,buy,3636.8,BTC-22FEB19-4000-C,58.51,0.002,0.1,1,1550447178249,15459966,441
2019-02-17 23:46:18.249,5.0,buy,3636.8,BTC-22FEB19-4000-C,58.51,0.002,5.0,1,1550447178249,15459965,440
2019-02-17 23:46:21.706,0.4,buy,3637.27,BTC-22FEB19-4000-C,58.45,0.002,0.4,1,1550447181706,15460044,442
2019-02-17 23:46:23.374,0.3,buy,3637.94,BTC-22FEB19-4000-C,58.37,0.002,0.3,1,1550447183374,15460071,443
2019-02-17 23:46:36.479,5.2,buy,3638.89,BTC-22FEB19-4000-C,58.25,0.002,5.2,1,1550447196479,15460137,444
2019-02-18 00:45:30.934,10.0,buy,3637.48,BTC-22FEB19-4000-C,61.86,0.0025,10.0,0,1550450730934,15464357,445
2019-02-18 00:45:36.570,0.5,buy,3636.8,BTC-22FEB19-4000-C,61.96,0.0025,0.5,1,1550450736570,15464374,446
2019-02-18 00:45:36.570,9.5,buy,3636.8,BTC-22FEB19-4000-C,61.96,0.0025,9.5,1,1550450736570,15464375,447
2019-02-18 00:57:31.831,2.0,buy,3657.63,BTC-22FEB19-4000-C,59.23,0.0025,2.0,1,1550451451831,15466085,448
2019-02-18 00:57:42.757,10.0,buy,3657.62,BTC-22FEB19-4000-C,59.23,0.0025,10.0,1,1550451462757,15466198,449
2019-02-18 00:58:57.970,1.5,buy,3658.12,BTC-22FEB19-4000-C,61.96,0.003,1.5,0,1550451537970,15466875,450
2019-02-18 01:00:32.442,2.5,buy,3660.21,BTC-22FEB19-4000-C,61.68,0.003,2.5,1,1550451632442,15467274,451
2019-02-18 01:07:37.150,5.5,buy,3693.15,BTC-22FEB19-4000-C,57.13,0.003,5.5,1,1550452057150,15469257,453
2019-02-18 01:07:37.150,6.0,buy,3693.15,BTC-22FEB19-4000-C,57.13,0.003,6.0,1,1550452057150,15469256,452
2019-02-18 01:07:52.627,10.0,buy,3711.22,BTC-22FEB19-4000-C,57.0,0.0035,10.0,0,1550452072627,15469972,454
2019-02-18 01:08:01.275,2.0,buy,3717.25,BTC-22FEB19-4000-C,58.37,0.004,2.0,0,1550452081275,15470276,455
2019-02-18 01:08:11.900,0.1,sell,3725.93,BTC-22FEB19-4000-C,57.08,0.004,0.1,1,1550452091900,15470620,456
2019-02-18 01:08:12.056,0.1,sell,3725.93,BTC-22FEB19-4000-C,57.08,0.004,0.1,1,1550452092056,15470639,457
2019-02-18 01:19:12.866,6.9,buy,3628.59,BTC-22FEB19-4000-C,60.02,0.002,6.9,2,1550452752866,15477545,458
2019-02-18 07:07:35.705,1.0,buy,3705.28,BTC-22FEB19-4000-C,54.43,0.0025,1.0,0,1550473655705,15497582,459
2019-02-18 07:07:35.705,9.0,buy,3705.28,BTC-22FEB19-4000-C,54.43,0.0025,9.0,1,1550473655705,15497583,460
2019-02-18 07:08:11.470,1.0,buy,3709.13,BTC-22FEB19-4000-C,53.89,0.0025,1.0,1,1550473691470,15497846,461
2019-02-18 07:09:19.986,10.0,buy,3701.46,BTC-22FEB19-4000-C,57.68,0.003,10.0,0,1550473759986,15498540,462
2019-02-18 07:09:37.616,10.0,buy,3699.67,BTC-22FEB19-4000-C,57.94,0.003,10.0,1,1550473777616,15498614,463
2019-02-18 07:24:00.764,0.4,sell,3713.7,BTC-22FEB19-4000-C,55.98,0.003,0.4,1,1550474640764,15500481,464
2019-02-18 09:35:10.711,1.0,buy,3703.82,BTC-22FEB19-4000-C,65.26,0.0045,1.0,0,1550482510711,15507315,465
2019-02-18 09:57:45.962,0.9,buy,3704.34,BTC-22FEB19-4000-C,67.48,0.005,0.9,0,1550483865962,15507984,467
2019-02-18 09:57:45.962,0.1,buy,3704.34,BTC-22FEB19-4000-C,65.31,0.0045,0.1,1,1550483865962,15507983,466
2019-02-18 10:42:56.226,0.5,sell,3696.95,BTC-22FEB19-4000-C,62.01,0.0035,0.5,2,1550486576226,15510376,468
2019-02-18 11:56:11.296,0.8,sell,3700.63,BTC-22FEB19-4000-C,59.28,0.003,0.8,2,1550490971296,15513734,469
2019-02-18 12:03:44.725,1.0,sell,3695.74,BTC-22FEB19-4000-C,60.05,0.003,1.0,3,1550491424725,15514233,470
2019-02-18 12:03:46.564,1.0,sell,3696.41,BTC-22FEB19-4000-C,59.95,0.003,1.0,3,1550491426564,15514240,471
2019-02-18 12:03:49.495,1.0,sell,3697.25,BTC-22FEB19-4000-C,59.82,0.003,1.0,3,1550491429495,15514271,472
2019-02-18 12:03:51.259,1.0,sell,3697.06,BTC-22FEB19-4000-C,59.85,0.003,1.0,3,1550491431259,15514279,473
2019-02-18 12:38:26.804,10.0,buy,3715.3,BTC-22FEB19-4000-C,59.85,0.0035,10.0,0,1550493506804,15516651,474
2019-02-18 13:15:46.151,0.8,buy,3728.2,BTC-22FEB19-4000-C,60.42,0.004,0.8,0,1550495746151,15521599,475
2019-02-18 13:35:24.509,0.3,sell,3773.54,BTC-22FEB19-4000-C,55.36,0.0045,0.3,0,1550496924509,15527699,476
2019-02-18 13:46:20.302,0.2,buy,3802.18,BTC-22FEB19-4000-C,58.0,0.0065,0.2,0,1550497580302,15531350,479
2019-02-18 13:46:20.302,3.0,buy,3802.18,BTC-22FEB19-4000-C,56.23,0.006,3.0,0,1550497580302,15531348,477
2019-02-18 13:46:20.302,1.8,buy,3802.18,BTC-22FEB19-4000-C,56.23,0.006,1.8,1,1550497580302,15531349,478
2019-02-18 13:47:04.822,5.1000000000000005,sell,3789.57,BTC-22FEB19-4000-C,56.62,0.0055,5.1000000000000005,2,1550497624822,15531784,480
2019-02-18 14:30:41.819,1.0,sell,3813.39,BTC-22FEB19-4000-C,56.2,0.0065,1.0,0,1550500241819,15541360,481
2019-02-18 14:32:49.413,3.0,sell,3814.14,BTC-22FEB19-4000-C,56.08,0.0065,3.0,1,1550500369413,15541581,482
2019-02-18 14:33:58.507,0.5,buy,3811.26,BTC-22FEB19-4000-C,58.32,0.006999999999999999,0.5,0,1550500438507,15541714,483
2019-02-18 14:36:13.450,2.2,sell,3806.65,BTC-22FEB19-4000-C,55.69,0.006,2.2,2,1550500573450,15542023,484
2019-02-18 14:40:20.633,10.0,buy,3806.01,BTC-22FEB19-4000-C,55.83,0.006,10.0,3,1550500820633,15542508,485
2019-02-18 14:58:46.534,0.1,sell,3796.97,BTC-22FEB19-4000-C,57.54,0.006,0.1,3,1550501926534,15543759,486
2019-02-18 14:58:46.836,0.1,sell,3796.97,BTC-22FEB19-4000-C,57.54,0.006,0.1,3,1550501926836,15543761,487
2019-02-18 15:03:37.592,0.8,sell,3790.57,BTC-22FEB19-4000-C,58.71,0.006,0.8,3,1550502217592,15544229,488
2019-02-18 16:00:35.873,0.1,buy,3805.91,BTC-22FEB19-4000-C,54.45,0.0055,0.1,2,1550505635873,15547241,489
2019-02-18 16:07:46.215,10.0,buy,3832.07,BTC-22FEB19-4000-C,51.54,0.006,10.0,0,1550506066215,15548574,490
2019-02-18 16:17:25.364,4.9,sell,3825.86,BTC-22FEB19-4000-C,50.96,0.0055,4.9,2,1550506645364,15549962,491
2019-02-18 16:23:41.902,5.4,buy,3855.25,BTC-22FEB19-4000-C,45.6,0.0055,5.4,3,1550507021902,15551302,492
2019-02-18 16:23:46.672,0.3,buy,3855.67,BTC-22FEB19-4000-C,45.52,0.0055,0.3,3,1550507026672,15551327,494
2019-02-18 16:23:46.672,19.7,buy,3855.67,BTC-22FEB19-4000-C,45.52,0.0055,19.7,3,1550507026672,15551326,493
2019-02-18 16:24:02.442,20.0,buy,3860.27,BTC-22FEB19-4000-C,46.33,0.006,20.0,0,1550507042442,15551589,495
2019-02-18 16:24:06.553,0.4,buy,3861.26,BTC-22FEB19-4000-C,46.14,0.006,0.4,1,1550507046553,15551650,496
2019-02-18 16:24:12.085,5.0,buy,3862.6,BTC-22FEB19-4000-C,45.88,0.006,5.0,1,1550507052085,15551738,497
2019-02-18 16:24:12.897,0.3,buy,3863.11,BTC-22FEB19-4000-C,45.79,0.006,0.3,1,1550507052897,15551773,498
2019-02-18 16:24:13.045,0.1,buy,3863.11,BTC-22FEB19-4000-C,45.79,0.006,0.1,1,1550507053045,15551777,499
2019-02-18 16:24:44.273,1.2,buy,3857.03,BTC-22FEB19-4000-C,46.95,0.006,1.2,1,1550507084273,15552160,500
2019-02-18 16:27:39.284,9.5,buy,3866.31,BTC-22FEB19-4000-C,54.54,0.009000000000000001,9.5,0,1550507259284,15553624,502
2019-02-18 16:27:39.284,0.5,buy,3866.31,BTC-22FEB19-4000-C,53.04,0.0085,0.5,0,1550507259284,15553623,501
2019-02-18 16:31:19.736,1.0,buy,3892.13,BTC-22FEB19-4000-C,47.68,0.0085,1.0,2,1550507479736,15554813,503
2019-02-18 16:31:19.736,4.0,buy,3892.13,BTC-22FEB19-4000-C,49.13,0.009000000000000001,4.0,0,1550507479736,15554814,504
2019-02-18 16:31:33.604,2.6,buy,3887.96,BTC-22FEB19-4000-C,50.03,0.009000000000000001,2.6,1,1550507493604,15555020,505
2019-02-18 16:31:33.610,1.2,buy,3887.96,BTC-22FEB19-4000-C,50.03,0.009000000000000001,1.2,1,1550507493610,15555021,506
2019-02-18 16:31:33.611,1.0,buy,3887.96,BTC-22FEB19-4000-C,50.03,0.009000000000000001,1.0,1,1550507493611,15555022,507
2019-02-18 16:31:33.623,2.0,buy,3887.96,BTC-22FEB19-4000-C,50.03,0.009000000000000001,2.0,1,1550507493623,15555023,508
2019-02-18 16:31:33.770,2.9,buy,3887.96,BTC-22FEB19-4000-C,50.03,0.009000000000000001,2.9,1,1550507493770,15555024,509
2019-02-18 16:31:33.774,1.2,buy,3887.96,BTC-22FEB19-4000-C,50.03,0.009000000000000001,1.2,1,1550507493774,15555025,510
2019-02-18 16:31:33.798,0.5,buy,3887.96,BTC-22FEB19-4000-C,50.03,0.009000000000000001,0.5,1,1550507493798,15555026,511
2019-02-18 16:31:33.800,1.0,buy,3887.96,BTC-22FEB19-4000-C,50.03,0.009000000000000001,1.0,1,1550507493800,15555027,512
2019-02-18 16:31:34.800,5.4,buy,3887.21,BTC-22FEB19-4000-C,50.19,0.009000000000000001,5.4,1,1550507494800,15555033,513
2019-02-18 16:34:47.026,0.2,buy,3901.96,BTC-22FEB19-4000-C,47.03,0.009000000000000001,0.2,1,1550507687026,15556790,514
2019-02-18 16:34:50.270,8.700000000000001,buy,3901.96,BTC-22FEB19-4000-C,47.03,0.009000000000000001,8.700000000000001,1,1550507690270,15556810,515
2019-02-18 16:34:53.213,9.1,buy,3902.57,BTC-22FEB19-4000-C,46.9,0.009000000000000001,9.1,1,1550507693213,15556832,516
2019-02-18 16:34:54.120,0.7000000000000001,buy,3902.48,BTC-22FEB19-4000-C,46.92,0.009000000000000001,0.7000000000000001,1,1550507694120,15556834,517
2019-02-18 16:40:01.162,0.1,buy,3900.16,BTC-22FEB19-4000-C,53.08,0.011,0.1,0,1550508001162,15558836,518
2019-02-18 16:40:01.162,0.1,buy,3900.16,BTC-22FEB19-4000-C,53.08,0.011,0.1,1,1550508001162,15558837,519
2019-02-18 16:40:01.349,0.1,sell,3900.16,BTC-22FEB19-4000-C,53.08,0.011,0.1,1,1550508001349,15558839,520
2019-02-18 16:40:01.382,0.1,sell,3900.16,BTC-22FEB19-4000-C,53.08,0.011,0.1,1,1550508001382,15558841,521
2019-02-18 16:40:21.846,0.1,sell,3897.15,BTC-22FEB19-4000-C,53.75,0.011,0.1,1,1550508021846,15558885,522
2019-02-18 16:40:22.986,0.5,sell,3897.15,BTC-22FEB19-4000-C,53.75,0.011,0.5,1,1550508022986,15558890,523
2019-02-18 16:41:52.560,2.6,sell,3893.0,BTC-22FEB19-4000-C,53.28,0.0105,2.6,2,1550508112560,15559113,524
2019-02-18 16:42:47.815,2.9,sell,3892.01,BTC-22FEB19-4000-C,52.08,0.01,2.9,2,1550508167815,15559204,525
2019-02-18 17:03:33.347,0.3,buy,3845.52,BTC-22FEB19-4000-C,54.26,0.0075,0.3,2,1550509413347,15566549,526
2019-02-18 17:03:33.347,4.0,buy,3845.52,BTC-22FEB19-4000-C,55.86,0.008,4.0,0,1550509413347,15566550,527
2019-02-18 17:05:34.394,3.9,buy,3842.25,BTC-22FEB19-4000-C,59.66,0.009000000000000001,3.9,0,1550509534394,15566890,528
2019-02-18 17:05:42.139,15.0,sell,3840.87,BTC-22FEB19-4000-C,59.94,0.009000000000000001,15.0,1,1550509542139,15566948,529
2019-02-18 17:13:17.005,1.0,sell,3857.61,BTC-22FEB19-4000-C,56.57,0.009000000000000001,1.0,1,1550509997005,15568076,530
2019-02-18 17:14:09.802,0.1,buy,3856.72,BTC-22FEB19-4000-C,58.28,0.0095,0.1,0,1550510049802,15568176,531
2019-02-18 17:59:23.996,0.1,buy,3866.65,BTC-22FEB19-4000-C,56.45,0.0095,0.1,1,1550512763996,15571095,532
2019-02-18 18:12:29.845,0.1,buy,3877.16,BTC-22FEB19-4000-C,57.22,0.0105,0.1,0,1550513549845,15571583,533
2019-02-18 18:12:39.720,0.1,buy,3885.44,BTC-22FEB19-4000-C,56.85,0.011,0.1,0,1550513559720,15571818,534
2019-02-18 18:12:45.364,0.1,buy,3888.79,BTC-22FEB19-4000-C,57.52,0.0115,0.1,0,1550513565364,15571857,535
2019-02-18 18:27:26.109,0.1,buy,3895.86,BTC-22FEB19-4000-C,57.4,0.012,0.1,0,1550514446109,15573105,536
2019-02-18 18:52:53.242,0.4,sell,3887.46,BTC-22FEB19-4000-C,56.62,0.011,0.4,2,1550515973242,15574068,537
2019-02-18 19:08:47.023,1.0,sell,3884.36,BTC-22FEB19-4000-C,55.96,0.0105,1.0,2,1550516927023,15574470,538
2019-02-18 19:27:18.513,0.5,buy,3878.58,BTC-22FEB19-4000-C,57.33,0.0105,0.5,3,1550518038513,15575927,539
2019-02-18 19:27:18.513,2.5,buy,3878.58,BTC-22FEB19-4000-C,57.33,0.0105,2.5,3,1550518038513,15575928,540
2019-02-18 19:27:56.988,0.5,buy,3881.11,BTC-22FEB19-4000-C,56.78,0.0105,0.5,3,1550518076988,15575962,541
2019-02-18 19:39:17.229,8.1,sell,3880.16,BTC-22FEB19-4000-C,55.59,0.01,8.1,2,1550518757229,15576422,542
2019-02-18 19:40:10.920,5.1000000000000005,buy,3881.32,BTC-22FEB19-4000-C,55.34,0.01,5.1000000000000005,3,1550518810920,15576498,543
2019-02-18 19:40:10.961,0.3,buy,3881.32,BTC-22FEB19-4000-C,55.34,0.01,0.3,3,1550518810961,15576499,544
2019-02-18 19:40:20.974,0.4,buy,3882.2,BTC-22FEB19-4000-C,55.15,0.01,0.4,3,1550518820974,15576506,545
2019-02-18 19:40:21.518,3.2,buy,3882.24,BTC-22FEB19-4000-C,55.14,0.01,3.2,3,1550518821518,15576507,546
2019-02-18 19:41:04.760,0.9,buy,3882.06,BTC-22FEB19-4000-C,58.1,0.011,0.9,0,1550518864760,15576529,547
2019-02-18 19:49:19.772,0.2,buy,3876.6,BTC-22FEB19-4000-C,60.8,0.0115,0.2,0,1550519359772,15576895,548
2019-02-18 20:18:06.501,3.1,buy,3856.51,BTC-22FEB19-4000-C,59.38,0.0095,3.1,2,1550521086501,15578808,549
2019-02-18 20:57:44.421,0.5,sell,3863.95,BTC-22FEB19-4000-C,56.5,0.009000000000000001,0.5,2,1550523464421,15580175,550
2019-02-18 21:10:11.586,10.8,sell,3870.05,BTC-22FEB19-4000-C,56.8,0.0095,10.8,0,1550524211586,15580592,551
2019-02-18 21:28:55.704,0.1,buy,3863.77,BTC-22FEB19-4000-C,59.78,0.01,0.1,0,1550525335704,15581248,552
2019-02-18 21:48:43.294,3.7,buy,3859.22,BTC-22FEB19-4000-C,59.35,0.0095,3.7,2,1550526523294,15581750,553
2019-02-18 21:53:40.161,2.9,buy,3861.68,BTC-22FEB19-4000-C,60.38,0.01,2.9,0,1550526820161,15581895,554
2019-02-18 22:14:11.806,1.0,sell,3849.73,BTC-22FEB19-4000-C,61.52,0.0095,1.0,2,1550528051806,15583355,555
2019-02-18 22:14:11.806,1.0,sell,3849.73,BTC-22FEB19-4000-C,59.94,0.009000000000000001,1.0,2,1550528051806,15583356,556
2019-02-18 22:31:28.745,2.0,buy,3849.41,BTC-22FEB19-4000-C,63.25,0.01,2.0,0,1550529088745,15584404,557
2019-02-18 22:31:30.714,2.0,buy,3849.42,BTC-22FEB19-4000-C,63.25,0.01,2.0,1,1550529090714,15584405,558
2019-02-18 22:37:23.001,4.8,buy,3849.55,BTC-22FEB19-4000-C,64.81,0.0105,4.8,0,1550529443001,15584627,559
2019-02-18 23:24:58.679,1.0,sell,3863.65,BTC-22FEB19-4000-C,68.05,0.0125,1.0,0,1550532298679,15586102,560
2019-02-18 23:26:56.436,0.5,sell,3861.94,BTC-22FEB19-4000-C,66.96,0.012,0.5,2,1550532416436,15586194,561
2019-02-19 00:04:23.699,0.5,buy,3879.24,BTC-22FEB19-4000-C,64.74,0.0125,0.5,0,1550534663699,15587638,562
2019-02-19 00:04:23.699,0.6,buy,3879.24,BTC-22FEB19-4000-C,64.74,0.0125,0.6,1,1550534663699,15587639,563
2019-02-19 00:04:23.699,0.5,buy,3879.24,BTC-22FEB19-4000-C,64.74,0.0125,0.5,1,1550534663699,15587640,564
2019-02-19 00:16:25.779,0.3,buy,3893.05,BTC-22FEB19-4000-C,65.87,0.014,0.3,0,1550535385779,15589026,565
2019-02-19 00:16:25.779,0.7000000000000001,buy,3893.05,BTC-22FEB19-4000-C,67.29,0.0145,0.7000000000000001,0,1550535385779,15589027,566
2019-02-19 00:19:58.114,1.0,buy,3903.63,BTC-22FEB19-4000-C,66.13,0.015,1.0,0,1550535598114,15589590,567
2019-02-19 00:32:46.412,0.5,buy,3902.28,BTC-22FEB19-4000-C,65.14,0.0145,0.5,2,1550536366412,15590978,568
2019-02-19 00:34:06.941,14.9,buy,3900.63,BTC-22FEB19-4000-C,68.37,0.0155,14.9,1,1550536446941,15591034,570
2019-02-19 00:34:06.941,0.1,buy,3900.63,BTC-22FEB19-4000-C,68.37,0.0155,0.1,0,1550536446941,15591033,569
2019-02-19 00:38:27.857,0.5,buy,3933.64,BTC-22FEB19-4000-C,65.39,0.0175,0.5,0,1550536707857,15592198,571
2019-02-19 00:41:55.369,0.5,buy,3935.07,BTC-22FEB19-4000-C,69.09,0.019,0.5,0,1550536915369,15593767,572
2019-02-19 00:41:55.369,0.5,buy,3935.07,BTC-22FEB19-4000-C,69.09,0.019,0.5,1,1550536915369,15593768,573
2019-02-19 00:44:27.143,0.3,buy,3946.68,BTC-22FEB19-4000-C,68.6,0.02,0.3,0,1550537067143,15594514,574
2019-02-19 00:47:11.898,5.0,sell,3932.39,BTC-22FEB19-4000-C,68.5,0.0185,5.0,2,1550537231898,15595661,575
2019-02-19 00:49:59.383,1.0,buy,3923.31,BTC-22FEB19-4000-C,69.58,0.018000000000000002,1.0,2,1550537399383,15596142,576
2019-02-19 01:06:41.812,0.5,sell,3899.39,BTC-22FEB19-4000-C,70.32,0.016,0.5,2,1550538401812,15598304,577
2019-02-19 01:18:56.139,0.1,sell,3899.18,BTC-22FEB19-4000-C,70.46,0.016,0.1,3,1550539136139,15599493,578
2019-02-19 01:20:15.338,20.0,buy,3905.16,BTC-22FEB19-4000-C,71.76,0.017,20.0,0,1550539215338,15599585,579
2019-02-19 01:20:42.140,0.2,buy,3904.02,BTC-22FEB19-4000-C,72.05,0.017,0.2,1,1550539242140,15599611,580
2019-02-19 01:25:41.614,0.4,buy,3897.85,BTC-22FEB19-4000-C,70.85,0.016,0.4,2,1550539541614,15599847,581
2019-02-19 01:25:41.614,7.6,buy,3897.85,BTC-22FEB19-4000-C,72.26,0.0165,7.6,0,1550539541614,15599848,582
2019-02-19 01:31:37.323,15.0,buy,3873.02,BTC-22FEB19-4000-C,72.67,0.0145,15.0,2,1550539897323,15600501,583
2019-02-19 01:42:41.014,0.4,buy,3863.64,BTC-22FEB19-4000-C,70.54,0.013,0.4,3,1550540561014,15601899,585
2019-02-19 01:42:41.014,1.0,buy,3863.64,BTC-22FEB19-4000-C,70.54,0.013,1.0,2,1550540561014,15601898,584
2019-02-19 01:58:43.796,1.0,buy,3869.07,BTC-22FEB19-4000-C,75.28,0.015,1.0,0,1550541523796,15604081,586
2019-02-19 02:00:51.833,0.8,buy,3863.79,BTC-22FEB19-4000-C,75.09,0.0145,0.8,3,1550541651833,15604173,588
2019-02-19 02:00:51.833,0.2,buy,3863.79,BTC-22FEB19-4000-C,75.09,0.0145,0.2,2,1550541651833,15604172,587
2019-02-19 02:00:54.967,1.0,buy,3863.94,BTC-22FEB19-4000-C,75.06,0.0145,1.0,3,1550541654967,15604216,589
2019-02-19 02:00:57.881,1.0,buy,3865.24,BTC-22FEB19-4000-C,74.75,0.0145,1.0,3,1550541657881,15604222,590
2019-02-19 02:16:07.093,1.0,buy,3871.8,BTC-22FEB19-4000-C,74.76,0.015,1.0,0,1550542567093,15604931,591
2019-02-19 02:16:53.249,0.1,buy,3872.95,BTC-22FEB19-4000-C,75.95,0.0155,0.1,0,1550542613249,15604940,592
2019-02-19 02:17:56.982,2.0,sell,3871.86,BTC-22FEB19-4000-C,74.77,0.015,2.0,2,1550542676982,15604947,593
2019-02-19 02:20:40.724,2.0,buy,3871.83,BTC-22FEB19-4000-C,74.8,0.015,2.0,3,1550542840724,15605029,594
2019-02-19 02:37:36.392,15.0,buy,3867.86,BTC-22FEB19-4000-C,75.89,0.015,15.0,3,1550543856392,15605761,595
2019-02-19 04:30:15.598,2.9,sell,3872.64,BTC-22FEB19-4000-C,71.19,0.0135,2.9,2,1550550615598,15608774,596
2019-02-19 07:55:30.611,1.0,buy,3891.25,BTC-22FEB19-4000-C,69.73,0.014,1.0,0,1550562930611,15614031,597
2019-02-19 09:53:07.753,0.8,sell,3860.55,BTC-22FEB19-4000-C,63.94,0.0095,0.8,3,1550569987753,15617595,599
2019-02-19 09:53:07.753,0.1,sell,3860.55,BTC-22FEB19-4000-C,63.94,0.0095,0.1,2,1550569987753,15617594,598
2019-02-19 09:53:07.758,1.2,sell,3860.55,BTC-22FEB19-4000-C,63.94,0.0095,1.2,3,1550569987758,15617596,600
2019-02-19 09:53:07.763,1.9,sell,3860.55,BTC-22FEB19-4000-C,63.94,0.0095,1.9,3,1550569987763,15617597,601
2019-02-19 09:53:07.789,2.6,sell,3860.55,BTC-22FEB19-4000-C,63.94,0.0095,2.6,3,1550569987789,15617598,602
2019-02-19 09:53:07.920,2.9,sell,3860.55,BTC-22FEB19-4000-C,63.94,0.0095,2.9,3,1550569987920,15617599,603
2019-02-19 09:53:07.922,0.5,sell,3860.55,BTC-22FEB19-4000-C,63.94,0.0095,0.5,3,1550569987922,15617600,604
2019-02-19 09:53:07.932,1.2,sell,3860.55,BTC-22FEB19-4000-C,63.94,0.0095,1.2,3,1550569987932,15617601,605
2019-02-19 09:53:07.953,1.0,sell,3860.55,BTC-22FEB19-4000-C,63.94,0.0095,1.0,3,1550569987953,15617602,606
2019-02-19 09:53:09.460,5.3,buy,3860.55,BTC-22FEB19-4000-C,63.94,0.0095,5.3,3,1550569989460,15617606,607
2019-02-19 09:53:52.141,0.1,sell,3861.47,BTC-22FEB19-4000-C,63.74,0.0095,0.1,3,1550570032141,15617630,608
2019-02-19 09:53:52.155,0.1,sell,3861.47,BTC-22FEB19-4000-C,63.74,0.0095,0.1,3,1550570032155,15617631,609
2019-02-19 09:53:52.381,0.1,sell,3861.47,BTC-22FEB19-4000-C,63.74,0.0095,0.1,3,1550570032381,15617632,610
2019-02-19 09:59:18.402,3.0,sell,3863.85,BTC-22FEB19-4000-C,66.52,0.0105,3.0,0,1550570358402,15617966,611
2019-02-19 10:00:46.873,10.0,sell,3864.38,BTC-22FEB19-4000-C,68.03,0.011,10.0,0,1550570446873,15618056,612
2019-02-19 10:00:50.946,10.0,buy,3864.95,BTC-22FEB19-4000-C,67.9,0.011,10.0,1,1550570450946,15618066,613
2019-02-19 10:56:34.136,1.6,buy,3869.28,BTC-22FEB19-4000-C,70.53,0.012,1.6,0,1550573794136,15619967,614
2019-02-19 10:56:34.136,10.0,buy,3869.28,BTC-22FEB19-4000-C,70.53,0.012,10.0,1,1550573794136,15619968,615
2019-02-19 10:56:42.347,10.0,buy,3869.28,BTC-22FEB19-4000-C,72.13,0.0125,10.0,1,1550573802347,15619973,617
2019-02-19 10:56:42.347,11.6,buy,3869.28,BTC-22FEB19-4000-C,72.13,0.0125,11.6,0,1550573802347,15619972,616
2019-02-19 10:56:42.357,3.4,sell,3869.28,BTC-22FEB19-4000-C,72.13,0.0125,3.4,1,1550573802357,15619974,618
2019-02-19 10:57:59.588,1.6,sell,3870.82,BTC-22FEB19-4000-C,71.75,0.0125,1.6,1,1550573879588,15619984,619
2019-02-19 11:36:07.969,1.6,sell,3870.06,BTC-22FEB19-4000-C,67.44,0.011,1.6,2,1550576167969,15620909,620
2019-02-19 13:10:29.050,5.0,buy,3889.35,BTC-22FEB19-4000-C,66.62,0.012,5.0,0,1550581829050,15624039,621
2019-02-19 13:14:05.208,3.0,sell,3890.63,BTC-22FEB19-4000-C,66.33,0.012,3.0,1,1550582045208,15624120,622
2019-02-19 13:15:46.628,1.0,buy,3895.05,BTC-22FEB19-4000-C,66.78,0.0125,1.0,0,1550582146628,15624224,623
2019-02-19 13:16:39.797,1.0,buy,3899.43,BTC-22FEB19-4000-C,67.21,0.013,1.0,0,1550582199797,15624432,624
2019-02-19 13:37:51.312,1.0,buy,3939.56,BTC-22FEB19-4000-C,63.85,0.0155,1.0,0,1550583471312,15629935,625
2019-02-19 13:54:04.898,1.6,buy,3945.74,BTC-22FEB19-4000-C,69.53,0.018000000000000002,1.6,0,1550584444898,15634406,626
2019-02-19 13:54:42.391,6.0,sell,3949.46,BTC-22FEB19-4000-C,65.48,0.017,6.0,2,1550584482391,15634486,627
2019-02-19 13:54:42.495,5.0,buy,3949.46,BTC-22FEB19-4000-C,64.01,0.0165,5.0,2,1550584482495,15634522,628
2019-02-19 13:58:43.905,6.0,buy,3954.18,BTC-22FEB19-4000-C,69.93,0.019,6.0,0,1550584723905,15636735,629
2019-02-19 14:16:44.914,2.0,sell,3937.64,BTC-22FEB19-4000-C,64.73,0.0155,2.0,2,1550585804914,15640713,630
2019-02-19 14:18:09.751,0.5,sell,3933.64,BTC-22FEB19-4000-C,65.9,0.0155,0.5,3,1550585889751,15640922,631
2019-02-19 14:18:40.821,0.1,buy,3933.23,BTC-22FEB19-4000-C,70.51,0.017,0.1,0,1550585920821,15640968,632
2019-02-19 14:21:19.542,0.1,buy,3928.23,BTC-22FEB19-4000-C,67.48,0.0155,0.1,2,1550586079542,15641351,633
2019-02-19 14:35:06.737,2.0,buy,3922.65,BTC-22FEB19-4000-C,64.63,0.014,2.0,2,1550586906737,15642774,634
2019-02-19 14:39:42.217,6.0,buy,3924.98,BTC-22FEB19-4000-C,65.54,0.0145,6.0,0,1550587182217,15643700,635
2019-02-19 14:46:41.908,2.5,buy,3921.54,BTC-22FEB19-4000-C,66.57,0.0145,2.5,1,1550587601908,15644539,637
2019-02-19 14:46:41.908,1.0,buy,3921.54,BTC-22FEB19-4000-C,66.57,0.0145,1.0,1,1550587601908,15644538,636
2019-02-19 14:46:41.908,0.3,buy,3921.54,BTC-22FEB19-4000-C,66.57,0.0145,0.3,1,1550587601908,15644540,638
2019-02-19 14:49:59.460,0.1,buy,3919.61,BTC-22FEB19-4000-C,65.61,0.014,0.1,2,1550587799460,15644803,639
2019-02-19 14:49:59.460,0.2,buy,3919.61,BTC-22FEB19-4000-C,65.61,0.014,0.2,3,1550587799460,15644804,640
2019-02-19 14:51:34.347,6.0,buy,3929.5,BTC-22FEB19-4000-C,67.38,0.0155,6.0,0,1550587894347,15645066,641
2019-02-19 14:51:35.100,3.3000000000000003,buy,3932.4,BTC-22FEB19-4000-C,66.54,0.0155,3.3000000000000003,1,1550587895100,15645081,642
2019-02-19 15:03:43.053,0.1,buy,3940.36,BTC-22FEB19-4000-C,67.31,0.0165,0.1,1,1550588623053,15646488,644
2019-02-19 15:03:43.053,0.1,buy,3940.36,BTC-22FEB19-4000-C,67.31,0.0165,0.1,0,1550588623053,15646487,643
2019-02-19 15:38:54.277,0.5,buy,3938.33,BTC-22FEB19-4000-C,65.21,0.0155,0.5,2,1550590734277,15649702,645
2019-02-19 15:56:38.585,0.1,sell,3956.26,BTC-22FEB19-4000-C,67.38,0.018000000000000002,0.1,0,1550591798585,15650742,646
2019-02-19 15:56:38.586,0.1,sell,3956.26,BTC-22FEB19-4000-C,67.38,0.018000000000000002,0.1,1,1550591798586,15650743,647
2019-02-19 16:36:31.814,7.1000000000000005,sell,3937.48,BTC-22FEB19-4000-C,62.9,0.0145,7.1000000000000005,2,1550594191814,15654421,648
2019-02-19 16:36:48.940,7.4,sell,3937.43,BTC-22FEB19-4000-C,61.39,0.014,7.4,3,1550594208940,15654425,650
2019-02-19 16:36:48.940,6.4,sell,3937.43,BTC-22FEB19-4000-C,61.39,0.014,6.4,3,1550594208940,15654426,651
2019-02-19 16:36:48.940,6.0,sell,3937.43,BTC-22FEB19-4000-C,61.39,0.014,6.0,2,1550594208940,15654424,649
2019-02-19 16:36:48.943,3.2,buy,3937.43,BTC-22FEB19-4000-C,61.39,0.014,3.2,3,1550594208943,15654427,652
2019-02-19 18:02:09.228,1.0,buy,3933.25,BTC-22FEB19-4000-C,71.05,0.0165,1.0,0,1550599329228,15658097,653
2019-02-19 18:31:52.127,1.0,sell,3931.21,BTC-22FEB19-4000-C,64.18,0.014,1.0,2,1550601112127,15658577,654
2019-02-19 19:39:35.407,0.2,buy,3943.58,BTC-22FEB19-4000-C,70.37,0.017,0.2,0,1550605175407,15660077,655
2019-02-19 20:01:45.226,0.1,buy,3948.15,BTC-22FEB19-4000-C,67.6,0.0165,0.1,2,1550606505226,15660614,656
2019-02-19 20:12:34.594,1.0,sell,3941.08,BTC-22FEB19-4000-C,66.8,0.0155,1.0,2,1550607154594,15660821,657
2019-02-19 21:37:57.998,0.1,sell,3928.19,BTC-22FEB19-4000-C,65.16,0.0135,0.1,2,1550612277998,15662550,658
2019-02-19 22:15:49.421,4.0,sell,3898.51,BTC-22FEB19-4000-C,67.44,0.0115,4.0,2,1550614549421,15666043,659
2019-02-19 23:41:32.846,5.0,sell,3892.17,BTC-22FEB19-4000-C,63.03,0.0095,5.0,2,1550619692846,15668905,660
2019-02-20 00:29:36.235,0.1,sell,3878.42,BTC-22FEB19-4000-C,65.33,0.009000000000000001,0.1,2,1550622576235,15670777,661
2019-02-20 00:29:36.235,0.9,sell,3878.42,BTC-22FEB19-4000-C,63.47,0.0085,0.9,2,1550622576235,15670778,662
2019-02-20 01:00:27.971,0.1,buy,3882.15,BTC-22FEB19-4000-C,68.3,0.01,0.1,0,1550624427971,15672126,663
2019-02-20 01:00:27.971,1.0,buy,3882.15,BTC-22FEB19-4000-C,70.11,0.0105,1.0,0,1550624427971,15672127,664
2019-02-20 02:59:03.116,2.0,buy,3901.43,BTC-22FEB19-4000-C,73.05,0.0125,2.0,0,1550631543116,15674777,665
2019-02-20 03:45:26.388,1.0,buy,3902.73,BTC-22FEB19-4000-C,74.96,0.013,1.0,0,1550634326388,15675750,666
2019-02-20 04:22:27.510,0.2,buy,3897.43,BTC-22FEB19-4000-C,75.22,0.0125,0.2,2,1550636547510,15676150,667
2019-02-20 04:22:36.474,0.1,buy,3897.14,BTC-22FEB19-4000-C,75.31,0.0125,0.1,3,1550636556474,15676156,668
2019-02-20 05:23:32.736,3.0,sell,3870.56,BTC-22FEB19-4000-C,74.46,0.01,3.0,2,1550640212736,15677576,669
2019-02-20 06:19:09.727,0.1,sell,3881.15,BTC-22FEB19-4000-C,70.23,0.0095,0.1,2,1550643549727,15678546,670
2019-02-20 06:35:36.951,0.1,sell,3880.26,BTC-22FEB19-4000-C,64.78,0.008,0.1,2,1550644536951,15678783,673
2019-02-20 06:35:36.951,1.6,sell,3880.26,BTC-22FEB19-4000-C,66.77,0.0085,1.6,2,1550644536951,15678782,672
2019-02-20 06:35:36.951,1.3,sell,3880.26,BTC-22FEB19-4000-C,70.68,0.0095,1.3,3,1550644536951,15678781,671
2019-02-20 08:46:16.146,0.3,sell,3909.27,BTC-22FEB19-4000-C,61.8,0.009000000000000001,0.3,0,1550652376146,15681495,674
2019-02-20 08:54:37.372,0.1,buy,3913.17,BTC-22FEB19-4000-C,64.52,0.01,0.1,0,1550652877372,15681840,675
2019-02-20 09:35:54.805,0.2,buy,3915.5,BTC-22FEB19-4000-C,66.15,0.0105,0.2,0,1550655354805,15683209,676
2019-02-20 10:12:27.670,1.2,buy,3918.14,BTC-22FEB19-4000-C,65.75,0.0105,1.2,1,1550657547670,15684572,678
2019-02-20 10:12:27.670,0.2,buy,3918.14,BTC-22FEB19-4000-C,65.75,0.0105,0.2,1,1550657547670,15684571,677
2019-02-20 10:14:17.887,0.4,buy,3927.08,BTC-22FEB19-4000-C,64.77,0.011,0.4,0,1550657657887,15684866,679
2019-02-20 10:33:37.231,0.1,buy,3945.98,BTC-22FEB19-4000-C,69.52,0.014,0.1,0,1550658817231,15687113,680
2019-02-20 10:33:45.980,0.1,buy,3945.65,BTC-22FEB19-4000-C,71.43,0.0145,0.1,0,1550658825980,15687133,681
2019-02-20 10:38:30.743,4.9,buy,3936.55,BTC-22FEB19-4000-C,72.87,0.014,4.9,2,1550659110743,15687595,682
2019-02-20 12:13:24.344,8.4,buy,3924.01,BTC-22FEB19-4000-C,71.03,0.012,8.4,1,1550664804344,15691469,685
2019-02-20 12:13:24.344,1.5,buy,3924.01,BTC-22FEB19-4000-C,69.14,0.0115,1.5,2,1550664804344,15691467,683
2019-02-20 12:13:24.344,9.7,buy,3924.01,BTC-22FEB19-4000-C,71.03,0.012,9.7,0,1550664804344,15691468,684
2019-02-20 12:17:34.769,6.0,buy,3924.12,BTC-22FEB19-4000-C,69.17,0.0115,6.0,2,1550665054769,15691513,686
2019-02-20 12:20:29.907,8.700000000000001,buy,3923.05,BTC-22FEB19-4000-C,71.45,0.012,8.700000000000001,1,1550665229907,15691632,688
2019-02-20 12:20:29.907,9.1,buy,3923.05,BTC-22FEB19-4000-C,71.45,0.012,9.1,0,1550665229907,15691631,687
2019-02-20 12:23:26.259,11.0,buy,3924.5,BTC-22FEB19-4000-C,72.89,0.0125,11.0,1,1550665406259,15691710,690
2019-02-20 12:23:26.259,8.5,buy,3924.5,BTC-22FEB19-4000-C,72.89,0.0125,8.5,0,1550665406259,15691709,689
2019-02-20 13:53:42.986,0.1,sell,3912.71,BTC-22FEB19-4000-C,64.37,0.009000000000000001,0.1,2,1550670822986,15699561,691
2019-02-20 13:54:21.372,0.1,sell,3911.42,BTC-22FEB19-4000-C,64.78,0.009000000000000001,0.1,3,1550670861372,15699655,692
2019-02-20 14:23:38.713,0.1,buy,3915.26,BTC-22FEB19-4000-C,65.95,0.0095,0.1,0,1550672618713,15701483,693
2019-02-20 14:56:52.232,2.6,sell,3920.77,BTC-22FEB19-4000-C,62.55,0.009000000000000001,2.6,2,1550674612232,15702441,694
2019-02-20 15:48:18.628,0.1,buy,3907.38,BTC-22FEB19-4000-C,65.51,0.0085,0.1,2,1550677698628,15704379,695
2019-02-20 15:49:06.094,0.1,buy,3908.03,BTC-22FEB19-4000-C,65.32,0.0085,0.1,3,1550677746094,15704400,696
2019-02-20 15:49:52.978,0.1,buy,3909.84,BTC-22FEB19-4000-C,64.75,0.0085,0.1,3,1550677792978,15704422,697
2019-02-20 15:56:57.376,0.1,buy,3911.82,BTC-22FEB19-4000-C,64.2,0.0085,0.1,3,1550678217376,15704595,698
2019-02-20 16:05:27.055,0.1,buy,3916.09,BTC-22FEB19-4000-C,62.92,0.0085,0.1,3,1550678727055,15704759,699
2019-02-20 16:49:29.618,10.4,sell,3919.64,BTC-22FEB19-4000-C,55.97,0.006999999999999999,10.4,2,1550681369618,15705767,700
2019-02-20 16:49:29.618,16.6,sell,3919.64,BTC-22FEB19-4000-C,53.81,0.0065,16.6,2,1550681369618,15705768,701
2019-02-20 17:35:09.592,1.0,buy,3923.68,BTC-22FEB19-4000-C,61.58,0.0085,1.0,0,1550684109592,15706855,702
2019-02-20 17:41:35.409,3.0,sell,3921.37,BTC-22FEB19-4000-C,53.87,0.0065,3.0,2,1550684495409,15706943,703
2019-02-20 18:15:09.650,0.1,sell,3917.45,BTC-22FEB19-4000-C,55.53,0.0065,0.1,3,1550686509650,15707506,704
2019-02-20 18:49:57.018,2.0,sell,3920.67,BTC-22FEB19-4000-C,54.92,0.0065,2.0,3,1550688597018,15708370,705
2019-02-20 19:03:52.318,0.1,sell,3922.21,BTC-22FEB19-4000-C,52.34,0.006,0.1,2,1550689432318,15708628,706
2019-02-20 19:58:14.468,1.6,buy,3924.0,BTC-22FEB19-4000-C,61.3,0.008,1.6,0,1550692694468,15709367,707
2019-02-20 19:58:14.468,3.4,buy,3924.0,BTC-22FEB19-4000-C,63.47,0.0085,3.4,0,1550692694468,15709368,708
2019-02-20 20:48:05.813,0.1,buy,3936.57,BTC-22FEB19-4000-C,55.38,0.0075,0.1,2,1550695685813,15711038,709
2019-02-20 21:36:07.219,5.1000000000000005,sell,3926.11,BTC-22FEB19-4000-C,61.99,0.008,5.1000000000000005,0,1550698567219,15712299,710
2019-02-20 21:36:16.960,0.1,sell,3924.65,BTC-22FEB19-4000-C,62.51,0.008,0.1,1,1550698576960,15712300,711
2019-02-20 21:36:56.835,1.0,sell,3926.93,BTC-22FEB19-4000-C,61.71,0.008,1.0,1,1550698616835,15712342,712
2019-02-20 21:38:32.570,13.8,sell,3926.93,BTC-22FEB19-4000-C,61.73,0.008,13.8,1,1550698712570,15712365,713
2019-02-20 22:18:53.796,0.5,buy,3921.12,BTC-22FEB19-4000-C,57.53,0.0065,0.5,2,1550701133796,15712931,714
2019-02-20 22:36:01.210,1.0,buy,3930.09,BTC-22FEB19-4000-C,54.65,0.0065,1.0,3,1550702161210,15713151,715
2019-02-20 22:51:06.874,9.9,sell,3929.35,BTC-22FEB19-4000-C,50.42,0.0055,9.9,3,1550703066874,15713300,717
2019-02-20 22:51:06.874,0.1,sell,3929.35,BTC-22FEB19-4000-C,50.42,0.0055,0.1,2,1550703066874,15713299,716
2019-02-20 23:24:51.431,23.5,buy,3925.27,BTC-22FEB19-4000-C,57.04,0.0065,23.5,0,1550705091431,15713715,718
2019-02-21 00:13:51.552,25.0,buy,3925.92,BTC-22FEB19-4000-C,57.54,0.0065,25.0,1,1550708031552,15716740,719
2019-02-21 01:10:48.634,1.0,sell,3923.35,BTC-22FEB19-4000-C,49.31,0.0045,1.0,2,1550711448634,15717749,720
2019-02-21 02:34:33.952,2.0,sell,3918.6,BTC-22FEB19-4000-C,46.55,0.0035,2.0,2,1550716473952,15718633,721
2019-02-21 03:48:21.297,0.3,buy,3934.72,BTC-22FEB19-4000-C,52.66,0.0055,0.3,0,1550720901297,15719480,722
2019-02-21 04:26:12.807,2.5,buy,3930.58,BTC-22FEB19-4000-C,62.49,0.006999999999999999,2.5,0,1550723172807,15720360,723
2019-02-21 05:21:33.115,2.0,buy,3938.24,BTC-22FEB19-4000-C,60.48,0.006999999999999999,2.0,1,1550726493115,15721638,724
2019-02-21 05:21:38.574,6.0,buy,3938.2,BTC-22FEB19-4000-C,60.5,0.006999999999999999,6.0,1,1550726498574,15721642,725
2019-02-21 05:22:04.796,2.0,buy,3940.0,BTC-22FEB19-4000-C,59.76,0.006999999999999999,2.0,1,1550726524796,15721661,726
2019-02-21 05:22:50.769,6.0,buy,3939.57,BTC-22FEB19-4000-C,59.95,0.006999999999999999,6.0,1,1550726570769,15721682,727
2019-02-21 05:26:37.431,6.0,buy,3942.19,BTC-22FEB19-4000-C,58.95,0.006999999999999999,6.0,1,1550726797431,15721794,728
2019-02-21 05:28:31.728,0.5,buy,3942.98,BTC-22FEB19-4000-C,58.64,0.006999999999999999,0.5,1,1550726911728,15721829,729
2019-02-21 05:28:31.728,0.1,buy,3942.98,BTC-22FEB19-4000-C,58.64,0.006999999999999999,0.1,1,1550726911728,15721830,730
2019-02-21 05:35:47.877,6.0,sell,3944.79,BTC-22FEB19-4000-C,62.99,0.008,6.0,0,1550727347877,15722493,731
2019-02-21 05:36:06.853,5.0,buy,3944.45,BTC-22FEB19-4000-C,65.59,0.0085,5.0,0,1550727366853,15722509,732
2019-02-21 05:36:06.853,0.1,buy,3944.45,BTC-22FEB19-4000-C,65.59,0.0085,0.1,1,1550727366853,15722510,733
2019-02-21 05:37:32.893,6.0,sell,3939.85,BTC-22FEB19-4000-C,67.59,0.0085,6.0,1,1550727452893,15722614,734
2019-02-21 05:38:02.125,3.0,sell,3940.76,BTC-22FEB19-4000-C,67.21,0.0085,3.0,1,1550727482125,15722654,735
2019-02-21 05:43:41.330,0.1,buy,3948.48,BTC-22FEB19-4000-C,66.43,0.009000000000000001,0.1,0,1550727821330,15722859,736
2019-02-21 05:50:43.581,2.0,sell,3947.52,BTC-22FEB19-4000-C,67.0,0.009000000000000001,2.0,1,1550728243581,15723430,737
2019-02-21 06:00:40.250,4.0,sell,3951.82,BTC-22FEB19-4000-C,60.44,0.008,4.0,2,1550728840250,15724204,738
2019-02-21 06:00:54.184,3.0,buy,3963.35,BTC-22FEB19-4000-C,67.18,0.0105,3.0,0,1550728854184,15724930,739
2019-02-21 06:44:03.917,6.0,buy,3930.46,BTC-22FEB19-4000-C,65.32,0.006999999999999999,6.0,2,1550731443917,15730434,740
2019-02-21 07:53:20.075,10.0,sell,3932.8,BTC-22FEB19-4000-C,60.47,0.006,10.0,2,1550735600075,15731240,741
2019-02-21 09:24:58.513,0.1,sell,3918.72,BTC-22FEB19-4000-C,62.46,0.005,0.1,2,1550741098513,15736195,742
2019-02-21 10:32:34.921,10.0,buy,3897.55,BTC-22FEB19-4000-C,65.89,0.004,10.0,2,1550745154921,15738696,743
2019-02-21 10:32:35.713,2.0,sell,3897.55,BTC-22FEB19-4000-C,62.4,0.0035,2.0,2,1550745155713,15738698,744
2019-02-21 10:32:39.884,2.0,sell,3897.93,BTC-22FEB19-4000-C,62.26,0.0035,2.0,3,1550745159884,15738701,745
2019-02-21 10:33:14.935,2.0,sell,3898.26,BTC-22FEB19-4000-C,62.14,0.0035,2.0,3,1550745194935,15738707,746
2019-02-21 10:33:17.200,2.0,sell,3897.92,BTC-22FEB19-4000-C,62.26,0.0035,2.0,3,1550745197200,15738709,747
2019-02-21 10:33:19.240,2.0,sell,3897.92,BTC-22FEB19-4000-C,62.26,0.0035,2.0,3,1550745199240,15738710,748
2019-02-21 10:34:20.701,10.0,buy,3898.3,BTC-22FEB19-4000-C,62.15,0.0035,10.0,3,1550745260701,15738725,749
2019-02-21 10:41:09.171,10.0,buy,3897.14,BTC-22FEB19-4000-C,62.74,0.0035,10.0,3,1550745669171,15738817,750
2019-02-21 11:25:48.275,2.5,sell,3880.53,BTC-22FEB19-4000-C,52.78,0.0015,2.5,2,1550748348275,15741030,751
2019-02-21 12:11:53.007,10.0,buy,3893.23,BTC-22FEB19-4000-C,73.82,0.0045,10.0,0,1550751113007,15742228,752
2019-02-21 12:11:55.098,10.0,buy,3893.23,BTC-22FEB19-4000-C,73.82,0.0045,10.0,1,1550751115098,15742252,753
2019-02-21 12:11:55.255,2.6,buy,3893.23,BTC-22FEB19-4000-C,77.28,0.005,2.6,0,1550751115255,15742257,754
2019-02-21 12:11:55.255,0.4,buy,3893.23,BTC-22FEB19-4000-C,83.95,0.006,0.4,0,1550751115255,15742258,755
2019-02-21 12:11:55.260,7.0,sell,3893.23,BTC-22FEB19-4000-C,83.95,0.006,7.0,1,1550751115260,15742259,756
2019-02-21 12:11:55.274,4.3,buy,3893.23,BTC-22FEB19-4000-C,83.95,0.006,4.3,1,1550751115274,15742260,757
2019-02-21 12:11:55.311,0.1,sell,3893.23,BTC-22FEB19-4000-C,83.95,0.006,0.1,1,1550751115311,15742262,758
2019-02-21 12:11:55.315,0.1,sell,3893.23,BTC-22FEB19-4000-C,83.95,0.006,0.1,1,1550751115315,15742263,759
2019-02-21 12:11:55.332,1.2,sell,3893.23,BTC-22FEB19-4000-C,83.95,0.006,1.2,1,1550751115332,15742266,760
2019-02-21 12:11:55.495,4.3,sell,3893.23,BTC-22FEB19-4000-C,83.95,0.006,4.3,1,1550751115495,15742268,761
2019-02-21 12:11:55.510,10.0,buy,3893.23,BTC-22FEB19-4000-C,73.82,0.0045,10.0,2,1550751115510,15742270,762
2019-02-21 12:11:55.523,5.7,buy,3893.23,BTC-22FEB19-4000-C,73.82,0.0045,5.7,3,1550751115523,15742271,763
2019-02-21 12:11:56.494,4.3,sell,3893.23,BTC-22FEB19-4000-C,80.65,0.0055,4.3,0,1550751116494,15742275,764
2019-02-21 12:11:56.503,10.0,buy,3893.23,BTC-22FEB19-4000-C,73.82,0.0045,10.0,2,1550751116503,15742276,765
2019-02-21 12:11:56.512,5.7,buy,3893.23,BTC-22FEB19-4000-C,73.82,0.0045,5.7,3,1550751116512,15742277,766
2019-02-21 12:11:58.955,4.3,sell,3893.23,BTC-22FEB19-4000-C,80.65,0.0055,4.3,0,1550751118955,15742279,767
2019-02-21 12:46:22.720,1.0,buy,3890.77,BTC-22FEB19-4000-C,68.51,0.0035,1.0,2,1550753182720,15742977,768
2019-02-21 13:57:00.955,0.2,buy,3910.33,BTC-22FEB19-4000-C,66.52,0.004,0.2,0,1550757420955,15744790,769
2019-02-21 14:19:57.238,4.5,buy,3900.01,BTC-22FEB19-4000-C,67.76,0.0035,4.5,2,1550758797238,15745016,770
2019-02-21 15:05:07.440,1.0,sell,3896.75,BTC-22FEB19-4000-C,66.49,0.003,1.0,2,1550761507440,15745556,771
2019-02-21 15:33:51.114,7.7,sell,3892.73,BTC-22FEB19-4000-C,48.74,0.001,7.7,2,1550763231114,15746003,772
2019-02-21 15:37:36.581,0.9,sell,3894.27,BTC-22FEB19-4000-C,48.32,0.001,0.9,2,1550763456581,15746051,774
2019-02-21 15:37:36.581,0.1,sell,3894.27,BTC-22FEB19-4000-C,54.27,0.0015,0.1,0,1550763456581,15746050,773
2019-02-21 18:14:01.822,1.0,buy,3891.3,BTC-22FEB19-4000-C,66.05,0.002,1.0,0,1550772841822,15747939,775
