date_utc,amount,direction,indexPrice,instrument,iv,price,quantity,tickDirection,timeStamp,tradeId,tradeSeq
2019-04-09 15:26:39.509,90.0,buy,177.84,ETH-28JUN19-320-C,82.65,0.018000000000000002,90.0,1,1554823599509,702601,1
2019-04-09 15:26:40.616,90.0,sell,177.84,ETH-28JUN19-320-C,82.65,0.018000000000000002,90.0,1,1554823600616,702611,2
2019-04-11 11:11:31.891,2.0,buy,164.76,ETH-28JUN19-320-C,91.46,0.017,2.0,2,1554981091891,820874,3
2019-04-12 09:32:56.772,63.0,buy,162.8,ETH-28JUN19-320-C,87.47,0.012,63.0,2,1555061576772,872001,4
2019-04-13 01:06:21.970,10.0,sell,163.83,ETH-28JUN19-320-C,89.26,0.013,10.0,0,1555117581970,901779,5
2019-04-13 01:54:00.844,10.0,buy,164.53,ETH-28JUN19-320-C,91.62,0.015,10.0,0,1555120440844,902101,6
2019-04-17 17:04:51.013,10.0,sell,165.87,ETH-28JUN19-320-C,86.14,0.01,10.0,2,1555520691013,1042486,7
2019-04-22 16:18:58.282,5.0,sell,169.29,ETH-28JUN19-320-C,90.43,0.012,5.0,0,1555949938282,1160099,8
2019-04-23 19:26:26.263,30.0,sell,172.75,ETH-28JUN19-320-C,88.91,0.012,30.0,1,1556047586263,1189137,9
2019-04-24 23:39:51.259,10.0,sell,165.11,ETH-28JUN19-320-C,87.82,0.008,10.0,2,1556149191259,1223593,10
2019-04-26 10:49:19.801,20.0,buy,152.36,ETH-28JUN19-320-C,98.86,0.009000000000000001,20.0,0,1556275759801,1273308,11
2019-05-03 10:21:08.572,50.0,buy,166.58,ETH-28JUN19-320-C,89.55,0.006,50.0,2,1556878868572,1438156,12
2019-05-03 11:50:33.688,50.0,buy,166.33,ETH-28JUN19-320-C,89.59,0.006,50.0,3,1556884233688,1439605,13
2019-05-06 16:01:36.726,100.0,buy,171.05,ETH-28JUN19-320-C,90.69,0.006999999999999999,100.0,0,1557158496726,1519657,14
2019-05-06 16:03:44.205,50.0,buy,173.31,ETH-28JUN19-320-C,91.53,0.008,50.0,0,1557158624205,1521510,15
2019-05-06 16:08:39.482,50.0,buy,172.14,ETH-28JUN19-320-C,92.23,0.008,50.0,1,1557158919482,1522989,16
2019-05-07 18:35:21.275,60.0,sell,170.8,ETH-28JUN19-320-C,96.83,0.009000000000000001,60.0,0,1557254121275,1581958,17
2019-05-08 00:47:17.498,20.0,buy,165.83,ETH-28JUN19-320-C,100.94,0.009000000000000001,20.0,1,1557276437498,1606710,18
2019-05-10 11:36:40.130,90.0,buy,172.35,ETH-28JUN19-320-C,103.21,0.011000000000000001,90.0,0,1557488200130,1691555,19
2019-05-11 07:23:24.786,10.0,buy,177.9,ETH-28JUN19-320-C,101.03,0.011000000000000001,10.0,1,1557559404786,1741475,20
2019-05-11 10:16:17.664,5.0,buy,192.41,ETH-28JUN19-320-C,107.19,0.023,5.0,0,1557569777664,1764008,21
2019-05-11 23:14:21.923,5.0,buy,206.11,ETH-28JUN19-320-C,105.54,0.03,5.0,0,1557616461923,1839113,22
2019-05-12 12:44:07.890,50.0,sell,190.08,ETH-28JUN19-320-C,110.79,0.023,50.0,2,1557665047890,1957343,23
2019-05-12 12:44:07.890,36.0,sell,190.08,ETH-28JUN19-320-C,110.79,0.023,36.0,3,1557665047890,1957344,24
2019-05-12 12:44:45.340,17.0,sell,190.23,ETH-28JUN19-320-C,110.63,0.023,17.0,3,1557665085340,1957375,27
2019-05-12 12:44:45.340,14.0,sell,190.23,ETH-28JUN19-320-C,110.63,0.023,14.0,3,1557665085340,1957373,25
2019-05-12 12:44:45.340,50.0,sell,190.23,ETH-28JUN19-320-C,110.63,0.023,50.0,3,1557665085340,1957374,26
2019-05-12 12:45:26.685,2.0,sell,190.24,ETH-28JUN19-320-C,110.5,0.023,2.0,3,1557665126685,1957399,28
2019-05-12 12:48:59.209,30.0,sell,189.87,ETH-28JUN19-320-C,110.66,0.023,30.0,3,1557665339209,1957615,29
2019-05-12 12:56:29.900,1.0,sell,191.1,ETH-28JUN19-320-C,109.65,0.023,1.0,3,1557665789900,1958321,30
2019-05-12 14:49:05.171,50.0,sell,187.18,ETH-28JUN19-320-C,107.5,0.019,50.0,2,1557672545171,1966407,31
2019-05-12 14:49:05.760,1.0,sell,187.01,ETH-28JUN19-320-C,107.5,0.019,1.0,3,1557672545760,1966425,32
2019-05-12 14:49:05.780,1.0,sell,187.01,ETH-28JUN19-320-C,107.5,0.019,1.0,3,1557672545780,1966426,33
2019-05-12 14:49:16.144,12.0,sell,186.44,ETH-28JUN19-320-C,108.04,0.019,12.0,3,1557672556144,1966509,34
2019-05-12 14:49:16.833,48.0,sell,186.33,ETH-28JUN19-320-C,108.12,0.019,48.0,3,1557672556833,1966512,35
2019-05-12 14:49:23.621,60.0,sell,186.31,ETH-28JUN19-320-C,108.13,0.019,60.0,3,1557672563621,1966548,36
2019-05-12 14:49:28.248,4.0,sell,186.53,ETH-28JUN19-320-C,108.05,0.019,4.0,3,1557672568248,1966566,37
2019-05-12 14:49:28.281,4.0,sell,186.53,ETH-28JUN19-320-C,108.05,0.019,4.0,3,1557672568281,1966567,38
2019-05-12 15:01:46.266,50.0,sell,183.17,ETH-28JUN19-320-C,108.69,0.018000000000000002,50.0,2,1557673306266,1969460,39
2019-05-12 15:02:04.280,4.0,sell,183.08,ETH-28JUN19-320-C,108.81,0.018000000000000002,4.0,3,1557673324280,1969566,40
2019-05-12 15:04:49.251,46.0,sell,184.86,ETH-28JUN19-320-C,107.48,0.018000000000000002,46.0,3,1557673489251,1970683,41
2019-05-13 15:09:02.755,50.0,sell,198.32,ETH-28JUN19-320-C,105.86,0.023,50.0,0,1557760142755,2030221,42
2019-05-13 15:09:03.089,4.0,sell,198.32,ETH-28JUN19-320-C,105.86,0.023,4.0,1,1557760143089,2030228,43
2019-05-13 16:35:59.001,120.0,sell,203.88,ETH-28JUN19-320-C,117.85,0.038,120.0,0,1557765359001,2047623,44
2019-05-13 20:44:51.743,40.0,buy,200.39,ETH-28JUN19-320-C,118.29,0.036000000000000004,40.0,2,1557780291743,2060139,45
2019-05-13 22:32:10.933,40.0,sell,203.69,ETH-28JUN19-320-C,116.53,0.037000000000000005,40.0,0,1557786730933,2066681,46
2019-05-14 01:29:11.795,25.0,buy,200.27,ETH-28JUN19-320-C,128.47,0.045,25.0,0,1557797351795,2079498,47
2019-05-14 02:56:34.390,5.0,buy,203.74,ETH-28JUN19-320-C,122.51,0.042,5.0,2,1557802594390,2083837,48
2019-05-14 02:57:40.732,5.0,buy,204.15,ETH-28JUN19-320-C,122.04,0.042,5.0,3,1557802660732,2083859,49
2019-05-14 03:50:32.992,160.0,sell,209.88,ETH-28JUN19-320-C,115.02,0.04,160.0,2,1557805832992,2089431,50
2019-05-14 05:37:37.692,15.0,buy,210.75,ETH-28JUN19-320-C,115.84,0.042,15.0,0,1557812257692,2098562,51
2019-05-14 05:48:16.018,5.0,buy,208.84,ETH-28JUN19-320-C,117.21,0.042,5.0,1,1557812896018,2099693,52
2019-05-14 05:48:20.782,5.0,buy,208.85,ETH-28JUN19-320-C,117.18,0.042,5.0,1,1557812900782,2099695,53
2019-05-14 08:56:23.359,60.0,sell,205.63,ETH-28JUN19-320-C,109.17,0.032,60.0,2,1557824183359,2114927,54
2019-05-14 08:56:27.496,60.0,sell,206.02,ETH-28JUN19-320-C,110.03,0.033,60.0,0,1557824187496,2115086,55
2019-05-14 08:56:33.142,60.0,sell,206.21,ETH-28JUN19-320-C,108.71,0.032,60.0,2,1557824193142,2115343,56
2019-05-14 08:57:44.106,60.0,sell,207.2,ETH-28JUN19-320-C,107.92,0.032,60.0,3,1557824264106,2115661,57
2019-05-14 08:57:57.985,10.0,sell,207.19,ETH-28JUN19-320-C,106.85,0.031,10.0,2,1557824277985,2115699,58
2019-05-14 08:58:07.084,10.0,sell,207.08,ETH-28JUN19-320-C,106.99,0.031,10.0,3,1557824287084,2115737,59
2019-05-14 08:58:11.962,10.0,sell,206.66,ETH-28JUN19-320-C,107.3,0.031,10.0,3,1557824291962,2115760,60
2019-05-14 08:58:18.435,10.0,sell,206.64,ETH-28JUN19-320-C,107.36,0.031,10.0,3,1557824298435,2115828,61
2019-05-14 08:58:24.003,10.0,buy,206.37,ETH-28JUN19-320-C,107.55,0.031,10.0,3,1557824304003,2115871,62
2019-05-14 08:58:27.988,10.0,buy,206.31,ETH-28JUN19-320-C,107.52,0.031,10.0,3,1557824307988,2115878,63
2019-05-14 08:58:31.806,10.0,buy,206.26,ETH-28JUN19-320-C,107.61,0.031,10.0,3,1557824311806,2115885,64
2019-05-14 08:58:35.862,10.0,buy,206.5,ETH-28JUN19-320-C,107.41,0.031,10.0,3,1557824315862,2115914,65
2019-05-14 09:05:45.501,50.0,buy,208.45,ETH-28JUN19-320-C,116.3,0.040999999999999995,50.0,0,1557824745501,2117014,66
2019-05-14 09:36:04.586,68.0,sell,208.37,ETH-28JUN19-320-C,118.25,0.043,68.0,0,1557826564586,2118607,67
2019-05-14 09:40:04.279,5.0,buy,207.76,ETH-28JUN19-320-C,118.86,0.043,5.0,1,1557826804279,2118901,68
2019-05-14 09:40:35.168,125.0,buy,207.95,ETH-28JUN19-320-C,118.76,0.043,125.0,1,1557826835168,2118935,69
2019-05-14 20:07:42.651,1.0,buy,205.95,ETH-28JUN19-320-C,116.82,0.038,1.0,2,1557864462651,2162591,70
2019-05-14 21:33:00.489,1.0,buy,208.56,ETH-28JUN19-320-C,114.88,0.038,1.0,3,1557869580489,2167536,71
2019-05-14 22:39:54.215,58.0,buy,214.38,ETH-28JUN19-320-C,110.51,0.038,58.0,3,1557873594215,2171080,72
2019-05-15 00:45:33.746,5.0,sell,218.01,ETH-28JUN19-320-C,108.33,0.039,5.0,0,1557881133746,2184820,73
2019-05-15 05:39:49.077,1.0,buy,228.57,ETH-28JUN19-320-C,121.5,0.064,1.0,0,1557898789077,2203480,74
2019-05-15 07:21:44.115,50.0,sell,229.41,ETH-28JUN19-320-C,113.44,0.054000000000000006,50.0,2,1557904904115,2212048,75
2019-05-15 09:32:31.197,1.0,buy,233.19,ETH-28JUN19-320-C,113.24,0.057999999999999996,1.0,0,1557912751197,2223106,76
2019-05-15 14:07:15.143,1.0,buy,232.86,ETH-28JUN19-320-C,118.22,0.063,1.0,0,1557929235143,2243265,77
2019-05-15 21:17:05.797,2.0,sell,237.32,ETH-28JUN19-320-C,109.83,0.055999999999999994,2.0,2,1557955025797,2282798,78
2019-05-16 00:59:43.057,1.0,buy,264.48,ETH-28JUN19-320-C,109.83,0.085,1.0,0,1557968383057,2309843,79
2019-05-16 01:16:27.413,1.0,buy,265.39,ETH-28JUN19-320-C,109.06,0.085,1.0,1,1557969387413,2312650,80
2019-05-16 03:53:47.481,10.0,buy,270.03,ETH-28JUN19-320-C,107.87,0.09,10.0,0,1557978827481,2326169,81
2019-05-16 06:28:45.108,1.0,buy,263.52,ETH-28JUN19-320-C,109.77,0.085,1.0,2,1557988125108,2365312,82
2019-05-16 11:24:29.344,60.0,buy,252.27,ETH-28JUN19-320-C,109.05,0.07200000000000001,60.0,2,1558005869344,2413221,83
2019-05-16 12:18:08.394,25.0,buy,250.14,ETH-28JUN19-320-C,98.56,0.057,25.0,2,1558009088394,2418238,84
2019-05-16 14:24:08.562,97.0,buy,257.99,ETH-28JUN19-320-C,106.69,0.075,97.0,0,1558016648562,2431437,85
2019-05-16 14:25:53.445,88.0,buy,259.46,ETH-28JUN19-320-C,107.25,0.077,88.0,0,1558016753445,2431649,86
2019-05-16 14:32:09.406,60.0,buy,260.47,ETH-28JUN19-320-C,107.96,0.079,60.0,0,1558017129406,2433688,87
2019-05-16 14:32:28.703,60.0,buy,260.05,ETH-28JUN19-320-C,108.27,0.079,60.0,1,1558017148703,2433714,88
2019-05-16 16:00:23.071,5.0,sell,277.13,ETH-28JUN19-320-C,112.74,0.106,5.0,0,1558022423071,2456468,89
2019-05-16 16:03:33.142,5.0,buy,273.96,ETH-28JUN19-320-C,111.72,0.10099999999999999,5.0,2,1558022613142,2458127,90
2019-05-16 16:06:37.671,1.0,sell,274.57,ETH-28JUN19-320-C,113.17,0.10400000000000001,1.0,0,1558022797671,2459208,91
2019-05-16 16:12:12.530,50.0,buy,275.73,ETH-28JUN19-320-C,107.69,0.099,50.0,2,1558023132530,2462788,92
2019-05-16 16:18:00.684,1.0,buy,273.27,ETH-28JUN19-320-C,113.49,0.10300000000000001,1.0,0,1558023480684,2465315,93
2019-05-16 21:03:46.783,50.0,buy,258.6,ETH-28JUN19-320-C,108.29,0.077,50.0,2,1558040626783,2535935,94
2019-05-16 21:03:46.889,10.0,buy,258.6,ETH-28JUN19-320-C,108.29,0.077,10.0,3,1558040626889,2535947,95
2019-05-17 00:24:19.643,6.0,sell,265.3,ETH-28JUN19-320-C,110.34,0.087,6.0,0,1558052659643,2565535,96
2019-05-17 00:55:14.530,5.0,sell,262.22,ETH-28JUN19-320-C,110.84,0.084,5.0,2,1558054514530,2568461,97
2019-05-17 06:09:22.755,25.0,sell,239.19,ETH-28JUN19-320-C,108.32,0.057999999999999996,25.0,2,1558073362755,2677415,99
2019-05-17 06:09:22.755,10.0,sell,239.19,ETH-28JUN19-320-C,110.02,0.06,10.0,2,1558073362755,2677414,98
2019-05-17 08:49:59.344,25.0,buy,239.35,ETH-28JUN19-320-C,107.67,0.055,25.0,2,1558082999344,2700673,100
2019-05-17 11:31:50.645,5.0,sell,229.03,ETH-28JUN19-320-C,112.29,0.05,5.0,2,1558092710645,2721022,101
2019-05-17 11:40:38.973,15.0,sell,226.26,ETH-28JUN19-320-C,112.75,0.048,15.0,2,1558093238973,2723727,102
2019-05-17 11:40:38.973,25.0,sell,226.26,ETH-28JUN19-320-C,112.75,0.048,25.0,3,1558093238973,2723728,103
2019-05-17 12:01:18.420,1.0,sell,229.48,ETH-28JUN19-320-C,102.7,0.04,1.0,2,1558094478420,2730666,104
2019-05-17 12:23:44.103,50.0,buy,225.77,ETH-28JUN19-320-C,111.93,0.047,50.0,0,1558095824103,2736732,105
2019-05-18 03:09:42.866,25.0,buy,242.59,ETH-28JUN19-320-C,115.13,0.064,25.0,0,1558148982866,2873162,106
2019-05-18 11:17:05.621,50.0,buy,237.96,ETH-28JUN19-320-C,113.47,0.055999999999999994,50.0,2,1558178225621,2915035,107
2019-05-19 09:30:15.736,3.0,buy,254.83,ETH-28JUN19-320-C,115.06,0.07400000000000001,3.0,0,1558258215736,3015300,108
2019-05-19 14:02:37.091,30.0,buy,254.21,ETH-28JUN19-320-C,114.01,0.073,30.0,2,1558274557091,3034031,109
2019-05-19 17:20:22.860,30.0,buy,255.5,ETH-28JUN19-320-C,111.88,0.07200000000000001,30.0,2,1558286422860,3042297,110
2019-05-19 19:45:16.474,60.0,sell,256.08,ETH-28JUN19-320-C,105.17,0.064,60.0,2,1558295116474,3050741,111
2019-05-19 19:45:16.474,40.0,sell,256.08,ETH-28JUN19-320-C,104.33,0.063,40.0,2,1558295116474,3050742,112
2019-05-19 21:47:09.642,3.0,sell,260.34,ETH-28JUN19-320-C,109.14,0.073,3.0,0,1558302429642,3059676,113
2019-05-19 22:15:39.334,50.0,sell,258.04,ETH-28JUN19-320-C,104.63,0.065,50.0,2,1558304139334,3061710,114
2019-05-19 22:39:53.053,20.0,buy,261.85,ETH-28JUN19-320-C,106.13,0.071,20.0,0,1558305593053,3063383,115
2019-05-19 22:56:46.602,16.0,sell,262.36,ETH-28JUN19-320-C,103.35,0.068,16.0,2,1558306606602,3066428,116
2019-05-20 13:05:10.242,10.0,sell,242.94,ETH-28JUN19-320-C,111.99,0.058,10.0,2,1558357510242,3136525,117
2019-05-20 16:01:07.161,1.0,buy,248.9,ETH-28JUN19-320-C,107.37,0.058,1.0,3,1558368067161,3148921,118
2019-05-20 16:01:07.161,5.0,buy,248.9,ETH-28JUN19-320-C,107.37,0.058,5.0,3,1558368067161,3148922,119
2019-05-20 18:35:33.391,5.0,sell,245.94,ETH-28JUN19-320-C,108.24,0.056,5.0,2,1558377333391,3157546,120
2019-05-21 01:45:40.982,20.0,sell,252.59,ETH-28JUN19-320-C,104.57,0.057999999999999996,20.0,0,1558403140982,3189496,121
2019-05-21 17:54:58.885,40.0,buy,255.4,ETH-28JUN19-320-C,109.6,0.065,40.0,1,1558461298885,3235926,123
2019-05-21 17:54:58.885,60.0,buy,255.4,ETH-28JUN19-320-C,109.6,0.065,60.0,0,1558461298885,3235925,122
2019-05-22 02:21:40.072,128.0,buy,256.66,ETH-28JUN19-320-C,109.45,0.066,128.0,0,1558491700072,3272186,124
2019-05-22 11:15:09.650,2.0,sell,252.25,ETH-28JUN19-320-C,108.48,0.06,2.0,2,1558523709650,3291405,125
2019-05-22 15:52:21.208,5.0,sell,255.6,ETH-28JUN19-320-C,107.52,0.062,5.0,0,1558540341208,3304517,126
2019-05-22 16:52:50.208,5.0,sell,255.34,ETH-28JUN19-320-C,106.15,0.06,5.0,2,1558543970208,3307124,127
2019-05-22 16:54:22.285,5.0,sell,253.92,ETH-28JUN19-320-C,104.89,0.057,5.0,2,1558544062285,3307502,128
2019-05-23 00:50:56.281,76.0,sell,243.49,ETH-28JUN19-320-C,107.68,0.049,76.0,2,1558572656281,3351283,129
2019-05-23 00:59:20.030,2.0,sell,243.05,ETH-28JUN19-320-C,104.12,0.045,2.0,2,1558573160030,3351587,130
2019-05-23 01:02:17.791,66.0,buy,243.28,ETH-28JUN19-320-C,102.02,0.043,66.0,2,1558573337791,3351697,131
2019-05-23 06:08:34.803,5.0,sell,235.83,ETH-28JUN19-320-C,105.31,0.039,5.0,2,1558591714803,3365519,132
2019-05-23 08:41:44.400,2.0,buy,234.41,ETH-28JUN19-320-C,108.5,0.04,2.0,0,1558600904400,3378031,133
2019-05-23 08:42:03.561,2.0,buy,234.3,ETH-28JUN19-320-C,108.54,0.04,2.0,1,1558600923561,3378032,134
2019-05-23 09:09:26.807,6.0,sell,233.37,ETH-28JUN19-320-C,107.3,0.038,6.0,2,1558602566807,3379745,135
2019-05-23 09:09:26.807,1.0,sell,233.37,ETH-28JUN19-320-C,107.3,0.038,1.0,3,1558602566807,3379746,136
2019-05-23 09:15:14.306,60.0,sell,231.43,ETH-28JUN19-320-C,108.5,0.037000000000000005,60.0,2,1558602914306,3381843,137
2019-05-23 10:01:22.865,10.0,buy,235.89,ETH-28JUN19-320-C,104.37,0.037000000000000005,10.0,3,1558605682865,3384380,138
2019-05-23 19:12:19.058,60.0,sell,240.93,ETH-28JUN19-320-C,103.3,0.039,60.0,0,1558638739058,3414352,139
2019-05-23 21:47:12.401,40.0,buy,245.96,ETH-28JUN19-320-C,105.79,0.045,40.0,0,1558648032401,3422557,140
2019-05-24 08:27:34.275,1.0,buy,252.05,ETH-28JUN19-320-C,101.6,0.047,1.0,0,1558686454275,3451452,141
2019-05-24 19:11:21.704,3.0,sell,250.61,ETH-28JUN19-320-C,105.64,0.05,3.0,0,1558725081704,3485498,142
2019-05-24 23:32:11.161,5.0,buy,247.8,ETH-28JUN19-320-C,106.98,0.049,5.0,2,1558740731161,3498419,143
2019-05-25 03:05:32.503,5.0,buy,252.27,ETH-28JUN19-320-C,106.79,0.053,5.0,0,1558753532503,3505294,144
2019-05-25 09:48:50.948,5.0,buy,253.75,ETH-28JUN19-320-C,107.72,0.055,5.0,0,1558777730948,3515562,145
2019-05-25 09:48:54.295,5.0,buy,253.75,ETH-28JUN19-320-C,107.72,0.055,5.0,1,1558777734295,3515563,146
2019-05-25 11:11:37.811,5.0,buy,257.8,ETH-28JUN19-320-C,106.65,0.059,5.0,0,1558782697811,3521575,147
2019-05-25 19:59:03.407,5.0,sell,250.4,ETH-28JUN19-320-C,105.78,0.049,5.0,2,1558814343407,3542240,148
2019-05-26 06:25:09.210,20.0,buy,247.99,ETH-28JUN19-320-C,109.33,0.049,20.0,3,1558851909210,3557364,149
2019-05-26 08:45:54.689,4.0,sell,248.88,ETH-28JUN19-320-C,106.44,0.047,4.0,2,1558860354689,3561277,150
2019-05-26 10:03:51.242,50.0,sell,247.79,ETH-28JUN19-320-C,111.04,0.05,50.0,0,1558865031242,3563034,151
2019-05-26 11:15:39.405,10.0,sell,248.3,ETH-28JUN19-320-C,106.53,0.046,10.0,2,1558869339405,3565151,152
2019-05-26 20:38:09.808,24.0,sell,263.53,ETH-28JUN19-320-C,103.44,0.061,24.0,0,1558903089808,3603548,153
2019-05-27 01:59:49.358,1.0,buy,269.54,ETH-28JUN19-320-C,110.87,0.076,1.0,0,1558922389358,3637879,154
2019-05-27 03:26:49.936,1.0,buy,268.96,ETH-28JUN19-320-C,104.91,0.07,1.0,2,1558927609936,3649348,155
2019-05-27 04:38:51.879,4.0,sell,267.74,ETH-28JUN19-320-C,102.7,0.066,4.0,2,1558931931879,3653404,156
2019-05-27 05:49:14.651,25.0,sell,267.99,ETH-28JUN19-320-C,103.28,0.066,25.0,3,1558936154651,3655606,157
2019-05-27 08:29:00.160,10.0,sell,267.93,ETH-28JUN19-320-C,103.66,0.067,10.0,0,1558945740160,3662111,158
2019-05-27 09:39:14.133,80.0,buy,268.38,ETH-28JUN19-320-C,110.9,0.076,80.0,0,1558949954133,3664386,159
2019-05-27 09:40:33.853,80.0,sell,268.7,ETH-28JUN19-320-C,110.73,0.076,80.0,1,1558950033853,3664394,160
2019-05-27 09:40:36.231,80.0,sell,268.67,ETH-28JUN19-320-C,110.77,0.076,80.0,1,1558950036231,3664395,161
2019-05-27 09:40:40.535,80.0,sell,268.67,ETH-28JUN19-320-C,110.79,0.076,80.0,1,1558950040535,3664401,162
2019-05-27 09:40:42.896,80.0,sell,268.66,ETH-28JUN19-320-C,110.79,0.076,80.0,1,1558950042896,3664402,163
2019-05-27 09:40:47.072,80.0,sell,268.66,ETH-28JUN19-320-C,110.79,0.076,80.0,1,1558950047072,3664405,164
2019-05-27 09:51:01.798,124.0,buy,267.95,ETH-28JUN19-320-C,115.68,0.081,124.0,0,1558950661798,3664767,165
2019-05-27 09:52:34.302,124.0,buy,267.99,ETH-28JUN19-320-C,115.56,0.081,124.0,1,1558950754302,3664777,166
2019-05-27 09:53:13.684,61.0,sell,268.09,ETH-28JUN19-320-C,114.67,0.08,61.0,2,1558950793684,3664807,167
2019-05-27 09:55:18.373,1.0,buy,268.01,ETH-28JUN19-320-C,116.22,0.08199999999999999,1.0,1,1558950918373,3664887,169
2019-05-27 09:55:18.373,2.0,buy,268.01,ETH-28JUN19-320-C,116.22,0.08199999999999999,2.0,0,1558950918373,3664886,168
2019-05-27 09:55:18.373,124.0,buy,268.01,ETH-28JUN19-320-C,116.22,0.08199999999999999,124.0,1,1558950918373,3664888,170
2019-05-27 11:09:03.095,124.0,buy,267.66,ETH-28JUN19-320-C,113.56,0.078,124.0,2,1558955343095,3667861,171
2019-05-27 11:09:03.099,63.0,sell,267.66,ETH-28JUN19-320-C,113.56,0.078,63.0,3,1558955343099,3667862,172
2019-05-27 11:09:16.855,124.0,sell,267.64,ETH-28JUN19-320-C,113.58,0.078,124.0,3,1558955356855,3667869,173
2019-05-27 11:14:30.477,89.0,buy,267.57,ETH-28JUN19-320-C,115.68,0.08,89.0,0,1558955670477,3667974,174
2019-05-27 15:38:29.812,5.0,buy,273.96,ETH-28JUN19-320-C,113.34,0.085,5.0,0,1558971509812,3684894,175
2019-05-27 15:42:59.676,3.0,buy,273.79,ETH-28JUN19-320-C,113.63,0.085,3.0,1,1558971779676,3685170,177
2019-05-27 15:42:59.676,2.0,buy,273.79,ETH-28JUN19-320-C,113.63,0.085,2.0,1,1558971779676,3685169,176
2019-05-27 16:17:59.833,30.0,sell,274.3,ETH-28JUN19-320-C,112.75,0.085,30.0,1,1558973879833,3688733,178
2019-05-27 16:42:54.244,5.0,sell,269.59,ETH-28JUN19-320-C,110.67,0.077,5.0,2,1558975374244,3694181,179
2019-05-29 18:19:17.253,87.0,buy,271.75,ETH-28JUN19-320-C,106.68,0.065,87.0,2,1559153957253,3846537,180
2019-05-29 23:39:01.050,5.0,sell,268.95,ETH-28JUN19-320-C,104.35,0.06,5.0,2,1559173141050,3860366,181
2019-05-30 02:25:49.703,15.0,sell,270.59,ETH-28JUN19-320-C,103.67,0.062,15.0,0,1559183149703,3875101,182
2019-05-30 02:55:38.030,15.0,sell,271.11,ETH-28JUN19-320-C,104.25,0.063,15.0,0,1559184938030,3876720,183
2019-05-30 08:27:11.427,1.0,sell,282.0,ETH-28JUN19-320-C,105.54,0.078,1.0,0,1559204831427,3909697,184
2019-05-30 11:26:56.408,50.0,buy,284.43,ETH-28JUN19-320-C,104.07,0.079,50.0,0,1559215616408,3916496,185
2019-05-30 12:05:12.775,1.0,sell,282.53,ETH-28JUN19-320-C,105.54,0.078,1.0,2,1559217912775,3917434,186
2019-05-30 12:08:16.175,50.0,buy,282.43,ETH-28JUN19-320-C,105.8,0.078,50.0,3,1559218096175,3917622,187
2019-05-30 12:58:23.593,2.0,buy,283.46,ETH-28JUN19-320-C,106.52,0.08,2.0,0,1559221103593,3918317,188
2019-05-30 16:46:50.421,1.0,sell,275.83,ETH-28JUN19-320-C,104.26,0.067,1.0,2,1559234810421,3944062,189
2019-05-30 21:25:35.476,3.0,sell,246.6,ETH-28JUN19-320-C,110.56,0.04,3.0,2,1559251535476,3986754,190
2019-05-30 21:26:40.744,10.0,sell,241.61,ETH-28JUN19-320-C,112.51,0.034,10.0,2,1559251600744,3990377,191
2019-05-30 23:57:05.660,4.0,sell,254.43,ETH-28JUN19-320-C,113.49,0.05,4.0,0,1559260625660,4024443,192
2019-05-31 04:19:05.398,153.0,sell,251.24,ETH-28JUN19-320-C,106.56,0.04,153.0,2,1559276345398,4035818,193
2019-05-31 11:32:33.344,5.0,sell,254.17,ETH-28JUN19-320-C,104.04,0.04,5.0,3,1559302353344,4054183,194
2019-06-01 05:53:26.068,50.0,sell,266.98,ETH-28JUN19-320-C,110.52,0.062,50.0,0,1559368406068,4115590,195
2019-06-01 17:35:59.652,10.0,buy,265.6,ETH-28JUN19-320-C,103.56,0.05,10.0,2,1559410559652,4138914,196
2019-06-03 06:38:46.438,10.0,sell,263.56,ETH-28JUN19-320-C,93.19,0.036000000000000004,10.0,2,1559543926438,4220356,197
2019-06-03 14:13:48.974,2.0,buy,261.2,ETH-28JUN19-320-C,97.91,0.037000000000000005,2.0,0,1559571228974,4242551,198
2019-06-03 14:13:48.974,8.0,buy,261.2,ETH-28JUN19-320-C,97.91,0.037000000000000005,8.0,1,1559571228974,4242552,199
2019-06-03 17:19:36.647,192.0,buy,258.89,ETH-28JUN19-320-C,100.68,0.037000000000000005,192.0,1,1559582376647,4255271,200
2019-06-03 17:19:36.667,8.0,sell,258.89,ETH-28JUN19-320-C,100.68,0.037000000000000005,8.0,1,1559582376667,4255272,201
2019-06-03 20:10:23.530,1.0,sell,261.05,ETH-28JUN19-320-C,95.03,0.034,1.0,2,1559592623530,4258275,202
2019-06-04 04:41:01.844,50.0,sell,246.61,ETH-28JUN19-320-C,102.05,0.027000000000000003,50.0,2,1559623261844,4306169,203
2019-06-04 12:55:32.500,144.0,sell,246.76,ETH-28JUN19-320-C,95.85,0.022000000000000002,144.0,2,1559652932500,4324852,204
2019-06-04 17:26:24.983,80.0,sell,245.18,ETH-28JUN19-320-C,95.02,0.02,80.0,2,1559669184983,4337498,205
2019-06-04 19:11:02.789,1.0,buy,234.71,ETH-28JUN19-320-C,102.13,0.018000000000000002,1.0,2,1559675462789,4352221,206
2019-06-04 23:49:06.784,10.0,sell,239.39,ETH-28JUN19-320-C,102.07,0.021,10.0,0,1559692146784,4372810,207
2019-06-05 18:22:47.634,1.0,buy,244.77,ETH-28JUN19-320-C,95.95,0.019,1.0,2,1559758967634,4406225,208
2019-06-05 18:28:13.076,49.0,buy,245.94,ETH-28JUN19-320-C,97.93,0.021,49.0,0,1559759293076,4406281,209
2019-06-06 02:14:33.999,1.0,sell,246.4,ETH-28JUN19-320-C,90.3,0.016,1.0,2,1559787273999,4424288,210
2019-06-06 11:42:00.636,80.0,sell,246.12,ETH-28JUN19-320-C,90.04,0.015,80.0,2,1559821320636,4434902,211
2019-06-06 11:42:20.104,80.0,sell,246.05,ETH-28JUN19-320-C,90.11,0.015,80.0,3,1559821340104,4434916,212
2019-06-06 11:42:38.929,80.0,sell,246.04,ETH-28JUN19-320-C,90.13,0.015,80.0,3,1559821358929,4434919,213
2019-06-06 11:43:03.167,80.0,sell,245.99,ETH-28JUN19-320-C,90.21,0.015,80.0,3,1559821383167,4434943,214
2019-06-06 11:43:28.896,80.0,sell,245.73,ETH-28JUN19-320-C,90.48,0.015,80.0,3,1559821408896,4434974,215
2019-06-07 07:28:58.571,192.0,sell,248.4,ETH-28JUN19-320-C,87.43,0.013999999999999999,192.0,2,1559892538571,4488021,216
2019-06-07 07:53:01.166,192.0,sell,248.12,ETH-28JUN19-320-C,85.64,0.013000000000000001,192.0,2,1559893981166,4488431,217
2019-06-07 07:53:01.166,147.0,sell,248.12,ETH-28JUN19-320-C,85.64,0.013000000000000001,147.0,3,1559893981166,4488432,218
2019-06-07 08:23:20.215,10.0,sell,249.38,ETH-28JUN19-320-C,86.47,0.013999999999999999,10.0,0,1559895800215,4489584,219
2019-06-07 11:05:28.784,240.0,sell,248.67,ETH-28JUN19-320-C,89.68,0.015,240.0,0,1559905528784,4492695,220
2019-06-07 16:07:54.466,5.0,buy,249.21,ETH-28JUN19-320-C,93.0,0.017,5.0,0,1559923674466,4496795,221
2019-06-07 19:46:50.647,20.0,sell,249.95,ETH-28JUN19-320-C,89.59,0.015,20.0,2,1559936810647,4502996,222
2019-06-08 06:41:18.763,60.0,sell,247.25,ETH-28JUN19-320-C,85.68,0.011000000000000001,60.0,2,1559976078763,4513793,223
2019-06-08 08:08:15.796,1.0,buy,247.93,ETH-28JUN19-320-C,93.29,0.015,1.0,0,1559981295796,4515235,224
2019-06-08 08:26:17.657,100.0,sell,248.58,ETH-28JUN19-320-C,84.69,0.011000000000000001,100.0,2,1559982377657,4515373,225
2019-06-08 14:45:32.405,100.0,sell,246.83,ETH-28JUN19-320-C,82.52,0.009000000000000001,100.0,2,1560005132405,4520005,226
2019-06-08 14:45:42.399,100.0,sell,246.86,ETH-28JUN19-320-C,82.5,0.009000000000000001,100.0,3,1560005142399,4520006,227
2019-06-08 14:45:46.174,100.0,sell,246.85,ETH-28JUN19-320-C,82.52,0.009000000000000001,100.0,3,1560005146174,4520007,228
2019-06-08 16:36:02.832,200.0,sell,244.38,ETH-28JUN19-320-C,80.18,0.006999999999999999,200.0,2,1560011762832,4523264,229
2019-06-09 11:55:09.438,200.0,sell,243.37,ETH-28JUN19-320-C,76.26,0.005,200.0,2,1560081309438,4541887,230
2019-06-09 14:09:58.735,66.0,buy,236.99,ETH-28JUN19-320-C,86.26,0.006,66.0,0,1560089398735,4549724,231
2019-06-09 17:13:54.197,1.0,buy,231.55,ETH-28JUN19-320-C,87.96,0.005,1.0,2,1560100434197,4559892,232
2019-06-09 18:58:23.129,20.0,sell,232.41,ETH-28JUN19-320-C,87.54,0.005,20.0,3,1560106703129,4562292,233
2019-06-09 20:52:03.810,25.0,sell,231.82,ETH-28JUN19-320-C,84.5,0.004,25.0,2,1560113523810,4564607,234
2019-06-09 22:07:33.682,1.0,buy,228.71,ETH-28JUN19-320-C,87.2,0.004,1.0,3,1560118053682,4566546,235
2019-06-09 22:28:55.116,1.0,buy,227.68,ETH-28JUN19-320-C,88.14,0.004,1.0,3,1560119335116,4568170,236
2019-06-09 22:29:00.260,1.0,buy,227.28,ETH-28JUN19-320-C,88.49,0.004,1.0,3,1560119340260,4568252,237
2019-06-10 00:54:16.463,10.0,buy,233.86,ETH-28JUN19-320-C,86.46,0.005,10.0,0,1560128056463,4575530,238
2019-06-10 00:56:19.304,20.0,buy,233.47,ETH-28JUN19-320-C,86.7,0.005,20.0,1,1560128179304,4575655,239
2019-06-10 00:59:52.480,5.0,buy,233.4,ETH-28JUN19-320-C,86.9,0.005,5.0,1,1560128392480,4575783,240
2019-06-10 09:20:18.057,5.0,sell,236.23,ETH-28JUN19-320-C,81.39,0.004,5.0,2,1560158418057,4583610,241
2019-06-10 12:15:50.131,200.0,sell,244.15,ETH-28JUN19-320-C,87.11,0.008,200.0,0,1560168950131,4593934,242
2019-06-10 12:37:20.170,1.0,buy,245.1,ETH-28JUN19-320-C,93.31,0.011000000000000001,1.0,0,1560170240170,4594779,243
2019-06-10 16:17:15.434,300.0,sell,246.38,ETH-28JUN19-320-C,84.52,0.008,300.0,2,1560183435434,4600200,244
2019-06-10 18:11:09.390,300.0,sell,242.97,ETH-28JUN19-320-C,78.97,0.005,300.0,2,1560190269390,4603061,245
2019-06-10 18:11:09.390,150.0,sell,242.97,ETH-28JUN19-320-C,78.97,0.005,150.0,3,1560190269390,4603062,246
2019-06-11 03:31:13.343,30.0,buy,244.7,ETH-28JUN19-320-C,87.24,0.008,30.0,0,1560223873343,4615843,247
2019-06-11 07:25:04.838,150.0,sell,245.27,ETH-28JUN19-320-C,81.42,0.006,150.0,2,1560237904838,4619072,248
2019-06-11 11:35:41.980,2.0,sell,239.49,ETH-28JUN19-320-C,84.44,0.005,2.0,2,1560252941980,4628169,249
2019-06-11 13:07:35.834,3.0,sell,240.96,ETH-28JUN19-320-C,79.7,0.004,3.0,3,1560258455834,4636212,251
2019-06-11 13:07:35.834,2.0,sell,240.96,ETH-28JUN19-320-C,79.7,0.004,2.0,2,1560258455834,4636211,250
2019-06-12 03:12:13.468,10.0,buy,249.66,ETH-28JUN19-320-C,85.51,0.008,10.0,0,1560309133468,4661358,252
2019-06-12 07:32:01.099,300.0,sell,247.65,ETH-28JUN19-320-C,78.96,0.005,300.0,2,1560324721099,4664931,253
2019-06-12 08:27:55.973,120.0,buy,247.44,ETH-28JUN19-320-C,85.4,0.006999999999999999,120.0,0,1560328075973,4665671,254
2019-06-12 08:27:55.973,80.0,buy,247.44,ETH-28JUN19-320-C,85.4,0.006999999999999999,80.0,1,1560328075973,4665672,255
2019-06-12 13:01:39.738,200.0,sell,249.77,ETH-28JUN19-320-C,83.86,0.006999999999999999,200.0,1,1560344499738,4671418,256
2019-06-12 18:35:38.668,300.0,sell,258.33,ETH-28JUN19-320-C,81.16,0.009000000000000001,300.0,0,1560364538668,4686845,257
2019-06-13 04:58:36.221,1.0,sell,260.31,ETH-28JUN19-320-C,82.19,0.01,1.0,0,1560401916221,4703540,258
2019-06-13 05:05:37.755,1.0,buy,260.06,ETH-28JUN19-320-C,82.68,0.01,1.0,1,1560402337755,4703640,259
2019-06-13 13:27:02.155,100.0,buy,261.52,ETH-28JUN19-320-C,81.59,0.01,100.0,1,1560432422155,4712343,260
2019-06-13 20:59:02.505,2.0,buy,259.02,ETH-28JUN19-320-C,80.35,0.008,2.0,2,1560459542505,4723188,261
2019-06-13 20:59:51.128,3.0,buy,258.84,ETH-28JUN19-320-C,80.59,0.008,3.0,3,1560459591128,4723213,262
2019-06-14 02:07:04.444,1.0,sell,254.3,ETH-28JUN19-320-C,80.57,0.006,1.0,2,1560478024444,4735518,263
2019-06-15 14:54:33.578,4.0,buy,265.6,ETH-28JUN19-320-C,82.52,0.01,4.0,0,1560610473578,4790601,264
2019-06-15 16:35:07.972,46.0,buy,268.98,ETH-28JUN19-320-C,78.61,0.01,46.0,1,1560616507972,4793856,265
2019-06-15 19:44:20.600,100.0,buy,270.17,ETH-28JUN19-320-C,86.5,0.013999999999999999,100.0,0,1560627860600,4800362,266
2019-06-16 06:44:23.040,2.0,buy,275.44,ETH-28JUN19-320-C,83.82,0.016,2.0,0,1560667463040,4820963,267
2019-06-16 06:45:20.147,8.0,buy,275.65,ETH-28JUN19-320-C,83.52,0.016,8.0,1,1560667520147,4820969,268
2019-06-16 10:31:46.160,5.0,sell,269.9,ETH-28JUN19-320-C,82.0,0.011000000000000001,5.0,2,1560681106160,4839464,269
2019-06-16 22:04:56.608,2.0,buy,269.16,ETH-28JUN19-320-C,87.8,0.013000000000000001,2.0,0,1560722696608,4870939,270
2019-06-16 22:29:59.586,20.0,buy,268.36,ETH-28JUN19-320-C,93.61,0.015,20.0,0,1560724199586,4871616,271
2019-06-16 22:30:09.265,30.0,buy,268.35,ETH-28JUN19-320-C,93.6,0.015,30.0,1,1560724209265,4871617,272
2019-06-17 04:12:48.191,20.0,buy,269.74,ETH-28JUN19-320-C,95.9,0.016,20.0,0,1560744768191,4881788,273
2019-06-17 09:48:48.923,50.0,sell,271.39,ETH-28JUN19-320-C,88.32,0.013000000000000001,50.0,2,1560764928923,4889405,274
2019-06-17 09:48:57.715,30.0,sell,271.4,ETH-28JUN19-320-C,88.32,0.013000000000000001,30.0,3,1560764937715,4889406,275
2019-06-17 19:20:10.576,240.0,buy,273.65,ETH-28JUN19-320-C,107.52,0.023,240.0,0,1560799210576,4914819,276
2019-06-17 19:20:10.578,105.0,sell,273.65,ETH-28JUN19-320-C,107.52,0.023,105.0,1,1560799210578,4914820,277
2019-06-17 19:20:10.599,105.0,sell,273.65,ETH-28JUN19-320-C,107.52,0.023,105.0,1,1560799210599,4914821,278
2019-06-17 19:20:41.016,50.0,sell,273.39,ETH-28JUN19-320-C,107.96,0.023,50.0,1,1560799241016,4914839,279
2019-06-18 05:42:00.858,250.0,sell,268.5,ETH-28JUN19-320-C,104.58,0.017,250.0,2,1560836520858,4940292,280
2019-06-18 07:48:00.484,240.0,sell,265.95,ETH-28JUN19-320-C,108.84,0.017,240.0,3,1560844080484,4945543,281
2019-06-18 11:54:29.211,10.0,sell,266.67,ETH-28JUN19-320-C,108.07,0.017,10.0,3,1560858869211,4950780,282
2019-06-18 14:27:36.908,100.0,buy,267.14,ETH-28JUN19-320-C,105.35,0.016,100.0,2,1560868056908,4953754,283
2019-06-18 14:28:07.708,100.0,buy,267.13,ETH-28JUN19-320-C,107.58,0.017,100.0,0,1560868087708,4953782,284
2019-06-18 15:33:44.553,100.0,sell,264.06,ETH-28JUN19-320-C,109.8,0.016,100.0,2,1560872024553,4956702,285
2019-06-18 16:32:27.861,10.0,sell,265.71,ETH-28JUN19-320-C,97.63,0.012,10.0,2,1560875547861,4958426,286
2019-06-18 17:40:54.240,240.0,buy,264.62,ETH-28JUN19-320-C,109.7,0.016,240.0,0,1560879654240,4961892,287
2019-06-18 17:42:06.724,10.0,sell,264.73,ETH-28JUN19-320-C,109.46,0.016,10.0,1,1560879726724,4962093,288
2019-06-18 17:46:20.229,17.0,buy,264.77,ETH-28JUN19-320-C,111.48,0.017,17.0,0,1560879980229,4962430,289
2019-06-18 20:23:54.518,50.0,sell,264.7,ETH-28JUN19-320-C,100.21,0.012,50.0,2,1560889434518,4965403,290
2019-06-19 06:39:53.271,10.0,buy,267.85,ETH-28JUN19-320-C,104.18,0.013999999999999999,10.0,0,1560926393271,4978283,291
2019-06-19 06:40:24.068,10.0,buy,267.88,ETH-28JUN19-320-C,104.06,0.013999999999999999,10.0,1,1560926424068,4978286,292
2019-06-19 07:09:09.727,10.0,sell,267.65,ETH-28JUN19-320-C,101.99,0.013000000000000001,10.0,2,1560928149727,4978441,293
2019-06-20 08:43:12.841,10.0,sell,267.02,ETH-28JUN19-320-C,91.31,0.006999999999999999,10.0,2,1561020192841,5002364,294
2019-06-20 09:15:50.020,5.0,buy,267.72,ETH-28JUN19-320-C,100.05,0.01,5.0,0,1561022150020,5002818,295
2019-06-20 10:22:59.695,207.0,sell,267.13,ETH-28JUN19-320-C,95.02,0.008,207.0,2,1561026179695,5003388,296
2019-06-20 10:22:59.698,30.0,buy,267.13,ETH-28JUN19-320-C,95.02,0.008,30.0,3,1561026179698,5003389,297
2019-06-20 11:08:57.000,5.0,buy,267.11,ETH-28JUN19-320-C,91.37,0.006999999999999999,5.0,2,1561028937000,5003560,298
2019-06-20 11:10:05.363,20.0,buy,267.14,ETH-28JUN19-320-C,91.33,0.006999999999999999,20.0,3,1561029005363,5003561,299
2019-06-20 12:45:36.572,26.0,buy,268.06,ETH-28JUN19-320-C,90.72,0.006999999999999999,26.0,3,1561034736572,5004213,300
2019-06-20 13:24:44.881,500.0,buy,268.63,ETH-28JUN19-320-C,90.32,0.006999999999999999,500.0,3,1561037084881,5004681,301
2019-06-20 13:26:21.654,500.0,buy,268.73,ETH-28JUN19-320-C,90.42,0.006999999999999999,500.0,3,1561037181654,5004705,302
2019-06-20 13:26:56.974,442.0,buy,268.8,ETH-28JUN19-320-C,90.2,0.006999999999999999,442.0,3,1561037216974,5004720,303
2019-06-20 15:55:49.762,100.0,buy,269.99,ETH-28JUN19-320-C,88.89,0.006999999999999999,100.0,3,1561046149762,5006752,304
2019-06-20 15:55:49.906,2.0,buy,269.99,ETH-28JUN19-320-C,88.83,0.006999999999999999,2.0,3,1561046149906,5006755,305
2019-06-20 15:55:53.218,9.0,buy,270.09,ETH-28JUN19-320-C,88.68,0.007,9.0,3,1561046153218,5006766,306
