date_utc,amount,direction,indexPrice,instrument,iv,price,quantity,tickDirection,timeStamp,tradeId,tradeSeq
2019-04-02 02:34:41.695,0.1,buy,4173.14,BTC-27SEP19-3250-P,56.56,0.057999999999999996,0.1,1,1554172481695,17016780,1
2019-04-02 04:46:40.905,0.9,buy,4455.1,BTC-27SEP19-3250-P,56.7,0.0425,0.9,2,1554180400905,17033740,2
2019-04-04 01:15:47.120,4.0,buy,5062.58,BTC-27SEP19-3250-P,70.59,0.039,4.0,2,1554340547120,17283073,3
2019-04-05 18:21:17.117,5.0,buy,5042.85,BTC-27SEP19-3250-P,67.73,0.0345,5.0,2,1554488477117,17378049,4
2019-04-06 20:42:45.811,0.1,buy,5139.07,BTC-27SEP19-3250-P,69.42,0.033,0.1,2,1554583365811,17422289,5
2019-04-08 02:59:53.897,6.0,sell,5288.65,BTC-27SEP19-3250-P,65.04,0.0225,6.0,2,1554692393897,17508972,6
2019-04-08 02:59:58.207,4.4,buy,5288.25,BTC-27SEP19-3250-P,65.03,0.0225,4.4,3,1554692398207,17508979,7
2019-04-13 22:59:34.101,5.9,sell,5065.51,BTC-27SEP19-3250-P,59.87,0.023,5.9,0,1555196374101,17787487,8
2019-04-14 22:18:41.259,2.0,sell,5147.26,BTC-27SEP19-3250-P,59.06,0.02,2.0,2,1555280321259,17805466,9
2019-04-15 14:37:32.668,1.0,sell,5164.48,BTC-27SEP19-3250-P,61.96,0.0225,1.0,0,1555339052668,17820165,10
2019-04-18 14:24:31.000,0.2,sell,5238.09,BTC-27SEP19-3250-P,62.45,0.02,0.2,2,1555597471000,17923659,11
2019-04-18 15:17:33.048,0.1,sell,5255.87,BTC-27SEP19-3250-P,62.33,0.0195,0.1,2,1555600653048,17924174,12
2019-04-18 15:59:10.727,0.2,sell,5250.64,BTC-27SEP19-3250-P,62.64,0.02,0.2,0,1555603150727,17926155,13
2019-04-18 17:00:03.817,0.2,buy,5260.4,BTC-27SEP19-3250-P,63.42,0.0205,0.2,0,1555606803817,17928020,14
2019-04-19 15:28:07.901,0.2,sell,5274.68,BTC-27SEP19-3250-P,63.78,0.0205,0.2,1,1555687687901,17953639,15
2019-04-19 15:34:30.630,0.2,sell,5273.87,BTC-27SEP19-3250-P,63.78,0.0205,0.2,1,1555688070630,17953803,16
2019-04-19 15:36:01.082,0.2,sell,5273.88,BTC-27SEP19-3250-P,63.8,0.0205,0.2,1,1555688161082,17953811,17
2019-04-19 16:02:40.036,0.5,sell,5274.66,BTC-27SEP19-3250-P,63.78,0.0205,0.5,1,1555689760036,17954607,18
2019-04-19 16:50:20.026,0.5,sell,5282.5,BTC-27SEP19-3250-P,63.83,0.0205,0.5,1,1555692620026,17960725,19
2019-04-19 16:51:53.429,0.5,sell,5274.35,BTC-27SEP19-3250-P,63.71,0.0205,0.5,1,1555692713429,17960902,20
2019-04-19 23:17:24.565,0.1,sell,5281.99,BTC-27SEP19-3250-P,62.95,0.0195,0.1,2,1555715844565,17969957,21
2019-04-28 04:18:25.350,0.3,sell,5164.82,BTC-27SEP19-3250-P,62.67,0.021,0.3,0,1556425105350,18379429,22
2019-04-28 04:19:15.356,0.3,sell,5165.18,BTC-27SEP19-3250-P,62.67,0.021,0.3,1,1556425155356,18379430,23
2019-04-28 04:53:53.842,0.3,sell,5172.57,BTC-27SEP19-3250-P,62.91,0.021,0.3,1,1556427233842,18379741,24
2019-04-28 04:54:38.740,0.3,sell,5172.41,BTC-27SEP19-3250-P,62.91,0.021,0.3,1,1556427278740,18379743,25
2019-04-28 04:55:12.508,0.2,sell,5172.39,BTC-27SEP19-3250-P,62.91,0.021,0.2,1,1556427312508,18379746,26
2019-04-28 08:07:04.973,0.2,sell,5186.09,BTC-27SEP19-3250-P,63.17,0.021,0.2,1,1556438824973,18381297,27
2019-04-28 08:08:27.540,0.2,sell,5185.57,BTC-27SEP19-3250-P,63.17,0.021,0.2,1,1556438907540,18381305,28
2019-04-29 05:04:40.384,0.2,sell,5186.26,BTC-27SEP19-3250-P,63.26,0.021,0.2,1,1556514280384,18409026,29
2019-04-29 16:25:39.534,0.2,sell,5148.55,BTC-27SEP19-3250-P,64.22,0.023,0.2,0,1556555139534,18430191,30
2019-04-30 08:37:54.418,0.3,sell,5156.4,BTC-27SEP19-3250-P,63.55,0.022000000000000002,0.3,2,1556613474418,18452024,31
2019-04-30 14:02:04.449,0.2,sell,5244.61,BTC-27SEP19-3250-P,64.43,0.021,0.2,2,1556632924449,18471781,32
2019-04-30 14:02:19.552,0.3,sell,5247.41,BTC-27SEP19-3250-P,64.49,0.021,0.3,3,1556632939552,18471839,33
2019-05-06 21:11:04.616,3.0,buy,5684.11,BTC-27SEP19-3250-P,70.04,0.016,3.0,2,1557177064616,18983515,34
2019-05-07 12:18:40.215,1.0,sell,5903.74,BTC-27SEP19-3250-P,68.89,0.012,1.0,2,1557231520215,19039994,35
2019-05-07 13:42:29.995,2.0,sell,5927.42,BTC-27SEP19-3250-P,69.31,0.012,2.0,3,1557236549995,19044283,36
2019-05-11 11:30:53.937,5.0,sell,6812.37,BTC-27SEP19-3250-P,80.34,0.0105,5.0,2,1557574253937,19556751,37
2019-05-11 15:39:47.009,0.3,buy,6857.09,BTC-27SEP19-3250-P,86.37,0.0135,0.3,0,1557589187009,19583486,38
2019-05-11 15:39:54.761,0.3,buy,6857.02,BTC-27SEP19-3250-P,86.37,0.0135,0.3,1,1557589194761,19583487,39
2019-05-11 15:42:44.955,0.6,buy,6859.55,BTC-27SEP19-3250-P,86.47,0.0135,0.6,1,1557589364955,19583638,40
2019-05-11 15:43:49.445,0.6,buy,6860.75,BTC-27SEP19-3250-P,86.47,0.0135,0.6,1,1557589429445,19583698,41
2019-05-11 15:44:52.823,0.3,buy,6862.98,BTC-27SEP19-3250-P,86.49,0.0135,0.3,1,1557589492823,19583849,42
2019-05-11 16:39:15.211,3.0,buy,6973.49,BTC-27SEP19-3250-P,87.46,0.013000000000000001,3.0,2,1557592755211,19605878,43
2019-05-13 07:26:42.622,5.0,buy,7060.67,BTC-27SEP19-3250-P,82.09,0.009000000000000001,5.0,2,1557732402622,20140399,44
2019-05-13 15:42:19.188,6.0,buy,7719.53,BTC-27SEP19-3250-P,93.99,0.0105,6.0,0,1557762139188,20241816,45
2019-05-15 14:50:26.619,5.0,sell,7957.94,BTC-27SEP19-3250-P,95.95,0.0095,5.0,2,1557931826619,20726582,46
2019-05-25 02:24:14.404,2.0,buy,8035.17,BTC-27SEP19-3250-P,101.46,0.0095,2.0,3,1558751054404,22034426,47
2019-05-25 12:59:10.525,0.7000000000000001,sell,8113.03,BTC-27SEP19-3250-P,86.69,0.004,0.7000000000000001,2,1558789150525,22055213,48
2019-05-25 14:32:43.140,0.7000000000000001,buy,8063.38,BTC-27SEP19-3250-P,95.85,0.006999999999999999,0.7000000000000001,0,1558794763140,22059179,49
2019-06-03 11:50:32.036,1.0,sell,8492.16,BTC-27SEP19-3250-P,103.08,0.0065,1.0,2,1559562632036,23020795,50
2019-06-04 01:16:39.866,5.0,sell,7997.74,BTC-27SEP19-3250-P,94.24,0.0055,5.0,2,1559610999866,23148871,51
2019-06-04 15:18:48.746,1.0,buy,7962.19,BTC-27SEP19-3250-P,97.7,0.006999999999999999,1.0,0,1559661528746,23217470,52
2019-06-06 02:47:06.280,3.0,sell,7842.24,BTC-27SEP19-3250-P,95.71,0.0065,3.0,2,1559789226280,23437594,53
2019-06-06 23:46:12.604,0.5,sell,7781.68,BTC-27SEP19-3250-P,86.33,0.004,0.5,2,1559864772604,23540358,54
2019-06-07 16:02:30.235,15.0,sell,7933.36,BTC-27SEP19-3250-P,84.31,0.003,15.0,2,1559923350235,23593032,55
2019-06-13 15:27:39.507,5.0,sell,8195.76,BTC-27SEP19-3250-P,86.63,0.0025,5.0,2,1560439659507,24080307,56
2019-06-14 11:23:53.058,0.7000000000000001,buy,8277.09,BTC-27SEP19-3250-P,90.54,0.003,0.7000000000000001,0,1560511433058,24127769,57
