date_utc,amount,direction,indexPrice,instrument,iv,price,quantity,tickDirection,timeStamp,tradeId,tradeSeq
2019-03-22 21:57:56.158,1.0,sell,136.04,ETH-28JUN19-170-P,0.0,0.005,1.0,1,1553291876158,105249,1
2019-03-22 23:52:08.869,1.0,buy,135.87,ETH-28JUN19-170-P,56.65,0.3,1.0,0,1553298728869,105655,2
2019-03-23 20:21:44.629,1.0,buy,135.8,ETH-28JUN19-170-P,91.39,0.359,1.0,0,1553372504629,115840,3
2019-03-25 04:08:13.461,1.0,buy,135.56,ETH-28JUN19-170-P,73.78,0.324,1.0,2,1553486893461,130133,4
2019-03-25 16:01:24.807,12.0,buy,132.88,ETH-28JUN19-170-P,68.57,0.333,12.0,0,1553529684807,140698,5
2019-03-25 16:01:25.688,8.0,buy,132.88,ETH-28JUN19-170-P,68.57,0.33299999999999996,8.0,1,1553529685688,140701,6
2019-04-02 18:44:32.837,230.0,sell,157.82,ETH-28JUN19-170-P,68.55,0.166,230.0,2,1554230672837,312533,7
2019-04-02 18:56:44.914,10.0,sell,157.92,ETH-28JUN19-170-P,64.99,0.158,10.0,2,1554231404914,312978,8
2019-04-02 18:56:45.807,10.0,sell,157.92,ETH-28JUN19-170-P,64.99,0.158,10.0,3,1554231405807,312979,9
2019-04-02 18:56:46.588,10.0,sell,157.92,ETH-28JUN19-170-P,64.99,0.158,10.0,3,1554231406588,312980,10
2019-04-02 18:56:47.361,10.0,sell,157.92,ETH-28JUN19-170-P,65.01,0.158,10.0,3,1554231407361,312981,11
2019-04-02 18:56:48.291,10.0,sell,157.92,ETH-28JUN19-170-P,63.98,0.156,10.0,2,1554231408291,312982,12
2019-04-02 18:56:49.131,10.0,sell,157.92,ETH-28JUN19-170-P,63.98,0.156,10.0,3,1554231409131,312983,13
2019-04-02 18:56:50.257,10.0,sell,157.92,ETH-28JUN19-170-P,63.98,0.156,10.0,3,1554231410257,312984,14
2019-04-02 18:56:51.042,10.0,sell,157.92,ETH-28JUN19-170-P,63.98,0.156,10.0,3,1554231411042,312985,15
2019-04-02 18:56:51.929,10.0,sell,157.92,ETH-28JUN19-170-P,63.98,0.156,10.0,3,1554231411929,312986,16
2019-04-02 18:56:52.996,10.0,sell,157.92,ETH-28JUN19-170-P,63.98,0.156,10.0,3,1554231412996,312987,17
2019-04-02 18:56:53.753,10.0,sell,157.92,ETH-28JUN19-170-P,63.98,0.156,10.0,3,1554231413753,312988,18
2019-04-02 18:56:54.557,10.0,sell,157.92,ETH-28JUN19-170-P,63.46,0.155,10.0,2,1554231414557,312989,19
2019-04-02 18:56:55.896,10.0,sell,157.92,ETH-28JUN19-170-P,63.46,0.155,10.0,3,1554231415896,312990,20
2019-04-02 18:56:56.696,10.0,sell,157.92,ETH-28JUN19-170-P,63.46,0.155,10.0,3,1554231416696,312992,21
2019-04-02 18:56:57.444,10.0,sell,157.91,ETH-28JUN19-170-P,63.46,0.155,10.0,3,1554231417444,312993,22
2019-04-02 18:56:58.246,10.0,sell,157.91,ETH-28JUN19-170-P,63.46,0.155,10.0,3,1554231418246,312994,23
2019-04-02 18:56:58.982,10.0,sell,157.91,ETH-28JUN19-170-P,63.44,0.155,10.0,3,1554231418982,312995,24
2019-04-02 18:56:59.826,10.0,sell,157.91,ETH-28JUN19-170-P,63.44,0.155,10.0,3,1554231419826,312996,25
2019-04-02 18:57:01.079,10.0,sell,157.91,ETH-28JUN19-170-P,63.44,0.155,10.0,3,1554231421079,312997,26
2019-04-02 18:57:02.194,10.0,sell,157.91,ETH-28JUN19-170-P,63.44,0.155,10.0,3,1554231422194,313001,27
2019-04-02 18:57:03.055,10.0,sell,157.91,ETH-28JUN19-170-P,63.44,0.155,10.0,3,1554231423055,313002,28
2019-04-02 18:57:03.981,10.0,sell,157.91,ETH-28JUN19-170-P,63.44,0.155,10.0,3,1554231423981,313003,29
2019-04-02 18:57:05.242,10.0,sell,157.91,ETH-28JUN19-170-P,63.44,0.155,10.0,3,1554231425242,313004,30
2019-04-02 18:57:06.137,10.0,sell,157.99,ETH-28JUN19-170-P,63.44,0.155,10.0,3,1554231426137,313005,31
2019-04-03 16:04:13.244,50.0,sell,171.86,ETH-28JUN19-170-P,72.71,0.117,50.0,2,1554307453244,382299,32
2019-04-03 16:04:37.604,50.0,sell,171.82,ETH-28JUN19-170-P,71.41,0.114,50.0,2,1554307477604,382359,33
2019-04-03 19:36:17.723,50.0,sell,174.89,ETH-28JUN19-170-P,70.92,0.106,50.0,2,1554320177723,395812,34
2019-04-04 12:54:58.358,50.0,buy,162.12,ETH-28JUN19-170-P,83.09,0.174,50.0,0,1554382498358,442557,35
2019-04-05 09:26:24.179,17.0,sell,163.32,ETH-28JUN19-170-P,70.54,0.141,17.0,2,1554456384179,473448,36
2019-04-05 09:26:28.412,18.0,buy,163.31,ETH-28JUN19-170-P,78.39,0.156,18.0,0,1554456388412,473456,37
2019-04-05 09:27:12.540,17.0,sell,163.23,ETH-28JUN19-170-P,72.93,0.146,17.0,2,1554456432540,473465,38
2019-04-05 09:27:19.686,17.0,sell,163.23,ETH-28JUN19-170-P,71.33,0.14300000000000002,17.0,2,1554456439686,473468,39
2019-04-05 09:27:40.253,51.0,buy,163.2,ETH-28JUN19-170-P,77.6,0.155,51.0,0,1554456460253,473475,40
2019-04-05 09:40:13.582,50.0,sell,163.66,ETH-28JUN19-170-P,70.98,0.141,50.0,2,1554457213582,473611,41
2019-04-05 09:52:35.658,50.0,sell,163.62,ETH-28JUN19-170-P,70.49,0.141,50.0,3,1554457955658,473700,42
2019-04-05 09:52:50.323,50.0,sell,163.62,ETH-28JUN19-170-P,70.58,0.141,50.0,3,1554457970323,473701,43
2019-04-05 09:52:55.269,50.0,sell,163.62,ETH-28JUN19-170-P,70.64,0.141,50.0,3,1554457975269,473702,44
2019-04-05 10:00:37.752,10.0,sell,163.45,ETH-28JUN19-170-P,70.02,0.14,10.0,2,1554458437752,473805,45
2019-04-05 10:00:40.744,10.0,sell,163.4,ETH-28JUN19-170-P,69.93,0.14,10.0,3,1554458440744,473806,46
2019-04-05 10:13:05.948,20.0,sell,163.65,ETH-28JUN19-170-P,70.23,0.14,20.0,3,1554459185948,474005,47
2019-04-05 10:13:08.033,20.0,sell,163.66,ETH-28JUN19-170-P,70.24,0.14,20.0,3,1554459188033,474007,48
2019-04-05 10:13:38.141,20.0,sell,163.7,ETH-28JUN19-170-P,70.24,0.14,20.0,3,1554459218141,474008,49
2019-04-05 10:13:39.327,20.0,sell,163.7,ETH-28JUN19-170-P,70.24,0.14,20.0,3,1554459219327,474009,50
2019-04-05 10:14:13.796,20.0,sell,163.71,ETH-28JUN19-170-P,70.24,0.14,20.0,3,1554459253796,474013,51
2019-04-05 10:14:15.149,20.0,sell,163.71,ETH-28JUN19-170-P,70.24,0.14,20.0,3,1554459255149,474014,52
2019-04-05 10:14:36.759,5.0,sell,163.71,ETH-28JUN19-170-P,67.06,0.134,5.0,2,1554459276759,474018,54
2019-04-05 10:14:36.759,15.0,sell,163.71,ETH-28JUN19-170-P,70.23,0.14,15.0,3,1554459276759,474017,53
2019-04-05 10:14:38.577,10.0,sell,163.71,ETH-28JUN19-170-P,0.0,0.001,10.0,2,1554459278577,474019,55
2019-04-05 10:17:03.325,30.0,sell,164.04,ETH-28JUN19-170-P,76.17,0.15,30.0,0,1554459423325,474066,56
2019-04-05 10:18:26.225,25.0,sell,164.09,ETH-28JUN19-170-P,76.76,0.15,25.0,1,1554459506225,474098,57
2019-04-05 10:20:13.540,20.0,sell,163.96,ETH-28JUN19-170-P,75.05,0.147,20.0,2,1554459613540,474128,58
2019-04-05 10:36:57.540,20.0,sell,164.1,ETH-28JUN19-170-P,73.21,0.14300000000000002,20.0,2,1554460617540,474596,59
2019-04-05 10:37:08.490,20.0,sell,164.1,ETH-28JUN19-170-P,73.19,0.14300000000000002,20.0,3,1554460628490,474603,60
2019-04-05 10:37:13.838,20.0,sell,164.12,ETH-28JUN19-170-P,72.75,0.142,20.0,2,1554460633838,474604,61
2019-04-05 10:37:37.095,20.0,sell,164.12,ETH-28JUN19-170-P,74.01,0.14400000000000002,20.0,0,1554460657095,474609,62
2019-04-05 10:37:59.902,25.0,sell,164.23,ETH-28JUN19-170-P,74.16,0.14400000000000002,25.0,1,1554460679902,474621,63
2019-04-05 10:38:16.269,28.0,sell,164.25,ETH-28JUN19-170-P,73.55,0.14300000000000002,28.0,2,1554460696269,474641,64
2019-04-05 10:42:28.047,10.0,buy,163.89,ETH-28JUN19-170-P,74.67,0.146,10.0,0,1554460948047,474724,65
2019-04-05 12:42:45.637,18.0,sell,166.05,ETH-28JUN19-170-P,72.73,0.13699999999999998,18.0,2,1554468165637,477394,66
2019-04-05 14:29:00.060,10.0,sell,164.37,ETH-28JUN19-170-P,73.95,0.146,10.0,0,1554474540060,481179,67
2019-04-05 14:29:08.546,10.0,sell,164.38,ETH-28JUN19-170-P,72.89,0.14400000000000002,10.0,2,1554474548546,481180,68
2019-04-05 14:29:23.596,10.0,sell,164.37,ETH-28JUN19-170-P,71.82,0.142,10.0,2,1554474563596,481181,69
2019-04-05 14:29:30.330,10.0,sell,164.38,ETH-28JUN19-170-P,71.82,0.142,10.0,3,1554474570330,481182,70
2019-04-05 14:29:33.212,10.0,sell,164.38,ETH-28JUN19-170-P,71.83,0.142,10.0,3,1554474573212,481183,71
2019-04-05 14:29:45.081,10.0,sell,164.38,ETH-28JUN19-170-P,71.31,0.141,10.0,2,1554474585081,481184,72
2019-04-05 14:30:01.866,10.0,sell,164.39,ETH-28JUN19-170-P,71.34,0.141,10.0,3,1554474601866,481187,73
2019-04-06 12:33:31.538,20.0,sell,163.92,ETH-28JUN19-170-P,76.83,0.152,20.0,0,1554554011538,498815,74
2019-04-06 12:33:34.643,20.0,sell,163.9,ETH-28JUN19-170-P,76.85,0.152,20.0,1,1554554014643,498816,75
2019-04-06 12:33:37.189,20.0,sell,163.9,ETH-28JUN19-170-P,73.69,0.146,20.0,2,1554554017189,498817,76
2019-04-06 12:33:38.559,20.0,sell,163.92,ETH-28JUN19-170-P,73.12,0.145,20.0,2,1554554018559,498818,77
2019-04-06 12:33:40.111,20.0,sell,163.92,ETH-28JUN19-170-P,71.53,0.142,20.0,2,1554554020111,498819,78
2019-04-06 12:33:41.815,20.0,sell,163.9,ETH-28JUN19-170-P,72.1,0.14300000000000002,20.0,0,1554554021815,498821,79
2019-04-06 12:33:44.350,20.0,sell,163.92,ETH-28JUN19-170-P,69.41,0.138,20.0,2,1554554024350,498823,80
2019-04-06 12:33:46.304,20.0,sell,163.92,ETH-28JUN19-170-P,67.28,0.134,20.0,2,1554554026304,498824,81
2019-04-06 12:33:48.029,20.0,sell,163.92,ETH-28JUN19-170-P,71.58,0.142,20.0,0,1554554028029,498825,82
2019-04-06 12:33:50.782,20.0,sell,163.92,ETH-28JUN19-170-P,65.22,0.13,20.0,2,1554554030782,498826,83
2019-04-06 12:33:53.202,20.0,sell,163.92,ETH-28JUN19-170-P,63.63,0.127,20.0,2,1554554033202,498827,84
2019-04-06 20:22:43.057,11.0,sell,171.65,ETH-28JUN19-170-P,72.52,0.118,11.0,2,1554582163057,516155,85
2019-04-06 20:54:35.108,6.0,sell,168.75,ETH-28JUN19-170-P,70.38,0.123,6.0,0,1554584075108,519237,86
2019-04-07 05:55:19.299,25.0,buy,167.7,ETH-28JUN19-170-P,74.14,0.13,25.0,0,1554616519299,536071,87
2019-04-07 13:07:21.500,1.0,sell,167.92,ETH-28JUN19-170-P,71.31,0.125,1.0,2,1554642441500,545123,88
2019-04-07 13:08:31.330,1.0,sell,167.88,ETH-28JUN19-170-P,70.67,0.124,1.0,2,1554642511330,545142,89
2019-04-07 13:08:32.674,1.0,sell,167.87,ETH-28JUN19-170-P,3.08,0.001,1.0,2,1554642512674,545143,90
2019-04-07 13:08:33.916,1.0,sell,167.87,ETH-28JUN19-170-P,70.67,0.124,1.0,0,1554642513916,545144,91
2019-04-07 13:08:36.855,1.0,sell,167.87,ETH-28JUN19-170-P,70.67,0.124,1.0,1,1554642516855,545145,92
2019-04-07 13:08:42.033,1.0,sell,167.87,ETH-28JUN19-170-P,70.69,0.124,1.0,1,1554642522033,545146,93
2019-04-07 13:08:45.236,1.0,sell,167.87,ETH-28JUN19-170-P,3.09,0.001,1.0,2,1554642525236,545147,94
2019-04-07 13:08:48.564,1.0,sell,167.87,ETH-28JUN19-170-P,70.7,0.124,1.0,0,1554642528564,545148,95
2019-04-07 13:09:05.755,1.0,sell,167.84,ETH-28JUN19-170-P,70.69,0.124,1.0,1,1554642545755,545152,96
2019-04-07 13:09:13.031,1.0,sell,167.83,ETH-28JUN19-170-P,70.69,0.124,1.0,1,1554642553031,545156,97
2019-04-07 13:09:57.601,1.0,sell,167.79,ETH-28JUN19-170-P,70.96,0.124,1.0,1,1554642597601,545165,98
2019-04-07 13:10:18.044,5.0,sell,167.8,ETH-28JUN19-170-P,71.09,0.124,5.0,1,1554642618044,545166,99
2019-04-07 13:10:30.607,5.0,sell,167.7,ETH-28JUN19-170-P,70.97,0.124,5.0,1,1554642630607,545167,100
2019-04-07 13:10:47.500,5.0,sell,167.71,ETH-28JUN19-170-P,70.96,0.124,5.0,1,1554642647500,545173,101
2019-04-07 13:10:59.928,5.0,sell,167.65,ETH-28JUN19-170-P,70.89,0.124,5.0,1,1554642659928,545184,102
2019-04-07 13:11:08.664,5.0,sell,167.68,ETH-28JUN19-170-P,70.96,0.124,5.0,1,1554642668664,545185,103
2019-04-07 13:11:16.913,5.0,sell,167.69,ETH-28JUN19-170-P,70.96,0.124,5.0,1,1554642676913,545187,104
2019-04-07 13:14:20.981,5.0,sell,167.58,ETH-28JUN19-170-P,70.89,0.124,5.0,1,1554642860981,545200,105
2019-04-07 19:18:29.284,2.0,sell,169.43,ETH-28JUN19-170-P,75.2,0.129,2.0,0,1554664709284,554981,106
2019-04-08 02:49:55.878,48.0,sell,183.73,ETH-28JUN19-170-P,79.88,0.08900000000000001,48.0,2,1554691795878,601734,107
2019-04-08 02:59:42.873,48.0,buy,182.66,ETH-28JUN19-170-P,83.28,0.095,48.0,0,1554692382873,602892,108
2019-04-08 02:59:43.266,48.0,buy,182.66,ETH-28JUN19-170-P,83.28,0.095,48.0,1,1554692383266,602909,109
2019-04-08 02:59:44.705,131.0,sell,182.69,ETH-28JUN19-170-P,82.68,0.094,131.0,2,1554692384705,602943,110
2019-04-08 02:59:44.737,22.0,sell,182.69,ETH-28JUN19-170-P,82.68,0.094,22.0,3,1554692384737,602945,111
2019-04-08 07:08:21.292,4.0,sell,181.34,ETH-28JUN19-170-P,75.79,0.08800000000000001,4.0,2,1554707301292,615083,112
2019-04-08 07:08:23.031,4.0,sell,181.38,ETH-28JUN19-170-P,75.79,0.08800000000000001,4.0,3,1554707303031,615084,113
2019-04-08 07:09:08.110,4.0,sell,181.15,ETH-28JUN19-170-P,75.89,0.08800000000000001,4.0,3,1554707348110,615112,114
2019-04-08 07:09:14.192,4.0,sell,181.14,ETH-28JUN19-170-P,75.89,0.08800000000000001,4.0,3,1554707354192,615126,115
2019-04-08 07:09:18.321,10.0,sell,181.11,ETH-28JUN19-170-P,75.86,0.08800000000000001,10.0,3,1554707358321,615128,116
2019-04-08 07:09:22.639,20.0,sell,181.04,ETH-28JUN19-170-P,75.76,0.08800000000000001,20.0,3,1554707362639,615139,117
2019-04-08 07:17:12.934,5.0,sell,180.58,ETH-28JUN19-170-P,73.73,0.08800000000000001,5.0,3,1554707832934,616501,118
2019-04-08 07:17:14.850,5.0,sell,180.36,ETH-28JUN19-170-P,72.93,0.087,5.0,2,1554707834850,616516,119
2019-04-08 07:17:16.450,5.0,sell,180.26,ETH-28JUN19-170-P,12.56,0.001,5.0,2,1554707836450,616526,120
2019-04-08 07:24:13.213,5.0,sell,179.94,ETH-28JUN19-170-P,72.55,0.086,5.0,0,1554708253213,617019,121
2019-04-08 07:31:11.367,5.0,sell,180.23,ETH-28JUN19-170-P,72.1,0.084,5.0,2,1554708671367,617979,122
2019-04-08 08:05:08.608,40.0,sell,180.36,ETH-28JUN19-170-P,71.91,0.083,40.0,2,1554710708608,619139,123
2019-04-08 08:20:49.179,40.0,sell,179.92,ETH-28JUN19-170-P,69.67,0.081,40.0,2,1554711649179,619478,124
2019-04-08 09:30:11.466,50.0,sell,181.05,ETH-28JUN19-170-P,68.21,0.077,50.0,2,1554715811466,622165,125
2019-04-08 09:30:15.667,50.0,sell,181.05,ETH-28JUN19-170-P,68.24,0.077,50.0,3,1554715815667,622166,126
2019-04-08 09:30:17.175,50.0,sell,181.05,ETH-28JUN19-170-P,68.24,0.077,50.0,3,1554715817175,622167,127
2019-04-08 11:55:59.568,3.0,sell,175.98,ETH-28JUN19-170-P,79.55,0.10800000000000001,3.0,0,1554724559568,630615,128
2019-04-08 13:31:06.017,10.0,sell,178.99,ETH-28JUN19-170-P,74.39,0.094,10.0,2,1554730266017,635373,129
2019-04-09 13:53:14.188,110.0,sell,177.74,ETH-28JUN19-170-P,70.42,0.08800000000000001,110.0,2,1554817994188,698207,130
2019-04-09 14:00:00.206,50.0,sell,178.02,ETH-28JUN19-170-P,75.4,0.096,50.0,0,1554818400206,698386,131
2019-04-09 14:14:15.513,50.0,sell,177.22,ETH-28JUN19-170-P,75.58,0.098,50.0,0,1554819255513,699612,132
2019-04-09 15:22:34.088,50.0,sell,177.53,ETH-28JUN19-170-P,70.95,0.08900000000000001,50.0,2,1554823354088,702398,133
2019-04-09 15:22:35.566,50.0,sell,177.53,ETH-28JUN19-170-P,70.95,0.08900000000000001,50.0,3,1554823355566,702399,134
2019-04-09 15:28:46.523,50.0,sell,177.75,ETH-28JUN19-170-P,71.3,0.08900000000000001,50.0,3,1554823726523,702750,135
2019-04-09 15:28:47.739,50.0,sell,177.81,ETH-28JUN19-170-P,71.37,0.08900000000000001,50.0,3,1554823727739,702751,136
2019-04-09 15:30:34.907,10.0,sell,177.71,ETH-28JUN19-170-P,70.05,0.087,10.0,2,1554823834907,702825,137
2019-04-09 15:30:45.222,70.0,sell,177.67,ETH-28JUN19-170-P,70.14,0.087,70.0,3,1554823845222,702830,138
2019-04-09 15:36:31.379,70.0,sell,177.51,ETH-28JUN19-170-P,71.05,0.08900000000000001,70.0,0,1554824191379,703073,139
2019-04-09 17:52:37.704,100.0,sell,176.78,ETH-28JUN19-170-P,72.42,0.092,100.0,0,1554832357704,705814,140
2019-04-09 18:02:04.648,72.0,sell,177.06,ETH-28JUN19-170-P,71.39,0.09,72.0,2,1554832924648,706038,141
2019-04-09 18:02:04.648,28.0,sell,177.06,ETH-28JUN19-170-P,70.21,0.08800000000000001,28.0,2,1554832924648,706039,142
2019-04-09 18:02:14.764,100.0,sell,177.08,ETH-28JUN19-170-P,70.81,0.08900000000000001,100.0,0,1554832934764,706052,143
2019-04-09 18:04:51.191,50.0,sell,177.12,ETH-28JUN19-170-P,70.57,0.08800000000000001,50.0,2,1554833091191,706148,144
2019-04-09 18:04:59.248,50.0,sell,177.12,ETH-28JUN19-170-P,69.99,0.087,50.0,2,1554833099248,706151,145
2019-04-09 18:05:00.381,50.0,sell,177.12,ETH-28JUN19-170-P,69.99,0.087,50.0,3,1554833100381,706154,146
2019-04-09 18:05:01.844,50.0,sell,177.12,ETH-28JUN19-170-P,69.99,0.087,50.0,3,1554833101844,706155,147
2019-04-09 18:10:21.060,50.0,sell,176.84,ETH-28JUN19-170-P,70.24,0.09,50.0,0,1554833421060,706530,148
2019-04-09 18:10:25.118,50.0,sell,176.83,ETH-28JUN19-170-P,70.21,0.09,50.0,1,1554833425118,706531,149
2019-04-09 23:11:39.383,5.0,buy,176.57,ETH-28JUN19-170-P,69.74,0.087,5.0,2,1554851499383,713749,150
2019-04-10 07:31:07.087,20.0,sell,181.47,ETH-28JUN19-170-P,70.88,0.078,20.0,2,1554881467087,727087,152
2019-04-10 07:31:07.087,180.0,sell,181.47,ETH-28JUN19-170-P,71.49,0.079,180.0,2,1554881467087,727086,151
2019-04-10 07:31:23.104,72.0,sell,181.47,ETH-28JUN19-170-P,70.89,0.078,72.0,3,1554881483104,727094,153
2019-04-10 07:31:23.104,78.0,sell,181.47,ETH-28JUN19-170-P,70.89,0.078,78.0,3,1554881483104,727095,154
2019-04-11 03:49:38.945,1.0,buy,172.08,ETH-28JUN19-170-P,77.09,0.116,1.0,0,1554954578945,796881,155
2019-04-11 04:33:53.581,50.0,sell,171.49,ETH-28JUN19-170-P,71.86,0.107,50.0,2,1554957233581,799455,156
2019-04-11 04:37:24.776,100.0,sell,172.0,ETH-28JUN19-170-P,72.23,0.106,100.0,2,1554957444776,799683,157
2019-04-11 15:57:37.292,90.0,sell,163.86,ETH-28JUN19-170-P,70.81,0.14,90.0,0,1554998257292,833202,158
2019-04-12 09:32:55.293,67.0,buy,162.8,ETH-28JUN19-170-P,68.61,0.13699999999999998,67.0,2,1555061575293,871995,159
2019-04-12 09:32:57.068,87.0,sell,162.8,ETH-28JUN19-170-P,69.16,0.138,87.0,0,1555061577068,872005,160
2019-04-12 14:08:24.205,52.0,buy,164.86,ETH-28JUN19-170-P,69.36,0.135,52.0,2,1555078104205,884009,161
2019-04-12 14:08:29.966,2.0,buy,164.73,ETH-28JUN19-170-P,69.3,0.135,2.0,3,1555078109966,884041,162
2019-04-12 14:08:30.150,2.0,buy,164.73,ETH-28JUN19-170-P,69.3,0.135,2.0,3,1555078110150,884042,163
2019-04-12 14:08:30.506,3.0,buy,164.73,ETH-28JUN19-170-P,69.13,0.135,3.0,3,1555078110506,884051,164
2019-04-12 14:08:33.380,6.0,buy,164.64,ETH-28JUN19-170-P,68.95,0.135,6.0,3,1555078113380,884057,165
2019-04-12 14:08:45.284,25.0,buy,164.46,ETH-28JUN19-170-P,68.6,0.135,25.0,3,1555078125284,884083,166
2019-04-12 16:41:04.591,20.0,sell,165.46,ETH-28JUN19-170-P,68.8,0.132,20.0,2,1555087264591,888394,167
2019-04-13 11:47:17.479,1.0,buy,162.9,ETH-28JUN19-170-P,70.51,0.14800000000000002,1.0,0,1555156037479,909750,168
2019-04-13 15:48:48.486,100.0,sell,164.31,ETH-28JUN19-170-P,65.8,0.134,100.0,2,1555170528486,913177,169
2019-04-15 20:28:25.192,80.0,sell,159.96,ETH-28JUN19-170-P,69.86,0.151,80.0,0,1555360105192,980094,170
2019-04-16 14:29:48.239,5.0,buy,161.52,ETH-28JUN19-170-P,71.68,0.149,5.0,2,1555424988239,1011418,171
2019-04-17 18:37:15.275,20.0,buy,164.74,ETH-28JUN19-170-P,66.48,0.125,20.0,2,1555526235275,1044057,172
2019-04-18 09:00:13.780,4.0,buy,171.37,ETH-28JUN19-170-P,70.58,0.107,4.0,2,1555578013780,1060846,173
2019-04-18 09:33:45.990,1.0,sell,171.19,ETH-28JUN19-170-P,66.03,0.1,1.0,2,1555580025990,1061221,174
2019-04-18 18:15:18.831,35.0,sell,175.49,ETH-28JUN19-170-P,66.33,0.08900000000000001,35.0,2,1555611318831,1070789,175
2019-04-18 19:46:46.448,1.0,buy,175.56,ETH-28JUN19-170-P,69.7,0.095,1.0,0,1555616806448,1071829,176
2019-04-18 23:00:35.595,1.0,sell,173.11,ETH-28JUN19-170-P,65.87,0.096,1.0,0,1555628435595,1077897,177
2019-04-19 09:38:40.792,119.0,sell,173.33,ETH-28JUN19-170-P,68.4,0.098,119.0,0,1555666720792,1091003,178
2019-04-21 12:15:51.030,5.0,sell,167.54,ETH-28JUN19-170-P,66.66,0.113,5.0,0,1555848951030,1140601,179
2019-04-21 14:22:12.323,10.0,buy,168.33,ETH-28JUN19-170-P,70.75,0.11699999999999999,10.0,0,1555856532323,1143476,180
2019-04-22 05:44:56.159,1.0,buy,169.68,ETH-28JUN19-170-P,70.8,0.111,1.0,2,1555911896159,1151160,181
2019-04-23 09:32:59.602,120.0,sell,174.76,ETH-28JUN19-170-P,65.57,0.08800000000000001,120.0,3,1556011979602,1181484,184
2019-04-23 09:32:59.602,60.0,sell,174.76,ETH-28JUN19-170-P,65.57,0.08800000000000001,60.0,2,1556011979602,1181483,183
2019-04-23 09:32:59.602,120.0,sell,174.76,ETH-28JUN19-170-P,66.18,0.08900000000000001,120.0,2,1556011979602,1181482,182
2019-04-23 09:40:39.414,90.0,sell,174.28,ETH-28JUN19-170-P,63.76,0.086,90.0,3,1556012439414,1181694,186
2019-04-23 09:40:39.414,60.0,sell,174.28,ETH-28JUN19-170-P,63.76,0.086,60.0,2,1556012439414,1181693,185
2019-04-23 09:40:52.736,60.0,sell,174.3,ETH-28JUN19-170-P,63.91,0.086,60.0,3,1556012452736,1181734,187
2019-04-23 09:40:52.736,110.0,sell,174.3,ETH-28JUN19-170-P,63.91,0.086,110.0,3,1556012452736,1181735,188
2019-04-23 15:33:01.735,5.0,buy,173.71,ETH-28JUN19-170-P,67.83,0.094,5.0,0,1556033581735,1186257,189
2019-04-23 16:23:33.317,1.0,sell,173.27,ETH-28JUN19-170-P,62.52,0.086,1.0,2,1556036613317,1187292,190
2019-04-23 16:36:28.224,1.0,sell,173.84,ETH-28JUN19-170-P,62.83,0.085,1.0,2,1556037388224,1187556,191
2019-04-24 04:50:31.147,90.0,sell,170.29,ETH-28JUN19-170-P,68.22,0.105,90.0,0,1556081431147,1200543,192
2019-04-24 07:49:06.374,60.0,buy,162.66,ETH-28JUN19-170-P,68.63,0.134,60.0,0,1556092146374,1205729,193
2019-04-24 07:50:20.491,15.0,sell,163.29,ETH-28JUN19-170-P,64.61,0.124,15.0,2,1556092220491,1206818,194
2019-04-24 11:06:52.919,1.0,sell,164.09,ETH-28JUN19-170-P,64.46,0.12,1.0,2,1556104012919,1210613,195
2019-04-24 18:38:08.648,120.0,sell,161.77,ETH-28JUN19-170-P,63.24,0.127,120.0,0,1556131088648,1219597,196
2019-04-24 18:55:16.507,120.0,sell,161.79,ETH-28JUN19-170-P,61.8,0.124,120.0,2,1556132116507,1220104,197
2019-04-24 19:03:05.718,50.0,sell,163.19,ETH-28JUN19-170-P,60.38,0.11699999999999999,50.0,2,1556132585718,1220608,198
2019-04-24 19:03:27.687,50.0,sell,163.25,ETH-28JUN19-170-P,60.14,0.11599999999999999,50.0,2,1556132607687,1220646,199
2019-04-24 19:03:30.190,50.0,sell,163.28,ETH-28JUN19-170-P,61.33,0.11800000000000001,50.0,0,1556132610190,1220654,200
2019-04-24 19:03:31.864,50.0,sell,163.34,ETH-28JUN19-170-P,59.72,0.115,50.0,2,1556132611864,1220656,201
2019-04-24 23:05:49.179,65.0,sell,165.3,ETH-28JUN19-170-P,61.88,0.11199999999999999,65.0,2,1556147149179,1223177,202
2019-04-24 23:36:12.162,60.0,buy,164.59,ETH-28JUN19-170-P,64.1,0.11800000000000001,60.0,0,1556148972162,1223547,203
2019-04-25 16:22:03.914,90.0,sell,164.87,ETH-28JUN19-170-P,60.58,0.11199999999999999,90.0,3,1556209323914,1234260,205
2019-04-25 16:22:03.914,60.0,sell,164.87,ETH-28JUN19-170-P,60.58,0.11199999999999999,60.0,2,1556209323914,1234259,204
2019-04-25 22:04:36.840,1.0,buy,153.69,ETH-28JUN19-170-P,63.94,0.17,1.0,0,1556229876840,1244208,206
2019-04-25 22:04:40.370,1.0,buy,153.47,ETH-28JUN19-170-P,64.16,0.172,1.0,0,1556229880370,1244295,207
2019-04-25 22:04:43.395,1.0,buy,153.42,ETH-28JUN19-170-P,63.82,0.172,1.0,1,1556229883395,1244408,208
2019-04-25 22:04:46.339,1.0,buy,153.36,ETH-28JUN19-170-P,64.04,0.17300000000000001,1.0,0,1556229886339,1244460,209
2019-04-25 22:04:50.750,1.0,sell,153.32,ETH-28JUN19-170-P,71.22,0.185,1.0,0,1556229890750,1244568,210
2019-04-25 22:04:55.457,1.0,buy,153.02,ETH-28JUN19-170-P,65.76,0.17800000000000002,1.0,2,1556229895457,1244682,211
2019-04-25 22:04:55.465,1.0,buy,153.02,ETH-28JUN19-170-P,65.76,0.17800000000000002,1.0,3,1556229895465,1244683,212
2019-04-25 22:05:00.030,1.0,buy,152.87,ETH-28JUN19-170-P,66.5,0.18,1.0,0,1556229900030,1244741,213
2019-04-25 22:05:01.054,1.0,buy,152.86,ETH-28JUN19-170-P,66.63,0.18,1.0,1,1556229901054,1244753,214
2019-04-25 22:05:04.648,1.0,buy,152.57,ETH-28JUN19-170-P,65.87,0.18,1.0,1,1556229904648,1244821,215
2019-04-25 22:05:06.170,1.0,buy,152.62,ETH-28JUN19-170-P,65.94,0.18,1.0,1,1556229906170,1244844,216
2019-04-25 22:05:09.849,1.0,buy,152.57,ETH-28JUN19-170-P,68.54,0.184,1.0,0,1556229909849,1244912,217
2019-04-25 22:05:14.291,1.0,buy,152.43,ETH-28JUN19-170-P,67.3,0.182,1.0,2,1556229914291,1245043,218
2019-04-25 22:05:18.545,1.0,buy,152.52,ETH-28JUN19-170-P,67.77,0.182,1.0,3,1556229918545,1245107,219
2019-04-25 22:05:23.253,1.0,buy,152.14,ETH-28JUN19-170-P,66.99,0.182,1.0,3,1556229923253,1245206,220
2019-04-25 22:05:26.311,1.0,buy,152.17,ETH-28JUN19-170-P,67.6,0.183,1.0,0,1556229926311,1245275,221
2019-04-25 22:05:27.961,1.0,buy,152.08,ETH-28JUN19-170-P,67.35,0.183,1.0,1,1556229927961,1245295,222
2019-04-25 22:05:31.880,1.0,buy,151.75,ETH-28JUN19-170-P,68.17,0.18600000000000005,1.0,0,1556229931880,1245398,223
2019-04-25 22:05:33.271,1.0,buy,151.61,ETH-28JUN19-170-P,67.66,0.18600000000000005,1.0,1,1556229933271,1245462,224
2019-04-25 22:05:38.278,1.0,buy,151.39,ETH-28JUN19-170-P,69.05,0.19,1.0,0,1556229938278,1245574,225
2019-04-25 22:05:38.529,1.0,buy,151.39,ETH-28JUN19-170-P,69.05,0.19,1.0,1,1556229938529,1245576,226
2019-04-25 22:05:42.989,1.0,buy,151.33,ETH-28JUN19-170-P,68.46,0.19,1.0,1,1556229942989,1245625,227
2019-04-25 22:05:44.748,1.0,buy,151.27,ETH-28JUN19-170-P,66.7,0.188,1.0,2,1556229944748,1245645,228
2019-04-25 22:05:47.243,1.0,buy,151.26,ETH-28JUN19-170-P,66.6,0.188,1.0,3,1556229947243,1245686,229
2019-04-25 22:05:50.494,1.0,buy,151.16,ETH-28JUN19-170-P,66.17,0.188,1.0,3,1556229950494,1245784,230
2019-04-25 22:05:51.799,1.0,buy,151.15,ETH-28JUN19-170-P,68.04,0.191,1.0,0,1556229951799,1245868,231
2019-04-25 22:05:56.207,1.0,buy,150.96,ETH-28JUN19-170-P,67.68,0.192,1.0,0,1556229956207,1246010,232
2019-04-25 22:05:57.463,1.0,sell,150.92,ETH-28JUN19-170-P,68.24,0.193,1.0,0,1556229957463,1246045,233
2019-04-25 22:06:01.066,1.0,buy,150.73,ETH-28JUN19-170-P,66.58,0.192,1.0,2,1556229961066,1246133,234
2019-04-25 22:06:04.294,1.0,buy,150.49,ETH-28JUN19-170-P,66.89,0.19399999999999998,1.0,0,1556229964294,1246204,235
2019-04-25 22:06:06.303,1.0,buy,150.46,ETH-28JUN19-170-P,66.89,0.19399999999999998,1.0,1,1556229966303,1246229,236
2019-04-25 22:06:10.283,1.0,buy,150.13,ETH-28JUN19-170-P,66.43,0.195,1.0,0,1556229970283,1246292,237
2019-04-25 22:06:11.947,1.0,buy,150.13,ETH-28JUN19-170-P,66.56,0.195,1.0,1,1556229971947,1246303,238
2019-04-25 22:06:13.601,1.0,buy,150.41,ETH-28JUN19-170-P,67.62,0.195,1.0,1,1556229973601,1246343,239
2019-04-25 22:06:13.609,1.0,buy,150.41,ETH-28JUN19-170-P,67.62,0.195,1.0,1,1556229973609,1246346,240
2019-04-25 22:06:15.270,1.0,buy,150.48,ETH-28JUN19-170-P,67.72,0.195,1.0,1,1556229975270,1246387,241
2019-04-25 22:06:17.236,1.0,buy,150.29,ETH-28JUN19-170-P,67.95,0.195,1.0,1,1556229977236,1246494,242
2019-04-25 22:06:18.310,1.0,buy,150.23,ETH-28JUN19-170-P,67.62,0.195,1.0,1,1556229978310,1246510,243
2019-04-25 22:06:19.203,1.0,buy,150.43,ETH-28JUN19-170-P,68.19,0.195,1.0,1,1556229979203,1246527,244
2019-04-25 22:06:21.169,1.0,buy,150.36,ETH-28JUN19-170-P,68.16,0.195,1.0,1,1556229981169,1246549,245
2019-04-25 22:06:22.895,1.0,sell,150.32,ETH-28JUN19-170-P,68.19,0.195,1.0,1,1556229982895,1246567,246
2019-04-25 22:06:27.438,1.0,buy,150.29,ETH-28JUN19-170-P,67.83,0.19399999999999998,1.0,2,1556229987438,1246631,247
2019-04-25 22:06:31.672,1.0,sell,150.13,ETH-28JUN19-170-P,66.91,0.192,1.0,2,1556229991672,1246716,248
2019-04-25 22:06:35.813,1.0,buy,150.32,ETH-28JUN19-170-P,68.89,0.19399999999999998,1.0,0,1556229995813,1246756,249
2019-04-25 22:06:47.135,1.0,sell,150.42,ETH-28JUN19-170-P,67.55,0.18899999999999997,1.0,2,1556230007135,1247058,250
2019-04-25 22:06:48.956,1.0,sell,150.46,ETH-28JUN19-170-P,67.16,0.188,1.0,2,1556230008956,1247086,251
2019-04-25 22:06:50.784,1.0,sell,150.45,ETH-28JUN19-170-P,67.61,0.188,1.0,3,1556230010784,1247101,252
2019-04-25 22:07:33.599,1.0,buy,150.76,ETH-28JUN19-170-P,68.95,0.19,1.0,0,1556230053599,1247596,253
2019-04-25 22:07:39.058,1.0,sell,150.87,ETH-28JUN19-170-P,66.82,0.18600000000000005,1.0,2,1556230059058,1247634,254
2019-04-25 22:09:30.009,1.0,buy,149.83,ETH-28JUN19-170-P,67.49,0.19,1.0,0,1556230170009,1248500,255
2019-04-25 22:09:31.983,1.0,buy,149.82,ETH-28JUN19-170-P,66.59,0.19,1.0,1,1556230171983,1248520,256
2019-04-25 22:09:37.946,1.0,buy,149.76,ETH-28JUN19-170-P,66.13,0.19,1.0,1,1556230177946,1248557,257
2019-04-25 22:09:47.124,1.0,buy,149.35,ETH-28JUN19-170-P,66.8,0.193,1.0,0,1556230187124,1248645,258
2019-04-25 22:09:48.795,1.0,buy,149.29,ETH-28JUN19-170-P,66.77,0.193,1.0,1,1556230188795,1248654,259
2019-04-25 22:09:56.245,1.0,buy,149.14,ETH-28JUN19-170-P,65.68,0.193,1.0,1,1556230196245,1248766,260
2019-04-25 22:09:57.763,1.0,buy,149.11,ETH-28JUN19-170-P,68.43,0.19699999999999998,1.0,0,1556230197763,1248805,261
2019-04-25 22:09:58.258,1.0,buy,149.11,ETH-28JUN19-170-P,67.57,0.196,1.0,2,1556230198258,1248823,262
2019-04-25 22:09:59.881,1.0,buy,149.08,ETH-28JUN19-170-P,68.1,0.19699999999999998,1.0,0,1556230199881,1248905,263
2019-04-25 22:10:00.388,1.0,buy,149.08,ETH-28JUN19-170-P,68.1,0.19699999999999998,1.0,1,1556230200388,1248922,264
2019-04-25 22:10:03.740,1.0,buy,148.79,ETH-28JUN19-170-P,67.45,0.19699999999999998,1.0,1,1556230203740,1248984,265
2019-04-25 22:10:05.552,1.0,buy,148.85,ETH-28JUN19-170-P,67.24,0.19699999999999998,1.0,1,1556230205552,1249014,266
2019-04-25 22:10:06.763,1.0,buy,148.83,ETH-28JUN19-170-P,67.45,0.19699999999999998,1.0,1,1556230206763,1249027,267
2019-04-25 22:10:15.737,1.0,buy,148.62,ETH-28JUN19-170-P,66.45,0.19699999999999998,1.0,1,1556230215737,1249169,268
2019-04-25 22:10:15.848,1.0,buy,148.62,ETH-28JUN19-170-P,66.45,0.19699999999999998,1.0,1,1556230215848,1249170,269
2019-04-25 22:10:17.401,1.0,buy,148.55,ETH-28JUN19-170-P,65.93,0.19699999999999998,1.0,1,1556230217401,1249198,270
2019-04-25 22:10:20.567,1.0,buy,148.36,ETH-28JUN19-170-P,67.59,0.20199999999999999,1.0,0,1556230220567,1249277,271
2019-04-25 22:10:22.540,1.0,buy,148.27,ETH-28JUN19-170-P,67.16,0.20199999999999999,1.0,1,1556230222540,1249284,272
2019-04-25 22:10:23.683,1.0,buy,148.12,ETH-28JUN19-170-P,69.48,0.20600000000000002,1.0,0,1556230223683,1249302,273
2019-04-25 22:10:24.360,1.0,buy,148.12,ETH-28JUN19-170-P,66.95,0.20199999999999999,1.0,2,1556230224360,1249308,274
2019-04-25 22:10:25.909,1.0,sell,148.17,ETH-28JUN19-170-P,67.9,0.204,1.0,0,1556230225909,1249325,275
2019-04-25 22:10:26.031,1.0,buy,148.17,ETH-28JUN19-170-P,66.63,0.20199999999999999,1.0,2,1556230226031,1249327,276
2019-04-25 22:10:32.151,1.0,buy,148.03,ETH-28JUN19-170-P,66.45,0.203,1.0,0,1556230232151,1249445,277
2019-04-25 22:10:32.260,1.0,buy,148.03,ETH-28JUN19-170-P,66.45,0.203,1.0,1,1556230232260,1249458,278
2019-04-25 22:10:34.919,1.0,sell,147.64,ETH-28JUN19-170-P,69.14,0.21,1.0,0,1556230234919,1249495,279
2019-04-25 22:10:34.919,1.0,sell,147.64,ETH-28JUN19-170-P,68.5,0.209,1.0,2,1556230234919,1249496,280
2019-04-25 22:10:36.690,1.0,buy,147.73,ETH-28JUN19-170-P,67.41,0.207,1.0,2,1556230236690,1249505,281
2019-04-25 22:10:36.819,1.0,buy,147.73,ETH-28JUN19-170-P,67.41,0.207,1.0,3,1556230236819,1249511,282
2019-04-25 22:10:46.765,1.0,sell,147.58,ETH-28JUN19-170-P,66.95,0.20800000000000002,1.0,0,1556230246765,1249821,283
2019-04-25 22:10:46.838,1.0,sell,147.58,ETH-28JUN19-170-P,66.95,0.20800000000000002,1.0,1,1556230246838,1249824,284
2019-04-25 22:10:48.538,1.0,sell,147.56,ETH-28JUN19-170-P,67.17,0.20800000000000002,1.0,1,1556230248538,1249875,285
2019-04-25 22:10:48.655,1.0,sell,147.56,ETH-28JUN19-170-P,67.17,0.20800000000000002,1.0,1,1556230248655,1249878,286
2019-04-25 22:10:50.503,1.0,buy,147.56,ETH-28JUN19-170-P,68.25,0.209,1.0,0,1556230250503,1249979,287
2019-04-25 22:15:54.527,1.0,sell,152.26,ETH-28JUN19-170-P,67.18,0.17600000000000002,1.0,2,1556230554527,1252945,288
2019-04-25 22:17:28.336,10.0,buy,151.33,ETH-28JUN19-170-P,67.15,0.182,10.0,0,1556230648336,1253303,289
2019-04-25 22:17:31.556,10.0,buy,151.38,ETH-28JUN19-170-P,67.3,0.182,10.0,1,1556230651556,1253329,290
2019-04-25 22:17:54.571,29.0,buy,151.07,ETH-28JUN19-170-P,67.57,0.184,29.0,0,1556230674571,1253407,291
2019-04-26 01:30:58.348,1.0,buy,151.13,ETH-28JUN19-170-P,60.23,0.16899999999999998,1.0,2,1556242258348,1263022,292
2019-04-26 02:39:00.346,1.0,sell,154.42,ETH-28JUN19-170-P,68.73,0.168,1.0,2,1556246340346,1264520,293
2019-04-26 05:32:34.238,1.0,buy,153.67,ETH-28JUN19-170-P,70.35,0.172,1.0,0,1556256754238,1268846,294
2019-04-27 09:34:25.554,19.0,buy,153.2,ETH-28JUN19-170-P,65.52,0.16399999999999998,19.0,2,1556357665554,1285350,295
2019-04-28 21:09:44.775,15.0,buy,153.67,ETH-28JUN19-170-P,64.26,0.16399999999999998,15.0,3,1556485784775,1317957,296
2019-04-30 13:03:45.095,13.0,buy,156.68,ETH-28JUN19-170-P,63.38,0.14800000000000002,13.0,2,1556629425095,1354056,297
2019-05-02 06:10:02.992,25.0,sell,158.65,ETH-28JUN19-170-P,60.79,0.135,25.0,2,1556777402992,1389683,298
2019-05-02 13:14:05.751,68.0,buy,156.39,ETH-28JUN19-170-P,62.23,0.147,68.0,0,1556802845751,1395011,299
2019-05-02 13:14:05.806,52.0,buy,156.39,ETH-28JUN19-170-P,62.23,0.147,52.0,1,1556802845806,1395016,300
2019-05-03 08:08:50.138,1.0,buy,160.61,ETH-28JUN19-170-P,73.08,0.146,1.0,2,1556870930138,1421176,301
2019-05-03 11:49:38.391,25.0,buy,166.26,ETH-28JUN19-170-P,67.21,0.114,25.0,2,1556884178391,1439600,302
2019-05-03 14:50:10.332,1.0,buy,167.02,ETH-28JUN19-170-P,62.98,0.10300000000000001,1.0,2,1556895010332,1442588,303
2019-05-06 15:57:13.557,15.0,sell,168.24,ETH-28JUN19-170-P,68.14,0.102,15.0,2,1557158233557,1517956,304
2019-05-06 16:42:14.539,15.0,sell,174.37,ETH-28JUN19-170-P,65.06,0.078,15.0,2,1557160934539,1528414,305
2019-05-06 17:42:22.108,58.0,buy,173.1,ETH-28JUN19-170-P,71.29,0.09,58.0,0,1557164542108,1531747,306
2019-05-06 20:29:44.675,25.0,buy,172.63,ETH-28JUN19-170-P,70.1,0.08900000000000001,25.0,2,1557174584675,1535710,307
2019-05-06 20:33:18.742,5.0,buy,172.77,ETH-28JUN19-170-P,70.99,0.09,5.0,0,1557174798742,1535829,308
2019-05-07 00:18:55.554,2.0,buy,177.36,ETH-28JUN19-170-P,72.04,0.078,2.0,2,1557188335554,1544012,309
2019-05-07 14:24:22.541,50.0,sell,171.21,ETH-28JUN19-170-P,72.04,0.098,50.0,0,1557239062541,1572297,310
2019-05-07 23:52:31.759,51.0,buy,166.84,ETH-28JUN19-170-P,69.17,0.10800000000000001,51.0,0,1557273151759,1593168,311
2019-05-07 23:52:32.960,47.0,buy,166.67,ETH-28JUN19-170-P,69.7,0.109,47.0,0,1557273152960,1593231,312
2019-05-07 23:52:33.176,56.0,buy,166.67,ETH-28JUN19-170-P,69.7,0.109,56.0,1,1557273153176,1593268,313
2019-05-07 23:52:33.309,35.0,buy,166.67,ETH-28JUN19-170-P,69.7,0.109,35.0,1,1557273153309,1593292,314
2019-05-07 23:52:33.332,1.0,buy,166.67,ETH-28JUN19-170-P,69.7,0.109,1.0,1,1557273153332,1593294,315
2019-05-08 00:19:25.643,7.0,buy,163.93,ETH-28JUN19-170-P,74.57,0.128,7.0,0,1557274765643,1604692,316
2019-05-08 22:33:27.786,7.0,sell,170.64,ETH-28JUN19-170-P,66.94,0.095,7.0,2,1557354807786,1633489,317
2019-05-09 00:30:13.045,60.0,buy,169.52,ETH-28JUN19-170-P,71.45,0.105,60.0,0,1557361813045,1641489,318
2019-05-09 00:56:14.887,120.0,buy,170.61,ETH-28JUN19-170-P,72.36,0.10300000000000001,120.0,2,1557363374887,1642138,319
2019-05-09 08:48:44.764,50.0,sell,170.75,ETH-28JUN19-170-P,71.92,0.10099999999999999,50.0,2,1557391724764,1654448,320
2019-05-09 12:18:14.387,1.0,sell,168.15,ETH-28JUN19-170-P,69.36,0.106,1.0,0,1557404294387,1657738,321
2019-05-09 13:15:48.195,1.0,buy,166.56,ETH-28JUN19-170-P,69.45,0.111,1.0,0,1557407748195,1659200,322
2019-05-09 23:02:12.158,50.0,sell,170.8,ETH-28JUN19-170-P,72.13,0.10099999999999999,50.0,2,1557442932158,1668288,323
2019-05-10 12:03:04.506,1.0,buy,171.94,ETH-28JUN19-170-P,69.5,0.09300000000000001,1.0,2,1557489784506,1691954,324
2019-05-10 16:46:55.189,48.0,sell,173.07,ETH-28JUN19-170-P,69.32,0.08900000000000001,48.0,2,1557506815189,1698088,325
2019-05-10 20:42:34.080,1.0,buy,170.44,ETH-28JUN19-170-P,69.47,0.098,1.0,0,1557520954080,1707662,326
2019-05-10 20:51:23.882,1.0,buy,169.45,ETH-28JUN19-170-P,70.56,0.10300000000000001,1.0,0,1557521483882,1710367,327
2019-05-11 06:28:10.550,3.0,sell,177.58,ETH-28JUN19-170-P,69.75,0.08,3.0,2,1557556090550,1734647,328
2019-05-11 13:46:10.872,15.0,sell,188.68,ETH-28JUN19-170-P,79.08,0.062,15.0,2,1557582370872,1781029,329
2019-05-11 13:48:20.431,5.0,sell,189.38,ETH-28JUN19-170-P,78.17,0.06,5.0,2,1557582500431,1781410,330
2019-05-12 00:00:58.205,4.0,buy,192.68,ETH-28JUN19-170-P,82.78,0.059000000000000004,4.0,2,1557619258205,1856701,331
2019-05-12 00:01:29.100,1.0,buy,194.43,ETH-28JUN19-170-P,83.91,0.057,1.0,2,1557619289100,1857131,332
2019-05-12 07:10:58.626,1.0,sell,200.79,ETH-28JUN19-170-P,87.92,0.053,1.0,2,1557645058626,1904339,333
2019-05-12 07:14:27.659,60.0,sell,201.93,ETH-28JUN19-170-P,83.58,0.047,60.0,2,1557645267659,1905073,334
2019-05-12 07:35:47.890,60.0,sell,202.84,ETH-28JUN19-170-P,80.1,0.042,60.0,2,1557646547890,1908299,335
2019-05-12 20:26:40.572,100.0,sell,188.25,ETH-28JUN19-170-P,75.01,0.057999999999999996,100.0,0,1557692800572,1989907,336
2019-05-13 00:13:29.702,50.0,buy,187.06,ETH-28JUN19-170-P,86.11,0.07400000000000001,50.0,0,1557706409702,2002972,337
2019-05-14 04:51:50.254,114.0,sell,211.23,ETH-28JUN19-170-P,91.42,0.039,114.0,2,1557809510254,2094403,338
2019-05-15 09:12:47.412,74.0,buy,230.01,ETH-28JUN19-170-P,95.6,0.025,74.0,2,1557911567412,2221988,339
2019-05-15 10:40:05.431,54.0,buy,234.65,ETH-28JUN19-170-P,97.91,0.024,54.0,2,1557916805431,2228834,340
2019-05-15 10:44:03.939,50.0,buy,235.01,ETH-28JUN19-170-P,96.99,0.023,50.0,2,1557917043939,2228942,341
2019-05-15 15:06:37.578,56.0,buy,231.88,ETH-28JUN19-170-P,95.73,0.024,56.0,0,1557932797578,2246231,342
2019-05-15 15:30:11.233,35.0,buy,233.66,ETH-28JUN19-170-P,94.51,0.022000000000000002,35.0,2,1557934211233,2247035,343
2019-05-15 15:32:00.278,65.0,buy,233.49,ETH-28JUN19-170-P,94.35,0.022000000000000002,65.0,3,1557934320278,2247116,344
2019-05-15 16:06:51.846,50.0,buy,240.16,ETH-28JUN19-170-P,93.69,0.018000000000000002,50.0,2,1557936411846,2252930,345
2019-05-15 16:22:12.492,39.0,buy,239.85,ETH-28JUN19-170-P,91.69,0.017,39.0,2,1557937332492,2255849,346
2019-05-15 16:27:09.311,68.0,buy,239.73,ETH-28JUN19-170-P,91.41,0.017,68.0,3,1557937629311,2256915,347
2019-05-15 16:27:10.195,2.0,buy,239.77,ETH-28JUN19-170-P,91.43,0.017,2.0,3,1557937630195,2256917,348
2019-05-15 18:13:39.315,52.0,buy,242.41,ETH-28JUN19-170-P,88.16,0.013999999999999999,52.0,2,1557944019315,2266988,349
2019-05-15 19:30:43.175,200.0,buy,241.3,ETH-28JUN19-170-P,92.63,0.017,200.0,0,1557948643175,2272843,350
2019-05-15 19:31:18.910,75.0,buy,241.71,ETH-28JUN19-170-P,93.03,0.017,75.0,1,1557948678910,2272861,351
2019-05-15 22:00:23.486,20.0,buy,241.75,ETH-28JUN19-170-P,89.85,0.015,20.0,2,1557957623486,2285581,352
2019-05-15 23:02:27.146,1.0,buy,248.3,ETH-28JUN19-170-P,93.16,0.013999999999999999,1.0,2,1557961347146,2290011,353
2019-05-15 23:17:38.780,1.0,buy,248.49,ETH-28JUN19-170-P,91.38,0.013000000000000001,1.0,2,1557962258780,2291618,354
2019-05-16 01:38:39.613,1.0,sell,266.06,ETH-28JUN19-170-P,97.01,0.01,1.0,2,1557970719613,2315078,355
2019-05-16 14:16:28.922,60.0,buy,256.01,ETH-28JUN19-170-P,92.26,0.01,60.0,3,1558016188922,2430553,356
2019-05-16 15:53:47.457,1.0,buy,271.98,ETH-28JUN19-170-P,100.51,0.009000000000000001,1.0,2,1558022027457,2451539,357
2019-05-16 15:55:47.216,1.0,buy,275.02,ETH-28JUN19-170-P,99.73,0.008,1.0,2,1558022147216,2453464,358
2019-05-16 21:29:58.311,1.0,buy,266.76,ETH-28JUN19-170-P,99.99,0.01,1.0,0,1558042198311,2540816,359
2019-05-17 03:21:48.161,5.0,buy,241.11,ETH-28JUN19-170-P,98.23,0.018000000000000002,5.0,0,1558063308161,2634860,360
2019-05-17 03:33:11.712,5.0,buy,241.43,ETH-28JUN19-170-P,103.72,0.022000000000000002,5.0,0,1558063991712,2641036,361
2019-05-17 07:59:01.048,1.0,buy,239.45,ETH-28JUN19-170-P,104.08,0.023,1.0,0,1558079941048,2692865,362
2019-05-17 12:40:31.358,20.0,sell,230.25,ETH-28JUN19-170-P,92.88,0.021,20.0,2,1558096831358,2742401,363
2019-05-18 04:48:01.643,5.0,buy,241.39,ETH-28JUN19-170-P,107.98,0.025,5.0,0,1558154881643,2882540,364
2019-05-18 11:46:10.389,1.0,sell,236.27,ETH-28JUN19-170-P,95.01,0.02,1.0,2,1558179970389,2918162,365
2019-05-18 17:12:43.381,1.0,sell,235.86,ETH-28JUN19-170-P,96.73,0.021,1.0,0,1558199563381,2938007,366
2019-05-19 05:09:33.681,10.0,sell,253.97,ETH-28JUN19-170-P,98.09,0.013000000000000001,10.0,2,1558242573681,2999115,367
2019-05-19 05:28:56.444,76.0,sell,253.93,ETH-28JUN19-170-P,97.93,0.013000000000000001,76.0,3,1558243736444,3000622,368
2019-05-20 01:15:22.830,66.0,sell,250.64,ETH-28JUN19-170-P,95.63,0.012,66.0,2,1558314922830,3090831,369
2019-05-20 02:00:08.199,2.0,buy,250.62,ETH-28JUN19-170-P,99.78,0.013999999999999999,2.0,0,1558317608199,3092540,370
2019-05-20 07:45:20.260,15.0,sell,249.92,ETH-28JUN19-170-P,90.75,0.01,15.0,2,1558338320260,3114093,371
2019-05-21 00:47:38.056,200.0,sell,253.88,ETH-28JUN19-170-P,101.82,0.013,200.0,0,1558399658056,3186554,372
2019-05-23 00:59:19.886,10.0,buy,243.05,ETH-28JUN19-170-P,91.23,0.011,10.0,2,1558573159886,3351585,373
2019-05-23 01:02:18.002,60.0,buy,243.28,ETH-28JUN19-170-P,91.37,0.011000000000000001,60.0,3,1558573338002,3351698,374
2019-05-23 04:37:31.594,80.0,buy,243.28,ETH-28JUN19-170-P,91.06,0.011000000000000001,80.0,3,1558586251594,3359182,375
2019-05-23 04:37:35.271,3.0,buy,243.18,ETH-28JUN19-170-P,91.0,0.011,3.0,3,1558586255271,3359183,376
2019-05-23 05:35:24.523,20.0,buy,240.08,ETH-28JUN19-170-P,90.85,0.012,20.0,0,1558589724523,3361528,377
2019-05-23 08:33:59.854,50.0,buy,233.36,ETH-28JUN19-170-P,95.58,0.018000000000000002,50.0,0,1558600439854,3377554,378
2019-05-23 08:35:26.114,50.0,buy,232.87,ETH-28JUN19-170-P,95.17,0.018000000000000002,50.0,1,1558600526114,3377661,379
2019-05-23 18:14:46.739,50.0,buy,240.21,ETH-28JUN19-170-P,94.1,0.013999999999999999,50.0,2,1558635286739,3411702,380
2019-05-27 04:06:57.289,120.0,buy,269.29,ETH-28JUN19-170-P,97.02,0.004,120.0,2,1558930017289,3651969,381
2019-05-27 09:44:09.822,200.0,buy,268.35,ETH-28JUN19-170-P,118.15,0.01,200.0,0,1558950249822,3664571,382
2019-05-27 09:44:09.822,60.0,buy,268.35,ETH-28JUN19-170-P,123.73,0.012,60.0,0,1558950249822,3664572,383
2019-05-27 09:44:37.556,150.0,buy,268.3,ETH-28JUN19-170-P,120.93,0.011,150.0,2,1558950277556,3664580,384
2019-05-27 09:44:37.559,69.0,sell,268.3,ETH-28JUN19-170-P,120.93,0.011,69.0,3,1558950277559,3664581,385
2019-05-27 09:44:54.864,131.0,sell,268.26,ETH-28JUN19-170-P,120.93,0.011,131.0,3,1558950294864,3664611,386
2019-05-27 10:44:29.685,150.0,sell,267.71,ETH-28JUN19-170-P,111.41,0.008,150.0,3,1558953869685,3666932,388
2019-05-27 10:44:29.685,200.0,sell,267.71,ETH-28JUN19-170-P,111.41,0.008,200.0,2,1558953869685,3666931,387
2019-05-28 00:23:39.411,5.0,sell,271.42,ETH-28JUN19-170-P,104.17,0.005,5.0,2,1559003019411,3726680,389
2019-05-28 17:09:48.743,15.0,sell,271.21,ETH-28JUN19-170-P,104.3,0.005,15.0,3,1559063388743,3771510,390
2019-05-28 18:18:30.336,9.0,sell,273.14,ETH-28JUN19-170-P,101.27,0.004,9.0,2,1559067510336,3777356,391
2019-05-28 18:18:30.336,141.0,sell,273.14,ETH-28JUN19-170-P,101.27,0.004,141.0,3,1559067510336,3777357,392
2019-05-28 22:28:45.415,2.0,buy,272.87,ETH-28JUN19-170-P,113.25,0.006999999999999999,2.0,0,1559082525415,3787409,393
2019-05-29 07:40:59.139,100.0,sell,265.15,ETH-28JUN19-170-P,89.37,0.003,100.0,2,1559115659139,3818998,394
2019-05-29 07:40:59.139,200.0,sell,265.15,ETH-28JUN19-170-P,89.37,0.003,200.0,3,1559115659139,3818999,395
2019-05-29 07:40:59.139,300.0,sell,265.15,ETH-28JUN19-170-P,89.37,0.003,300.0,3,1559115659139,3819000,396
2019-05-30 13:26:59.689,2.0,buy,284.3,ETH-28JUN19-170-P,110.96,0.004,2.0,0,1559222819689,3920319,397
2019-05-30 14:36:57.331,1.0,sell,283.33,ETH-28JUN19-170-P,104.5,0.003,1.0,2,1559227017331,3922681,398
2019-05-30 15:59:12.929,1.0,sell,286.69,ETH-28JUN19-170-P,99.47,0.002,1.0,2,1559231952929,3927132,399
2019-05-30 21:13:44.451,29.0,sell,262.82,ETH-28JUN19-170-P,100.17,0.005,29.0,0,1559250824451,3976074,400
2019-06-05 12:16:46.836,240.0,sell,245.05,ETH-28JUN19-170-P,99.35,0.006,240.0,0,1559737006836,4391370,401
2019-06-05 12:16:46.836,150.0,sell,245.05,ETH-28JUN19-170-P,99.35,0.006,150.0,1,1559737006836,4391371,402
2019-06-10 02:38:19.638,5.0,buy,234.08,ETH-28JUN19-170-P,94.18,0.005,5.0,2,1560134299638,4578295,403
2019-06-10 02:38:42.422,3.0,buy,234.01,ETH-28JUN19-170-P,94.11,0.005,3.0,3,1560134322422,4578305,404
2019-06-10 09:20:28.866,300.0,sell,236.23,ETH-28JUN19-170-P,80.99,0.002,300.0,2,1560158428866,4583611,405
2019-06-11 07:24:43.215,100.0,sell,245.3,ETH-28JUN19-170-P,82.39,0.001,100.0,2,1560237883215,4619067,406
2019-06-11 07:24:53.307,28.0,sell,245.2,ETH-28JUN19-170-P,82.33,0.001,28.0,3,1560237893307,4619070,407
2019-06-11 19:25:30.957,200.0,sell,243.0,ETH-28JUN19-170-P,81.25,0.001,200.0,3,1560281130957,4649413,408
2019-06-13 20:30:05.676,1.0,buy,259.52,ETH-28JUN19-170-P,101.1,0.001,1.0,3,1560457805676,4722797,409
