date_utc,amount,direction,indexPrice,instrument,iv,price,quantity,tickDirection,timeStamp,tradeId,tradeSeq
2019-04-03 01:19:38.990,1.0,buy,4951.35,BTC-12APR19-5500-C,80.06,0.0155,1.0,1,1554254378990,17164940,1
2019-04-03 01:49:35.950,24.0,buy,4970.26,BTC-12APR19-5500-C,83.58,0.018000000000000002,24.0,0,1554256175950,17166022,2
2019-04-03 02:33:35.319,0.4,sell,5007.11,BTC-12APR19-5500-C,87.12,0.0215,0.4,0,1554258815319,17170724,3
2019-04-03 04:17:30.224,1.0,buy,4961.87,BTC-12APR19-5500-C,92.7,0.022,1.0,0,1554265050224,17182431,4
2019-04-03 08:32:27.961,2.0,buy,4932.22,BTC-12APR19-5500-C,90.42,0.019,2.0,2,1554280347961,17192140,5
2019-04-03 12:35:02.732,1.0,buy,5001.13,BTC-12APR19-5500-C,82.79,0.018000000000000002,1.0,2,1554294902732,17198604,6
2019-04-03 13:46:39.349,0.2,buy,5039.78,BTC-12APR19-5500-C,86.22,0.0215,0.2,0,1554299199349,17201613,7
2019-04-03 16:43:52.792,1.0,buy,5113.01,BTC-12APR19-5500-C,90.57,0.0275,1.0,0,1554309832792,17213724,8
2019-04-03 17:04:53.869,0.2,sell,5163.17,BTC-12APR19-5500-C,83.54,0.0265,0.2,2,1554311093869,17215996,9
2019-04-03 17:09:51.110,1.0,buy,5148.33,BTC-12APR19-5500-C,90.48,0.0295,1.0,0,1554311391110,17216894,10
2019-04-03 19:51:11.348,2.0,sell,5132.89,BTC-12APR19-5500-C,86.42,0.026,2.0,2,1554321071348,17227401,11
2019-04-03 21:02:31.102,1.0,sell,5323.69,BTC-12APR19-5500-C,85.8,0.038,1.0,0,1554325351102,17238540,12
2019-04-03 21:31:24.987,1.0,sell,5332.23,BTC-12APR19-5500-C,84.01,0.0375,1.0,2,1554327084987,17241427,13
2019-04-03 21:34:27.845,2.0,sell,5333.24,BTC-12APR19-5500-C,83.06,0.037000000000000005,2.0,2,1554327267845,17241590,14
2019-04-03 23:06:29.896,0.4,sell,4867.11,BTC-12APR19-5500-C,95.45,0.017,0.4,2,1554332789896,17262798,15
2019-04-04 01:20:42.287,1.0,sell,5058.33,BTC-12APR19-5500-C,87.8,0.022,1.0,0,1554340842287,17283296,16
2019-04-04 02:56:21.825,20.0,sell,5021.02,BTC-12APR19-5500-C,81.72,0.017,20.0,2,1554346581825,17288357,17
2019-04-04 11:32:35.915,2.0,buy,4956.78,BTC-12APR19-5500-C,84.21,0.0145,2.0,2,1554377555915,17304147,18
2019-04-04 14:12:25.983,24.0,sell,5033.91,BTC-12APR19-5500-C,79.6,0.0155,24.0,0,1554387145983,17309396,19
2019-04-04 14:34:39.130,0.1,sell,5030.8,BTC-12APR19-5500-C,78.87,0.015,0.1,2,1554388479130,17310064,20
2019-04-04 15:30:12.895,0.2,sell,4954.48,BTC-12APR19-5500-C,79.31,0.012,0.2,2,1554391812895,17312186,21
2019-04-04 17:54:41.942,0.1,sell,4916.39,BTC-12APR19-5500-C,83.38,0.012,0.1,3,1554400481942,17318471,22
2019-04-04 18:33:36.548,0.9,sell,4853.84,BTC-12APR19-5500-C,81.04,0.009000000000000001,0.9,3,1554402816548,17324071,24
2019-04-04 18:33:36.548,0.1,sell,4853.84,BTC-12APR19-5500-C,81.04,0.009000000000000001,0.1,2,1554402816548,17324070,23
2019-04-04 20:10:40.027,3.1,buy,4796.01,BTC-12APR19-5500-C,86.49,0.009000000000000001,3.1,3,1554408640027,17330898,25
2019-04-04 20:50:26.011,0.6,buy,4827.17,BTC-12APR19-5500-C,82.41,0.0085,0.6,2,1554411026011,17333876,26
2019-04-04 20:51:10.797,0.3,buy,4834.0,BTC-12APR19-5500-C,83.31,0.009000000000000001,0.3,0,1554411070797,17333946,27
2019-04-04 21:57:09.018,3.3000000000000003,sell,4926.85,BTC-12APR19-5500-C,75.3,0.009000000000000001,3.3000000000000003,1,1554415029018,17338491,28
2019-04-05 03:04:20.971,58.0,buy,4925.17,BTC-12APR19-5500-C,83.41,0.0115,58.0,0,1554433460971,17346026,29
2019-04-05 08:00:44.634,5.0,sell,4940.08,BTC-12APR19-5500-C,81.86,0.011,5.0,2,1554451244634,17354624,30
2019-04-05 08:04:42.537,1.0,sell,4948.95,BTC-12APR19-5500-C,83.67,0.012,1.0,0,1554451482537,17354886,31
2019-04-05 08:06:16.344,2.0,sell,4960.21,BTC-12APR19-5500-C,82.58,0.012,2.0,1,1554451576344,17354952,32
2019-04-05 08:08:35.685,3.0,sell,4957.54,BTC-12APR19-5500-C,82.85,0.012,3.0,1,1554451715685,17355032,33
2019-04-05 08:24:43.741,1.0,buy,4970.82,BTC-12APR19-5500-C,87.89,0.0145,1.0,0,1554452683741,17355671,34
2019-04-05 10:19:25.482,3.7,buy,4960.07,BTC-12APR19-5500-C,81.83,0.0115,3.7,2,1554459565482,17357614,35
2019-04-05 10:20:22.679,24.0,sell,4959.6,BTC-12APR19-5500-C,80.55,0.011000000000000001,24.0,2,1554459622679,17357624,36
2019-04-05 11:24:48.063,0.5,buy,4981.16,BTC-12APR19-5500-C,82.63,0.0125,0.5,0,1554463488063,17358712,37
2019-04-05 11:27:24.534,9.5,buy,4990.38,BTC-12APR19-5500-C,84.23,0.0135,9.5,0,1554463644534,17358777,38
2019-04-05 13:36:23.152,3.0,sell,4995.92,BTC-12APR19-5500-C,79.11,0.0115,3.0,2,1554471383152,17365882,39
2019-04-05 15:09:48.622,1.0,sell,4986.94,BTC-12APR19-5500-C,80.39,0.0115,1.0,3,1554476988622,17369491,40
2019-04-05 15:10:35.645,1.0,sell,4982.84,BTC-12APR19-5500-C,80.8,0.0115,1.0,3,1554477035645,17369540,41
2019-04-05 15:11:04.038,1.0,sell,4981.52,BTC-12APR19-5500-C,80.93,0.0115,1.0,3,1554477064038,17369548,42
2019-04-05 15:13:35.093,4.0,sell,4977.04,BTC-12APR19-5500-C,81.39,0.0115,4.0,3,1554477215093,17369663,43
2019-04-05 16:37:26.310,1.0,buy,5016.62,BTC-12APR19-5500-C,84.12,0.013999999999999999,1.0,0,1554482246310,17372970,44
2019-04-05 20:03:44.549,4.0,buy,5022.05,BTC-12APR19-5500-C,83.22,0.0135,4.0,2,1554494624549,17380248,45
2019-04-05 20:44:37.409,24.0,sell,5008.81,BTC-12APR19-5500-C,79.6,0.0115,24.0,2,1554497077409,17382376,46
2019-04-05 22:27:08.109,0.5,sell,5025.21,BTC-12APR19-5500-C,75.68,0.0105,0.5,2,1554503228109,17384553,47
2019-04-05 23:10:20.263,0.5,buy,5041.38,BTC-12APR19-5500-C,79.47,0.0125,0.5,0,1554505820263,17385207,48
2019-04-06 14:34:03.928,0.1,buy,5009.63,BTC-12APR19-5500-C,83.1,0.011,0.1,2,1554561243928,17395377,49
2019-04-06 16:01:15.299,0.2,buy,5167.38,BTC-12APR19-5500-C,72.45,0.0135,0.2,0,1554566475299,17402763,50
2019-04-06 16:01:20.945,0.1,buy,5171.42,BTC-12APR19-5500-C,74.43,0.0145,0.1,0,1554566480945,17402862,51
2019-04-06 17:17:18.981,0.6,sell,5145.88,BTC-12APR19-5500-C,72.78,0.0125,0.6,2,1554571038981,17412395,52
2019-04-06 21:40:27.966,0.9,buy,5020.83,BTC-12APR19-5500-C,81.14,0.01,0.9,2,1554586827966,17433942,53
2019-04-06 21:40:27.966,0.1,buy,5020.83,BTC-12APR19-5500-C,81.14,0.01,0.1,3,1554586827966,17433943,54
2019-04-06 22:12:28.556,5.0,buy,5015.62,BTC-12APR19-5500-C,81.87,0.01,5.0,3,1554588748556,17439216,55
2019-04-07 01:51:51.192,3.0,sell,5050.6,BTC-12APR19-5500-C,79.17,0.01,3.0,3,1554601911192,17448681,56
2019-04-07 02:52:30.787,1.0,buy,5083.15,BTC-12APR19-5500-C,78.73,0.011,1.0,0,1554605550787,17449721,57
2019-04-07 10:28:41.010,0.1,buy,5141.44,BTC-12APR19-5500-C,81.2,0.0135,0.1,0,1554632921010,17463823,58
2019-04-07 10:28:58.589,0.4,buy,5143.51,BTC-12APR19-5500-C,83.63,0.0145,0.4,0,1554632938589,17463831,59
2019-04-07 12:05:12.333,0.1,buy,5123.02,BTC-12APR19-5500-C,88.16,0.015,0.1,0,1554638712333,17466272,60
2019-04-07 15:14:21.520,24.0,buy,5144.63,BTC-12APR19-5500-C,87.92,0.0155,24.0,0,1554650061520,17468921,61
2019-04-07 16:08:57.357,0.3,sell,5080.57,BTC-12APR19-5500-C,86.59,0.012,0.3,2,1554653337357,17470971,62
2019-04-07 16:23:56.962,0.5,buy,5081.18,BTC-12APR19-5500-C,86.61,0.012,0.5,3,1554654236962,17472530,63
2019-04-07 16:23:56.962,0.5,buy,5081.18,BTC-12APR19-5500-C,88.09,0.0125,0.5,0,1554654236962,17472531,64
2019-04-07 16:45:39.846,2.5,buy,5099.37,BTC-12APR19-5500-C,85.96,0.0125,2.5,0,1554655539846,17473813,66
2019-04-07 16:45:39.846,0.5,buy,5099.37,BTC-12APR19-5500-C,84.5,0.012,0.5,2,1554655539846,17473812,65
2019-04-07 20:19:33.500,0.1,buy,5156.69,BTC-12APR19-5500-C,80.01,0.0125,0.1,1,1554668373500,17479233,67
2019-04-07 22:26:21.576,0.1,buy,5193.64,BTC-12APR19-5500-C,77.3,0.013000000000000001,0.1,0,1554675981576,17483753,68
2019-04-07 22:26:31.388,0.1,buy,5199.46,BTC-12APR19-5500-C,77.91,0.0135,0.1,0,1554675991388,17483851,69
2019-04-07 22:39:24.780,0.1,buy,5215.86,BTC-12APR19-5500-C,77.11,0.013999999999999999,0.1,0,1554676764780,17485558,70
2019-04-08 00:03:34.293,0.4,sell,5172.03,BTC-12APR19-5500-C,76.49,0.0115,0.4,2,1554681814293,17495941,71
2019-04-08 00:38:44.259,2.0,buy,5252.03,BTC-12APR19-5500-C,79.36,0.0165,2.0,0,1554683924259,17497699,72
2019-04-08 00:39:32.885,0.1,buy,5246.3,BTC-12APR19-5500-C,85.38,0.0185,0.1,0,1554683972885,17497954,73
2019-04-08 00:50:37.616,4.9,sell,5224.9,BTC-12APR19-5500-C,86.01,0.0175,4.9,2,1554684637616,17498673,74
2019-04-08 01:06:38.072,0.1,buy,5285.19,BTC-12APR19-5500-C,85.97,0.021,0.1,0,1554685598072,17500376,76
2019-04-08 01:06:38.072,0.5,buy,5285.19,BTC-12APR19-5500-C,84.73,0.0205,0.5,0,1554685598072,17500375,75
2019-04-08 01:16:09.827,3.8,sell,5297.44,BTC-12APR19-5500-C,81.64,0.02,3.8,2,1554686169827,17501874,77
2019-04-08 01:16:09.829,0.2,buy,5297.44,BTC-12APR19-5500-C,81.64,0.02,0.2,3,1554686169829,17501875,78
2019-04-08 02:44:48.446,6.0,buy,5303.5,BTC-12APR19-5500-C,85.01,0.0215,6.0,0,1554691488446,17508074,79
2019-04-08 02:52:39.856,2.0,buy,5286.16,BTC-12APR19-5500-C,85.31,0.0205,2.0,2,1554691959856,17508555,80
2019-04-08 03:39:24.000,3.0,sell,5275.97,BTC-12APR19-5500-C,80.84,0.018000000000000002,3.0,2,1554694764000,17510440,81
2019-04-08 05:05:20.685,0.1,buy,5303.98,BTC-12APR19-5500-C,84.68,0.021,0.1,0,1554699920685,17513540,82
2019-04-08 06:17:08.646,1.0,buy,5283.93,BTC-12APR19-5500-C,88.42,0.021,1.0,1,1554704228646,17514876,83
2019-04-08 10:58:04.906,0.3,sell,5207.35,BTC-12APR19-5500-C,86.18,0.015,0.3,2,1554721084906,17524352,84
2019-04-08 11:42:32.863,0.2,sell,5177.04,BTC-12APR19-5500-C,82.02,0.012,0.2,2,1554723752863,17528164,85
2019-04-08 11:42:32.863,1.8,sell,5177.04,BTC-12APR19-5500-C,82.02,0.012,1.8,3,1554723752863,17528165,86
2019-04-08 11:51:40.420,2.0,sell,5147.52,BTC-12APR19-5500-C,83.05,0.011,2.0,2,1554724300420,17528488,87
2019-04-08 12:24:53.513,1.0,sell,5182.45,BTC-12APR19-5500-C,83.09,0.0125,1.0,0,1554726293513,17529920,88
2019-04-08 12:26:35.439,1.0,sell,5181.78,BTC-12APR19-5500-C,81.67,0.012,1.0,2,1554726395439,17529964,89
2019-04-08 12:35:01.403,1.5,sell,5180.9,BTC-12APR19-5500-C,81.86,0.012,1.5,3,1554726901403,17530287,90
2019-04-08 12:35:01.409,1.3,sell,5180.9,BTC-12APR19-5500-C,81.86,0.012,1.3,3,1554726901409,17530288,91
2019-04-08 12:46:41.005,0.4,buy,5183.46,BTC-12APR19-5500-C,81.59,0.012,0.4,3,1554727601005,17530542,97
2019-04-08 12:46:41.005,2.0,buy,5183.46,BTC-12APR19-5500-C,81.59,0.012,2.0,3,1554727601005,17530545,100
2019-04-08 12:46:41.005,0.8,buy,5183.46,BTC-12APR19-5500-C,81.59,0.012,0.8,3,1554727601005,17530543,98
2019-04-08 12:46:41.005,4.9,buy,5183.46,BTC-12APR19-5500-C,81.59,0.012,4.9,3,1554727601005,17530544,99
2019-04-08 12:46:41.005,0.4,buy,5183.46,BTC-12APR19-5500-C,81.59,0.012,0.4,3,1554727601005,17530546,101
2019-04-08 12:46:41.005,1.4,buy,5183.46,BTC-12APR19-5500-C,81.59,0.012,1.4,3,1554727601005,17530541,96
2019-04-08 12:46:41.005,1.7,buy,5183.46,BTC-12APR19-5500-C,81.59,0.012,1.7,3,1554727601005,17530538,93
2019-04-08 12:46:41.005,1.0,buy,5183.46,BTC-12APR19-5500-C,81.59,0.012,1.0,3,1554727601005,17530537,92
2019-04-08 12:46:41.005,2.0,buy,5183.46,BTC-12APR19-5500-C,81.59,0.012,2.0,3,1554727601005,17530539,94
2019-04-08 12:46:41.005,1.4,buy,5183.46,BTC-12APR19-5500-C,81.59,0.012,1.4,3,1554727601005,17530540,95
2019-04-08 12:46:43.074,3.0,buy,5183.67,BTC-12APR19-5500-C,81.56,0.012,3.0,3,1554727603074,17530548,102
2019-04-08 12:46:43.074,0.3,buy,5183.67,BTC-12APR19-5500-C,81.56,0.012,0.3,3,1554727603074,17530550,104
2019-04-08 12:46:43.074,1.2,buy,5183.67,BTC-12APR19-5500-C,81.56,0.012,1.2,3,1554727603074,17530549,103
2019-04-08 14:01:40.585,5.0,sell,5185.84,BTC-12APR19-5500-C,84.87,0.013,5.0,0,1554732100585,17532060,105
2019-04-08 14:02:04.134,5.0,sell,5186.72,BTC-12APR19-5500-C,84.75,0.013,5.0,1,1554732124134,17532082,106
2019-04-08 14:55:48.682,0.5,sell,5238.01,BTC-12APR19-5500-C,79.06,0.0135,0.5,0,1554735348682,17533487,107
2019-04-08 15:46:24.043,0.1,sell,5225.57,BTC-12APR19-5500-C,81.31,0.0135,0.1,1,1554738384043,17534947,108
2019-04-08 19:03:54.427,0.6,buy,5196.21,BTC-12APR19-5500-C,84.24,0.0125,0.6,2,1554750234427,17539382,109
2019-04-08 21:34:02.576,0.4,sell,5266.06,BTC-12APR19-5500-C,80.71,0.0145,0.4,0,1554759242576,17544210,110
2019-04-08 22:22:02.483,0.2,buy,5287.89,BTC-12APR19-5500-C,83.32,0.0165,0.2,0,1554762122483,17545712,111
2019-04-08 22:28:39.228,3.4,buy,5284.29,BTC-12APR19-5500-C,82.54,0.016,3.4,2,1554762519228,17545945,112
2019-04-08 22:37:57.726,2.1,buy,5306.81,BTC-12APR19-5500-C,83.08,0.0175,2.1,0,1554763077726,17546746,114
2019-04-08 22:37:57.726,5.0,buy,5306.81,BTC-12APR19-5500-C,81.66,0.017,5.0,0,1554763077726,17546745,113
2019-04-09 01:46:00.870,0.5,sell,5271.23,BTC-12APR19-5500-C,83.49,0.015,0.5,2,1554774360870,17553739,115
2019-04-09 02:18:12.810,10.0,sell,5278.23,BTC-12APR19-5500-C,78.06,0.0135,10.0,2,1554776292810,17554303,116
2019-04-09 02:49:33.487,0.6,sell,5265.64,BTC-12APR19-5500-C,81.95,0.014,0.6,0,1554778173487,17554628,117
2019-04-09 04:37:50.688,0.6,buy,5228.35,BTC-12APR19-5500-C,84.3,0.0125,0.6,3,1554784670688,17557794,119
2019-04-09 04:37:50.688,0.2,buy,5228.35,BTC-12APR19-5500-C,84.3,0.0125,0.2,2,1554784670688,17557793,118
2019-04-09 05:35:51.680,3.0,sell,5175.7,BTC-12APR19-5500-C,82.76,0.0095,3.0,2,1554788151680,17560196,120
2019-04-09 05:45:11.532,1.0,buy,5186.35,BTC-12APR19-5500-C,84.79,0.0105,1.0,0,1554788711532,17561602,121
2019-04-09 06:07:11.273,0.1,buy,5223.77,BTC-12APR19-5500-C,85.88,0.0125,0.1,0,1554790031273,17562480,122
2019-04-09 06:30:11.486,0.1,sell,5230.26,BTC-12APR19-5500-C,74.9,0.0095,0.1,2,1554791411486,17562853,123
2019-04-09 09:13:56.576,10.0,buy,5224.2,BTC-12APR19-5500-C,77.29,0.0095,10.0,3,1554801236576,17566152,124
2019-04-09 10:13:19.549,10.0,sell,5170.1,BTC-12APR19-5500-C,76.53,0.006999999999999999,10.0,2,1554804799549,17568704,125
2019-04-09 10:13:38.124,10.0,sell,5173.6,BTC-12APR19-5500-C,69.65,0.0055,10.0,2,1554804818124,17568763,127
2019-04-09 10:13:38.124,15.9,sell,5173.6,BTC-12APR19-5500-C,69.65,0.0055,15.9,3,1554804818124,17568765,129
2019-04-09 10:13:38.124,4.8,sell,5173.6,BTC-12APR19-5500-C,69.65,0.0055,4.8,3,1554804818124,17568764,128
2019-04-09 10:13:38.124,0.1,sell,5173.6,BTC-12APR19-5500-C,71.83,0.006,0.1,2,1554804818124,17568762,126
2019-04-09 10:13:45.967,10.0,sell,5172.22,BTC-12APR19-5500-C,67.59,0.005,10.0,2,1554804825967,17568767,130
2019-04-09 10:13:45.967,7.2,sell,5172.22,BTC-12APR19-5500-C,67.59,0.005,7.2,3,1554804825967,17568768,131
2019-04-09 11:33:41.439,0.2,buy,5204.2,BTC-12APR19-5500-C,68.08,0.006,0.2,0,1554809621439,17571850,132
2019-04-09 11:34:07.332,0.4,sell,5205.18,BTC-12APR19-5500-C,65.8,0.0055,0.4,2,1554809647332,17571858,133
2019-04-09 14:45:41.248,1.0,buy,5204.37,BTC-12APR19-5500-C,73.91,0.006999999999999999,1.0,0,1554821141248,17576734,134
2019-04-09 15:33:53.140,2.0,sell,5220.96,BTC-12APR19-5500-C,69.72,0.0065,2.0,2,1554824033140,17577595,135
2019-04-09 15:42:17.583,0.1,buy,5210.18,BTC-12APR19-5500-C,75.58,0.0075,0.1,0,1554824537583,17577659,136
2019-04-09 17:28:30.688,0.8,sell,5221.61,BTC-12APR19-5500-C,66.35,0.0055,0.8,2,1554830910688,17578552,137
2019-04-09 18:34:51.942,3.0,sell,5216.05,BTC-12APR19-5500-C,67.8,0.0055,3.0,3,1554834891942,17579911,138
2019-04-09 19:33:37.248,10.0,sell,5211.74,BTC-12APR19-5500-C,61.8,0.004,10.0,2,1554838417248,17580448,139
2019-04-09 19:33:37.250,10.0,buy,5211.74,BTC-12APR19-5500-C,61.8,0.004,10.0,3,1554838417250,17580449,140
2019-04-09 19:41:46.860,0.4,buy,5213.56,BTC-12APR19-5500-C,66.49,0.005,0.4,0,1554838906860,17580526,141
2019-04-09 19:42:29.615,0.2,buy,5213.29,BTC-12APR19-5500-C,68.85,0.0055,0.2,0,1554838949615,17580530,143
2019-04-09 19:42:29.615,0.4,buy,5213.29,BTC-12APR19-5500-C,64.14,0.0045,0.4,2,1554838949615,17580529,142
2019-04-09 19:43:45.664,0.4,buy,5213.13,BTC-12APR19-5500-C,66.58,0.005,0.4,2,1554839025664,17580532,144
2019-04-09 20:44:45.106,10.0,buy,5234.53,BTC-12APR19-5500-C,66.13,0.0055,10.0,0,1554842685106,17581702,145
2019-04-09 22:03:16.129,0.6,buy,5208.54,BTC-12APR19-5500-C,66.15,0.0045,0.6,2,1554847396129,17582679,146
2019-04-09 22:13:17.813,5.5,buy,5197.81,BTC-12APR19-5500-C,65.27,0.004,5.5,2,1554847997813,17582998,147
2019-04-09 22:15:48.396,0.1,sell,5196.51,BTC-12APR19-5500-C,62.78,0.0035,0.1,2,1554848148396,17583159,148
2019-04-09 22:38:22.686,0.2,sell,5195.74,BTC-12APR19-5500-C,63.09,0.0035,0.2,3,1554849502686,17583554,150
2019-04-09 22:38:22.686,0.9,sell,5195.74,BTC-12APR19-5500-C,63.09,0.0035,0.9,3,1554849502686,17583553,149
2019-04-09 23:20:46.600,5.0,sell,5205.38,BTC-12APR19-5500-C,67.38,0.0045,5.0,0,1554852046600,17586363,151
2019-04-09 23:57:13.197,5.0,buy,5194.27,BTC-12APR19-5500-C,69.45,0.0045,5.0,1,1554854233197,17587009,152
2019-04-10 08:45:32.006,5.3,sell,5241.43,BTC-12APR19-5500-C,62.13,0.0035,5.3,2,1554885932006,17595650,153
2019-04-10 09:37:31.847,0.1,buy,5252.49,BTC-12APR19-5500-C,66.4,0.0045,0.1,0,1554889051847,17595966,154
2019-04-10 09:37:31.847,9.9,buy,5252.49,BTC-12APR19-5500-C,66.4,0.0045,9.9,1,1554889051847,17595967,155
2019-04-10 13:08:02.771,0.2,buy,5267.22,BTC-12APR19-5500-C,63.64,0.004,0.2,2,1554901682771,17600140,156
2019-04-10 13:22:33.702,0.2,buy,5266.22,BTC-12APR19-5500-C,64.0,0.004,0.2,3,1554902553702,17600533,157
2019-04-10 15:02:40.818,0.2,sell,5270.64,BTC-12APR19-5500-C,61.56,0.0035,0.2,2,1554908560818,17602267,158
2019-04-10 17:39:31.285,4.8,sell,5289.67,BTC-12APR19-5500-C,63.01,0.004,4.8,0,1554917971285,17606004,159
2019-04-10 17:50:35.471,1.0,buy,5293.91,BTC-12APR19-5500-C,65.17,0.0045,1.0,0,1554918635471,17606252,160
2019-04-10 17:54:35.881,2.0,buy,5316.16,BTC-12APR19-5500-C,63.44,0.005,2.0,0,1554918875881,17607133,161
2019-04-10 17:54:46.267,2.4,buy,5314.7,BTC-12APR19-5500-C,63.74,0.005,2.4,1,1554918886267,17607158,162
2019-04-10 18:24:00.372,1.0,buy,5319.25,BTC-12APR19-5500-C,63.21,0.005,1.0,1,1554920640372,17610132,163
2019-04-10 18:26:20.470,4.2,sell,5325.76,BTC-12APR19-5500-C,61.89,0.005,4.2,1,1554920780470,17610238,164
2019-04-10 18:26:20.470,0.4,sell,5325.76,BTC-12APR19-5500-C,61.89,0.005,0.4,1,1554920780470,17610239,165
2019-04-10 18:31:26.384,8.2,sell,5352.04,BTC-12APR19-5500-C,61.27,0.006,8.2,0,1554921086384,17611718,166
2019-04-10 18:31:52.646,10.0,buy,5378.31,BTC-12APR19-5500-C,62.12,0.0075,10.0,0,1554921112646,17612476,167
2019-04-10 18:32:03.935,1.0,buy,5389.02,BTC-12APR19-5500-C,63.86,0.0085,1.0,0,1554921123935,17612804,168
2019-04-10 18:32:13.627,2.0,sell,5396.5,BTC-12APR19-5500-C,66.21,0.0095,2.0,0,1554921133627,17612995,169
2019-04-10 18:32:47.073,1.0,buy,5419.96,BTC-12APR19-5500-C,66.21,0.011000000000000001,1.0,0,1554921167073,17613576,170
2019-04-10 18:32:47.163,5.0,sell,5419.96,BTC-12APR19-5500-C,64.19,0.0105,5.0,2,1554921167163,17613579,171
2019-04-10 18:33:54.051,0.4,buy,5433.82,BTC-12APR19-5500-C,64.4,0.0115,0.4,0,1554921234051,17614770,172
2019-04-10 18:34:25.770,1.0,buy,5456.74,BTC-12APR19-5500-C,59.76,0.012,1.0,0,1554921265770,17615283,173
2019-04-10 18:44:41.680,2.0,sell,5394.97,BTC-12APR19-5500-C,58.27,0.0075,2.0,2,1554921881680,17619956,174
2019-04-10 18:48:52.764,5.0,sell,5402.34,BTC-12APR19-5500-C,60.76,0.0085,5.0,0,1554922132764,17621296,175
2019-04-10 18:49:18.519,0.1,sell,5410.74,BTC-12APR19-5500-C,60.7,0.009000000000000001,0.1,0,1554922158519,17621429,176
2019-04-10 19:03:05.649,1.0,buy,5416.33,BTC-12APR19-5500-C,65.6,0.0105,1.0,0,1554922985649,17622589,177
2019-04-10 19:11:23.385,1.0,buy,5407.97,BTC-12APR19-5500-C,67.96,0.0105,1.0,1,1554923483385,17623118,178
2019-04-10 19:14:23.989,0.2,sell,5405.23,BTC-12APR19-5500-C,64.57,0.0095,0.2,2,1554923663989,17623284,179
2019-04-10 19:14:24.890,0.2,sell,5405.23,BTC-12APR19-5500-C,64.57,0.0095,0.2,3,1554923664890,17623286,180
2019-04-10 19:14:24.952,0.2,sell,5405.23,BTC-12APR19-5500-C,64.57,0.0095,0.2,3,1554923664952,17623288,181
2019-04-10 19:14:25.122,0.2,sell,5405.23,BTC-12APR19-5500-C,64.57,0.0095,0.2,3,1554923665122,17623290,182
2019-04-10 19:17:43.105,1.0,buy,5393.92,BTC-12APR19-5500-C,63.29,0.0085,1.0,2,1554923863105,17623874,183
2019-04-10 19:21:38.199,2.8000000000000003,buy,5384.84,BTC-12APR19-5500-C,61.24,0.0075,2.8000000000000003,2,1554924098199,17624329,184
2019-04-10 19:22:13.703,3.7,buy,5390.81,BTC-12APR19-5500-C,61.97,0.008,3.7,0,1554924133703,17624394,185
2019-04-10 19:31:02.074,3.0,buy,5413.76,BTC-12APR19-5500-C,64.65,0.01,3.0,0,1554924662074,17624854,186
2019-04-10 19:35:22.193,0.1,buy,5416.89,BTC-12APR19-5500-C,65.93,0.0105,0.1,0,1554924922193,17625101,187
2019-04-10 19:56:09.902,1.0,sell,5403.55,BTC-12APR19-5500-C,63.52,0.009000000000000001,1.0,2,1554926169902,17626165,188
2019-04-10 20:30:39.295,1.5,sell,5375.67,BTC-12APR19-5500-C,66.74,0.008,1.5,2,1554928239295,17627917,189
2019-04-10 20:30:49.258,6.7,buy,5371.2,BTC-12APR19-5500-C,63.26,0.006999999999999999,6.7,2,1554928249258,17628037,190
2019-04-10 20:33:34.047,10.0,sell,5380.44,BTC-12APR19-5500-C,61.08,0.006999999999999999,10.0,3,1554928414047,17629081,191
2019-04-10 20:37:41.044,4.9,buy,5359.49,BTC-12APR19-5500-C,61.38,0.006,4.9,2,1554928661044,17629684,192
2019-04-10 20:37:42.759,4.8,sell,5359.87,BTC-12APR19-5500-C,61.29,0.006,4.8,3,1554928662759,17629701,193
2019-04-10 20:38:52.105,6.4,buy,5314.93,BTC-12APR19-5500-C,60.53,0.004,6.4,2,1554928732105,17630750,194
2019-04-10 20:42:39.250,1.0,buy,5269.67,BTC-12APR19-5500-C,69.66,0.004,1.0,3,1554928959250,17636403,195
2019-04-10 20:43:01.796,0.2,sell,5279.3,BTC-12APR19-5500-C,61.37,0.003,0.2,2,1554928981796,17636885,196
2019-04-10 20:43:01.959,0.2,sell,5279.13,BTC-12APR19-5500-C,61.41,0.003,0.2,3,1554928981959,17636891,197
2019-04-10 21:10:43.722,0.4,sell,5303.08,BTC-12APR19-5500-C,60.4,0.0035,0.4,0,1554930643722,17643246,198
2019-04-10 21:10:43.722,2.6,sell,5303.08,BTC-12APR19-5500-C,60.4,0.0035,2.6,1,1554930643722,17643247,199
2019-04-10 21:21:36.921,3.0,buy,5300.05,BTC-12APR19-5500-C,67.13,0.0045,3.0,0,1554931296921,17643832,200
2019-04-10 22:14:49.532,0.1,buy,5276.01,BTC-12APR19-5500-C,69.95,0.004,0.1,2,1554934489532,17648560,201
2019-04-10 22:27:39.795,2.3000000000000003,buy,5278.75,BTC-12APR19-5500-C,69.61,0.004,2.3000000000000003,3,1554935259795,17649018,202
2019-04-11 03:04:10.481,0.2,sell,5292.98,BTC-12APR19-5500-C,68.44,0.0035,0.2,2,1554951850481,17656923,203
2019-04-11 03:04:10.932,0.2,sell,5292.72,BTC-12APR19-5500-C,68.5,0.0035,0.2,3,1554951850932,17656931,204
2019-04-11 03:04:11.031,0.2,sell,5292.72,BTC-12APR19-5500-C,68.5,0.0035,0.2,3,1554951851031,17656933,205
2019-04-11 03:04:11.135,0.2,sell,5292.72,BTC-12APR19-5500-C,68.5,0.0035,0.2,3,1554951851135,17656934,206
2019-04-11 03:04:11.150,0.2,sell,5292.72,BTC-12APR19-5500-C,68.5,0.0035,0.2,3,1554951851150,17656935,207
2019-04-11 03:04:11.702,0.2,sell,5292.72,BTC-12APR19-5500-C,68.5,0.0035,0.2,3,1554951851702,17656936,208
2019-04-11 03:04:12.077,0.2,sell,5292.72,BTC-12APR19-5500-C,68.5,0.0035,0.2,3,1554951852077,17656937,209
2019-04-11 03:04:12.448,0.1,sell,5292.72,BTC-12APR19-5500-C,68.5,0.0035,0.1,3,1554951852448,17656938,210
2019-04-11 03:22:08.377,0.1,sell,5270.89,BTC-12APR19-5500-C,69.89,0.003,0.1,2,1554952928377,17658046,211
2019-04-11 03:22:08.390,0.1,sell,5270.89,BTC-12APR19-5500-C,69.89,0.003,0.1,3,1554952928390,17658047,212
2019-04-11 03:22:08.734,0.1,sell,5270.89,BTC-12APR19-5500-C,69.89,0.003,0.1,3,1554952928734,17658075,213
2019-04-11 03:22:08.779,0.1,sell,5270.89,BTC-12APR19-5500-C,69.89,0.003,0.1,3,1554952928779,17658096,214
2019-04-11 03:22:08.878,0.1,sell,5271.17,BTC-12APR19-5500-C,69.83,0.003,0.1,3,1554952928878,17658102,215
2019-04-11 03:22:08.948,0.1,sell,5271.17,BTC-12APR19-5500-C,69.83,0.003,0.1,3,1554952928948,17658108,216
2019-04-11 03:22:09.147,0.1,sell,5271.17,BTC-12APR19-5500-C,69.83,0.003,0.1,3,1554952929147,17658109,217
2019-04-11 03:22:09.205,0.1,sell,5271.17,BTC-12APR19-5500-C,69.83,0.003,0.1,3,1554952929205,17658119,218
2019-04-11 03:22:09.278,0.1,sell,5271.17,BTC-12APR19-5500-C,69.83,0.003,0.1,3,1554952929278,17658124,219
2019-04-11 03:22:09.319,0.1,sell,5271.17,BTC-12APR19-5500-C,69.83,0.003,0.1,3,1554952929319,17658125,220
2019-04-11 03:22:09.432,0.1,sell,5271.17,BTC-12APR19-5500-C,69.83,0.003,0.1,3,1554952929432,17658126,221
2019-04-11 03:22:09.532,0.1,sell,5271.17,BTC-12APR19-5500-C,69.83,0.003,0.1,3,1554952929532,17658127,222
2019-04-11 03:22:09.615,0.1,sell,5271.17,BTC-12APR19-5500-C,69.83,0.003,0.1,3,1554952929615,17658128,223
2019-04-11 03:22:09.732,0.1,sell,5271.17,BTC-12APR19-5500-C,69.83,0.003,0.1,3,1554952929732,17658129,224
2019-04-11 03:22:09.796,0.1,sell,5271.17,BTC-12APR19-5500-C,69.83,0.003,0.1,3,1554952929796,17658130,225
2019-04-11 03:22:09.972,0.1,sell,5271.19,BTC-12APR19-5500-C,69.82,0.003,0.1,3,1554952929972,17658133,226
2019-04-11 03:22:09.978,0.1,sell,5271.19,BTC-12APR19-5500-C,69.82,0.003,0.1,3,1554952929978,17658134,227
2019-04-11 03:22:10.100,0.1,sell,5271.19,BTC-12APR19-5500-C,69.82,0.003,0.1,3,1554952930100,17658135,228
2019-04-11 03:22:10.249,0.1,sell,5271.19,BTC-12APR19-5500-C,69.82,0.003,0.1,3,1554952930249,17658138,229
2019-04-11 03:22:10.274,0.1,sell,5271.19,BTC-12APR19-5500-C,69.82,0.003,0.1,3,1554952930274,17658139,230
2019-04-11 04:05:46.806,0.1,sell,5195.84,BTC-12APR19-5500-C,77.04,0.002,0.1,2,1554955546806,17667642,231
2019-04-11 04:24:55.700,0.3,sell,5213.37,BTC-12APR19-5500-C,74.12,0.002,0.3,3,1554956695700,17668497,232
2019-04-11 11:41:43.862,0.5,buy,5031.84,BTC-12APR19-5500-C,108.7,0.001,0.5,2,1554982903862,17696022,233
2019-04-11 11:41:46.525,0.5,buy,5033.66,BTC-12APR19-5500-C,108.35,0.001,0.5,3,1554982906525,17696027,234
2019-04-11 11:41:46.765,0.5,buy,5033.66,BTC-12APR19-5500-C,108.35,0.001,0.5,3,1554982906765,17696029,235
2019-04-11 11:51:20.239,0.4,sell,5047.11,BTC-12APR19-5500-C,93.63,0.0005,0.4,2,1554983480239,17696636,236
2019-04-11 12:35:56.747,0.5,buy,5039.47,BTC-12APR19-5500-C,109.68,0.001,0.5,0,1554986156747,17698614,237
2019-04-11 13:57:56.510,2.0,buy,5037.38,BTC-12APR19-5500-C,114.19,0.001,2.0,1,1554991076510,17701339,238
2019-04-11 15:44:30.452,6.0,buy,5061.72,BTC-12APR19-5500-C,114.96,0.001,6.0,1,1554997470452,17705029,239
2019-04-11 15:44:30.452,1.0,buy,5061.72,BTC-12APR19-5500-C,114.96,0.001,1.0,1,1554997470452,17705030,240
2019-04-11 15:44:30.452,3.0,buy,5061.72,BTC-12APR19-5500-C,114.96,0.001,3.0,1,1554997470452,17705031,241
2019-04-11 16:55:12.138,1.0,buy,5056.95,BTC-12APR19-5500-C,120.46,0.001,1.0,1,1555001712138,17708711,242
