date_utc,amount,direction,indexPrice,instrument,iv,price,quantity,tickDirection,timeStamp,tradeId,tradeSeq
2019-02-15 15:10:46.063,1.0,buy,3561.42,BTC-29MAR19-7500-P,0.0,1.11,1.0,2,1550243446063,15397891,283
2019-02-18 01:07:38.619,0.3,sell,3693.73,BTC-29MAR19-7500-P,100.3,1.0315,0.3,2,1550452058619,15469286,284
2019-02-18 01:07:42.789,0.3,sell,3697.19,BTC-29MAR19-7500-P,0.0,1.0270000000000001,0.3,2,1550452062789,15469436,285
2019-02-18 01:08:31.114,0.3,buy,3701.87,BTC-29MAR19-7500-P,92.04,1.0235,0.3,2,1550452111114,15471514,286
2019-02-18 01:55:28.179,0.3,sell,3651.66,BTC-29MAR19-7500-P,0.0,1.0535,0.3,0,1550454928179,15480703,287
2019-02-18 03:15:44.545,0.3,buy,3678.17,BTC-29MAR19-7500-P,0.0,1.0395,0.3,2,1550459744545,15487285,288
2019-02-18 13:54:00.030,0.3,sell,3806.82,BTC-29MAR19-7500-P,88.46,0.976,0.3,2,1550498040030,15533593,289
2019-02-18 15:08:20.702,0.3,buy,3787.82,BTC-29MAR19-7500-P,0.0,0.9795,0.3,0,1550502500702,15545034,290
2019-02-18 15:08:58.634,0.2,buy,3787.22,BTC-29MAR19-7500-P,0.0,0.9795,0.2,1,1550502538634,15545076,291
2019-02-18 15:12:14.368,0.3,sell,3789.01,BTC-29MAR19-7500-P,0.0,0.9790000000000001,0.3,2,1550502734368,15545183,292
2019-02-18 15:18:16.500,0.3,sell,3787.59,BTC-29MAR19-7500-P,0.0,0.98,0.3,0,1550503096500,15545433,293
2019-02-18 15:18:29.145,0.2,buy,3787.35,BTC-29MAR19-7500-P,0.0,0.98,0.2,1,1550503109145,15545437,294
2019-02-18 15:21:49.717,0.3,sell,3789.5,BTC-29MAR19-7500-P,0.0,0.9795,0.3,2,1550503309717,15545553,295
2019-02-18 15:24:29.399,0.3,sell,3795.2,BTC-29MAR19-7500-P,0.0,0.9765,0.3,2,1550503469399,15545704,296
2019-02-18 17:02:04.543,0.3,buy,3851.86,BTC-29MAR19-7500-P,0.0,0.9455,0.3,2,1550509324543,15566123,297
2019-02-19 20:57:57.825,0.3,buy,3928.92,BTC-29MAR19-7500-P,99.17,0.909,0.3,2,1550609877825,15661554,298
2019-02-19 20:57:57.828,0.7000000000000001,sell,3928.92,BTC-29MAR19-7500-P,99.17,0.909,0.7000000000000001,3,1550609877828,15661555,299
2019-02-24 07:30:37.197,0.4,buy,4154.37,BTC-29MAR19-7500-P,0.0,0.8029999999999999,0.4,2,1550993437197,15871386,300
2019-02-27 08:35:06.482,0.3,sell,3817.43,BTC-29MAR19-7500-P,110.9,0.976,0.3,0,1551256506482,16051596,301
2019-02-27 08:35:07.442,0.3,sell,3817.43,BTC-29MAR19-7500-P,111.43,0.976,0.3,1,1551256507442,16051600,302
2019-02-27 08:35:10.311,0.3,sell,3817.68,BTC-29MAR19-7500-P,112.35,0.976,0.3,1,1551256510311,16051605,303
2019-02-27 08:35:11.900,0.1,sell,3817.19,BTC-29MAR19-7500-P,111.34,0.976,0.1,1,1551256511900,16051607,304
2019-02-27 20:33:36.186,0.3,buy,3757.13,BTC-29MAR19-7500-P,105.08,1.0025,0.3,0,1551299616186,16066181,305
2019-02-27 20:36:37.829,0.3,sell,3665.43,BTC-29MAR19-7500-P,89.89,1.0505,0.3,0,1551299797829,16070511,306
2019-02-28 15:32:08.085,0.3,buy,3776.37,BTC-29MAR19-7500-P,0.0,0.988,0.3,2,1551367928085,16108290,307
2019-02-28 15:32:49.757,0.3,sell,3761.68,BTC-29MAR19-7500-P,0.0,0.9975,0.3,0,1551367969757,16109520,308
2019-03-05 13:14:46.954,0.3,sell,3777.3,BTC-29MAR19-7500-P,97.8,0.9875,0.3,2,1551791686954,16259462,309
2019-03-05 16:07:27.003,0.3,sell,3857.98,BTC-29MAR19-7500-P,122.77,0.9495,0.3,2,1551802047003,16284179,310
2019-03-05 20:24:10.532,0.3,sell,3845.64,BTC-29MAR19-7500-P,122.97,0.9535,0.3,0,1551817450532,16294150,311
2019-03-05 20:24:38.601,0.3,sell,3845.0,BTC-29MAR19-7500-P,121.05,0.9535,0.3,1,1551817478601,16294151,312
2019-03-05 20:24:38.755,0.4,sell,3845.0,BTC-29MAR19-7500-P,121.05,0.9535,0.4,1,1551817478755,16294152,313
2019-03-07 10:09:36.815,0.3,sell,3841.58,BTC-29MAR19-7500-P,127.33,0.953,0.3,2,1551953376815,16347613,314
2019-03-07 10:09:50.328,0.3,sell,3841.9,BTC-29MAR19-7500-P,129.86,0.953,0.3,3,1551953390328,16347626,315
2019-03-07 10:10:13.651,0.3,sell,3841.39,BTC-29MAR19-7500-P,126.39,0.953,0.3,3,1551953413651,16347635,316
2019-03-07 10:10:14.379,0.1,sell,3841.39,BTC-29MAR19-7500-P,126.39,0.953,0.1,3,1551953414379,16347636,317
2019-03-12 12:41:43.487,0.3,buy,3869.67,BTC-29MAR19-7500-P,147.98,0.9440000000000001,0.3,2,1552394503487,16519227,318
2019-03-12 12:41:44.194,0.3,sell,3869.67,BTC-29MAR19-7500-P,147.98,0.9440000000000001,0.3,3,1552394504194,16519228,319
2019-03-12 12:41:48.144,0.3,sell,3869.31,BTC-29MAR19-7500-P,146.37,0.9440000000000001,0.3,3,1552394508144,16519230,320
2019-03-12 12:41:51.404,0.1,sell,3869.31,BTC-29MAR19-7500-P,146.45,0.944,0.1,3,1552394511404,16519231,321
2019-03-12 12:59:38.882,0.3,sell,3871.51,BTC-29MAR19-7500-P,149.21,0.944,0.3,3,1552395578882,16519466,322
2019-03-12 12:59:39.479,0.3,sell,3871.51,BTC-29MAR19-7500-P,149.21,0.944,0.3,3,1552395579479,16519467,323
2019-03-12 12:59:42.527,0.3,sell,3871.51,BTC-29MAR19-7500-P,149.1,0.944,0.3,3,1552395582527,16519468,324
2019-03-12 12:59:46.260,0.3,sell,3871.51,BTC-29MAR19-7500-P,148.95,0.944,0.3,3,1552395586260,16519470,325
2019-03-12 12:59:50.830,0.3,sell,3871.51,BTC-29MAR19-7500-P,148.92,0.944,0.3,3,1552395590830,16519471,326
2019-03-12 13:00:06.279,0.3,sell,3871.86,BTC-29MAR19-7500-P,149.31,0.944,0.3,3,1552395606279,16519487,327
2019-03-12 13:00:06.693,0.3,sell,3871.75,BTC-29MAR19-7500-P,148.81,0.944,0.3,3,1552395606693,16519489,328
2019-03-12 13:00:08.006,0.3,sell,3871.85,BTC-29MAR19-7500-P,149.17,0.944,0.3,3,1552395608006,16519490,329
2019-03-12 13:00:09.528,0.3,sell,3871.89,BTC-29MAR19-7500-P,149.13,0.944,0.3,3,1552395609528,16519491,330
2019-03-12 13:00:10.502,0.3,sell,3871.89,BTC-29MAR19-7500-P,149.24,0.944,0.3,3,1552395610502,16519492,331
2019-03-12 13:00:22.902,0.3,sell,3872.42,BTC-29MAR19-7500-P,150.65,0.944,0.3,3,1552395622902,16519498,332
2019-03-12 13:00:24.226,0.3,sell,3872.42,BTC-29MAR19-7500-P,150.65,0.944,0.3,3,1552395624226,16519500,333
2019-03-12 13:00:24.937,0.3,sell,3872.42,BTC-29MAR19-7500-P,150.62,0.944,0.3,3,1552395624937,16519501,334
2019-03-12 13:00:28.531,0.3,sell,3873.07,BTC-29MAR19-7500-P,153.16,0.944,0.3,3,1552395628531,16519532,335
2019-03-12 13:00:32.864,0.3,sell,3873.55,BTC-29MAR19-7500-P,155.2,0.944,0.3,3,1552395632864,16519542,336
2019-03-12 13:00:47.450,0.3,sell,3874.4,BTC-29MAR19-7500-P,157.53,0.944,0.3,3,1552395647450,16519592,337
2019-03-12 13:00:48.418,0.2,sell,3874.4,BTC-29MAR19-7500-P,157.53,0.944,0.2,3,1552395648418,16519595,338
2019-03-21 01:21:50.474,0.3,sell,4026.35,BTC-29MAR19-7500-P,0.0,0.865,0.3,2,1553131310474,16746791,339
2019-03-21 01:23:22.877,0.3,sell,4021.96,BTC-29MAR19-7500-P,0.0,0.8665,0.3,0,1553131402877,16746914,340
2019-03-21 01:25:19.464,0.3,sell,4023.24,BTC-29MAR19-7500-P,0.0,0.8665,0.3,1,1553131519464,16746953,341
2019-03-21 01:29:16.390,0.3,sell,4015.53,BTC-29MAR19-7500-P,0.0,0.87,0.3,0,1553131756390,16747205,342
2019-03-21 01:34:45.229,0.3,sell,4022.51,BTC-29MAR19-7500-P,0.0,0.8665,0.3,2,1553132085229,16747378,343
2019-03-21 01:35:02.855,0.3,sell,4022.58,BTC-29MAR19-7500-P,0.0,0.866,0.3,2,1553132102855,16747393,344
2019-03-21 01:37:03.746,0.3,sell,4023.17,BTC-29MAR19-7500-P,0.0,0.866,0.3,3,1553132223746,16747436,345
2019-03-21 01:42:06.149,0.3,buy,4023.73,BTC-29MAR19-7500-P,0.0,0.8665,0.3,0,1553132526149,16747505,346
2019-03-21 01:44:00.536,0.3,buy,4023.65,BTC-29MAR19-7500-P,0.0,0.867,0.3,0,1553132640536,16747537,347
2019-03-21 01:58:15.016,0.3,sell,4026.84,BTC-29MAR19-7500-P,0.0,0.8645,0.3,2,1553133495016,16747669,348
2019-03-21 01:59:39.090,0.3,sell,4026.94,BTC-29MAR19-7500-P,0.0,0.8645,0.3,3,1553133579090,16747672,349
2019-03-21 01:59:54.466,0.3,buy,4027.0,BTC-29MAR19-7500-P,0.0,0.8645,0.3,3,1553133594466,16747677,350
2019-03-21 02:00:41.843,0.3,sell,4027.04,BTC-29MAR19-7500-P,0.0,0.8645,0.3,3,1553133641843,16747681,351
2019-03-21 15:31:47.449,0.3,buy,3969.59,BTC-29MAR19-7500-P,0.0,0.892,0.3,0,1553182307449,16767342,352
