date_utc,amount,direction,indexPrice,instrument,iv,price,quantity,tickDirection,timeStamp,tradeId,tradeSeq
2019-05-03 12:57:56.251,2.0,sell,166.91,ETH-17MAY19-190-C,73.33,0.015,2.0,1,1556888276251,1440884,1
2019-05-04 00:21:53.397,10.0,buy,166.27,ETH-17MAY19-190-C,75.95,0.015,10.0,1,1556929313397,1451419,2
2019-05-05 14:22:39.264,15.0,buy,161.33,ETH-17MAY19-190-C,82.81,0.011,15.0,2,1557066159264,1487456,3
2019-05-05 14:25:30.605,5.0,buy,161.41,ETH-17MAY19-190-C,82.65,0.011,5.0,3,1557066330605,1487488,4
2019-05-06 14:17:24.828,10.0,buy,164.99,ETH-17MAY19-190-C,78.6,0.011,10.0,3,1557152244828,1513444,5
2019-05-06 16:31:58.077,50.0,buy,174.2,ETH-17MAY19-190-C,85.65,0.026,50.0,0,1557160318077,1527584,6
2019-05-06 16:40:42.198,5.0,sell,174.19,ETH-17MAY19-190-C,78.88,0.022,5.0,2,1557160842198,1528312,7
2019-05-06 16:42:54.301,5.0,sell,174.66,ETH-17MAY19-190-C,77.66,0.022,5.0,3,1557160974301,1528512,8
2019-05-06 16:49:49.718,5.0,sell,174.69,ETH-17MAY19-190-C,77.6,0.022,5.0,3,1557161389718,1529613,9
2019-05-06 16:49:52.054,5.0,sell,174.63,ETH-17MAY19-190-C,77.76,0.022,5.0,3,1557161392054,1529619,10
2019-05-06 19:04:15.088,100.0,buy,174.34,ETH-17MAY19-190-C,85.71,0.026,100.0,0,1557169455088,1533592,11
2019-05-07 02:04:25.138,5.0,buy,178.31,ETH-17MAY19-190-C,85.69,0.032,5.0,0,1557194665138,1550709,12
2019-05-07 03:01:53.439,100.0,buy,178.75,ETH-17MAY19-190-C,90.93,0.036000000000000004,100.0,0,1557198113439,1553165,13
2019-05-07 09:02:54.968,1.0,buy,175.07,ETH-17MAY19-190-C,87.88,0.027000000000000003,1.0,2,1557219774968,1561666,14
2019-05-07 14:17:38.426,10.0,buy,170.91,ETH-17MAY19-190-C,93.08,0.023,10.0,2,1557238658426,1571372,15
2019-05-07 14:18:16.610,10.0,buy,170.79,ETH-17MAY19-190-C,93.39,0.023,10.0,3,1557238696610,1571487,16
2019-05-07 16:36:22.124,25.0,buy,173.0,ETH-17MAY19-190-C,82.34,0.02,25.0,2,1557246982124,1579142,17
2019-05-07 18:44:13.627,25.0,sell,170.08,ETH-17MAY19-190-C,88.45,0.019,25.0,2,1557254653627,1582262,18
2019-05-07 23:44:40.859,2.0,sell,170.3,ETH-17MAY19-190-C,88.86,0.019,2.0,3,1557272680859,1591160,19
2019-05-07 23:48:19.467,2.0,sell,169.68,ETH-17MAY19-190-C,88.46,0.018000000000000002,2.0,2,1557272899467,1591820,20
2019-05-08 00:27:04.568,1.0,buy,164.69,ETH-17MAY19-190-C,96.99,0.016,1.0,2,1557275224568,1605435,21
2019-05-08 08:53:37.724,1.0,sell,167.3,ETH-17MAY19-190-C,92.21,0.016,1.0,3,1557305617724,1617723,22
2019-05-08 12:49:22.476,10.0,buy,168.79,ETH-17MAY19-190-C,91.38,0.017,10.0,0,1557319762476,1622005,23
2019-05-10 04:15:02.536,25.0,buy,173.36,ETH-17MAY19-190-C,83.22,0.015,25.0,2,1557461702536,1678756,24
2019-05-10 08:08:04.497,1.0,sell,175.12,ETH-17MAY19-190-C,61.51,0.008,1.0,2,1557475684497,1686291,25
2019-05-10 09:15:21.823,1.0,sell,172.43,ETH-17MAY19-190-C,84.8,0.013999999999999999,1.0,0,1557479721823,1690004,26
2019-05-10 10:22:04.165,20.0,buy,172.82,ETH-17MAY19-190-C,88.73,0.016,20.0,0,1557483724165,1690951,27
2019-05-10 10:46:33.262,1.0,buy,173.09,ETH-17MAY19-190-C,90.36,0.017,1.0,0,1557485193262,1691105,28
2019-05-10 13:42:30.082,12.0,buy,171.8,ETH-17MAY19-190-C,90.3,0.015,12.0,2,1557495750082,1694079,29
2019-05-10 16:18:42.173,88.0,buy,172.12,ETH-17MAY19-190-C,85.05,0.013000000000000001,88.0,2,1557505122173,1696694,30
2019-05-10 17:07:13.196,2.0,sell,172.76,ETH-17MAY19-190-C,83.36,0.013000000000000001,2.0,3,1557508033196,1699468,31
2019-05-10 17:09:12.860,1.0,buy,172.86,ETH-17MAY19-190-C,85.59,0.013999999999999999,1.0,0,1557508152860,1699492,32
2019-05-10 17:21:06.893,1.0,sell,172.65,ETH-17MAY19-190-C,83.75,0.013000000000000001,1.0,2,1557508866893,1699695,33
2019-05-10 17:21:06.893,20.0,sell,172.65,ETH-17MAY19-190-C,81.17,0.012,20.0,2,1557508866893,1699696,34
2019-05-10 17:33:39.626,29.0,buy,174.52,ETH-17MAY19-190-C,80.67,0.013999999999999999,29.0,0,1557509619626,1700103,35
2019-05-11 05:21:19.785,2.0,buy,176.83,ETH-17MAY19-190-C,83.59,0.017,2.0,0,1557552079785,1730694,36
2019-05-11 07:17:37.738,20.0,sell,177.2,ETH-17MAY19-190-C,87.53,0.019,20.0,0,1557559057738,1741334,37
2019-05-11 08:21:33.587,100.0,buy,179.09,ETH-17MAY19-190-C,78.98,0.018000000000000002,100.0,2,1557562893587,1743867,38
2019-05-11 08:24:38.076,40.0,buy,183.07,ETH-17MAY19-190-C,77.13,0.024,40.0,0,1557563078076,1745695,39
2019-05-11 08:29:26.034,4.0,buy,185.0,ETH-17MAY19-190-C,81.47,0.03,4.0,0,1557563366034,1747703,40
2019-05-11 10:49:32.593,1.0,sell,192.66,ETH-17MAY19-190-C,76.99,0.046,1.0,0,1557571772593,1768539,41
2019-05-11 11:10:31.421,105.0,buy,190.11,ETH-17MAY19-190-C,76.58,0.039,105.0,2,1557573031421,1771272,42
2019-05-11 12:26:18.527,10.0,buy,189.16,ETH-17MAY19-190-C,81.64,0.039,10.0,3,1557577578527,1777629,43
2019-05-11 12:26:18.819,10.0,buy,189.13,ETH-17MAY19-190-C,81.78,0.039,10.0,3,1557577578819,1777630,44
2019-05-11 12:26:19.441,10.0,buy,189.13,ETH-17MAY19-190-C,81.78,0.039,10.0,3,1557577579441,1777631,45
2019-05-11 12:26:20.436,10.0,buy,189.13,ETH-17MAY19-190-C,81.78,0.039,10.0,3,1557577580436,1777634,46
2019-05-11 12:56:09.279,20.0,buy,188.55,ETH-17MAY19-190-C,84.73,0.039,20.0,3,1557579369279,1779119,47
2019-05-11 12:56:09.279,2.0,buy,188.55,ETH-17MAY19-190-C,84.73,0.039,2.0,3,1557579369279,1779120,48
2019-05-11 13:11:45.595,2.0,buy,189.0,ETH-17MAY19-190-C,98.57,0.047,2.0,0,1557580305595,1780202,49
2019-05-11 15:14:42.002,1.0,buy,189.64,ETH-17MAY19-190-C,94.14,0.046,1.0,2,1557587682002,1785714,50
2019-05-11 15:16:58.133,6.0,sell,189.84,ETH-17MAY19-190-C,93.15,0.046,6.0,3,1557587818133,1786050,51
2019-05-11 15:21:17.537,1.0,buy,191.45,ETH-17MAY19-190-C,88.91,0.048,1.0,0,1557588077537,1786677,52
2019-05-11 15:23:51.126,1.0,buy,192.11,ETH-17MAY19-190-C,85.38,0.048,1.0,1,1557588231126,1787180,53
2019-05-11 15:24:39.014,3.0,buy,192.61,ETH-17MAY19-190-C,86.72,0.05,3.0,0,1557588279014,1787379,54
2019-05-11 15:46:40.417,1.0,sell,191.27,ETH-17MAY19-190-C,94.05,0.05,1.0,1,1557589600417,1789458,55
2019-05-11 16:44:35.469,1.0,sell,190.87,ETH-17MAY19-190-C,86.34,0.045,1.0,2,1557593075469,1794011,56
2019-05-11 17:20:45.635,2.0,buy,191.58,ETH-17MAY19-190-C,99.07,0.053,2.0,0,1557595245635,1795776,57
2019-05-11 17:35:14.186,6.0,buy,193.84,ETH-17MAY19-190-C,99.09,0.059,6.0,0,1557596114186,1797155,58
2019-05-11 17:36:17.291,3.0,buy,194.39,ETH-17MAY19-190-C,100.12,0.061,3.0,0,1557596177291,1797372,59
2019-05-11 17:37:50.315,1.0,sell,193.84,ETH-17MAY19-190-C,99.11,0.059000000000000004,1.0,2,1557596270315,1797546,60
2019-05-11 17:59:31.137,56.0,buy,198.92,ETH-17MAY19-190-C,102.44,0.075,56.0,0,1557597571137,1802372,61
2019-05-11 17:59:31.192,56.0,buy,198.92,ETH-17MAY19-190-C,102.44,0.075,56.0,1,1557597571192,1802375,62
2019-05-11 18:59:46.358,10.0,sell,197.05,ETH-17MAY19-190-C,86.41,0.062,10.0,2,1557601186358,1808404,63
2019-05-11 20:46:37.566,1.0,buy,197.15,ETH-17MAY19-190-C,95.16,0.066,1.0,0,1557607597566,1815436,64
2019-05-11 23:06:33.142,20.0,buy,204.77,ETH-17MAY19-190-C,96.67,0.09,20.0,0,1557615993142,1835494,65
2019-05-11 23:26:46.066,30.0,sell,204.21,ETH-17MAY19-190-C,98.91,0.08900000000000001,30.0,2,1557617206066,1842480,66
2019-05-11 23:36:00.706,1.0,sell,204.52,ETH-17MAY19-190-C,91.05,0.087,1.0,2,1557617760706,1843935,67
2019-05-12 00:24:36.885,20.0,sell,193.78,ETH-17MAY19-190-C,95.67,0.055999999999999994,20.0,2,1557620676885,1863150,68
2019-05-12 07:42:29.669,10.0,sell,203.15,ETH-17MAY19-190-C,84.58,0.079,10.0,0,1557646949669,1909004,69
2019-05-12 10:00:18.505,10.0,sell,195.15,ETH-17MAY19-190-C,84.01,0.053,10.0,2,1557655218505,1931686,70
2019-05-12 10:00:33.487,10.0,sell,194.91,ETH-17MAY19-190-C,83.35,0.052,10.0,2,1557655233487,1931772,71
