date_utc,amount,direction,indexPrice,instrument,iv,price,quantity,tickDirection,timeStamp,tradeId,tradeSeq
2019-02-14 23:14:26.394,6.0,sell,3562.91,BTC-27SEP19-4000-P,60.22,0.275,6.0,2,1550186066394,15375449,40
2019-02-14 23:14:29.516,1.1,sell,3562.91,BTC-27SEP19-4000-P,59.74,0.2735,1.1,2,1550186069516,15375450,41
2019-02-15 17:38:15.025,0.1,sell,3567.43,BTC-27SEP19-4000-P,59.61,0.271,0.1,2,1550252295025,15400757,42
2019-02-17 20:09:18.862,6.0,sell,3574.15,BTC-27SEP19-4000-P,60.4,0.2675,6.0,2,1550434158862,15452254,43
2019-02-17 22:30:14.153,6.0,sell,3596.52,BTC-27SEP19-4000-P,59.58,0.261,6.0,2,1550442614153,15454916,44
2019-02-17 23:31:54.406,4.0,buy,3621.17,BTC-27SEP19-4000-P,59.6,0.2565,4.0,2,1550446314406,15457880,45
2019-02-18 07:27:54.521,1.4,sell,3704.96,BTC-27SEP19-4000-P,59.54,0.2375,1.4,2,1550474874521,15501967,46
2019-02-18 07:29:35.827,1.4,sell,3693.68,BTC-27SEP19-4000-P,59.71,0.2395,1.4,0,1550474975827,15502829,47
2019-02-18 14:58:09.177,6.0,sell,3797.35,BTC-27SEP19-4000-P,58.43,0.21600000000000005,6.0,2,1550501889177,15543711,48
2019-02-18 14:59:40.597,6.0,buy,3796.33,BTC-27SEP19-4000-P,57.93,0.215,6.0,2,1550501980597,15543843,49
2019-02-18 15:03:57.776,3.0,buy,3790.68,BTC-27SEP19-4000-P,57.57,0.215,3.0,3,1550502237776,15544288,50
2019-02-18 16:44:17.449,6.0,sell,3867.39,BTC-27SEP19-4000-P,57.63,0.19899999999999998,6.0,2,1550508257449,15559951,51
2019-02-18 16:44:41.382,1.8,buy,3852.49,BTC-27SEP19-4000-P,58.03,0.20199999999999999,1.8,0,1550508281382,15561024,52
2019-02-18 17:45:15.300,4.0,sell,3856.99,BTC-27SEP19-4000-P,57.37,0.2005,4.0,2,1550511915300,15570407,53
2019-02-18 17:49:35.965,6.0,sell,3851.32,BTC-27SEP19-4000-P,57.4,0.2015,6.0,0,1550512175965,15570711,54
2019-02-18 18:36:38.978,1.0,sell,3890.17,BTC-27SEP19-4000-P,56.45,0.192,1.0,2,1550514998978,15573594,55
2019-02-18 18:40:03.810,1.8,sell,3885.78,BTC-27SEP19-4000-P,56.4,0.193,1.8,0,1550515203810,15573678,56
2019-02-18 18:40:22.975,1.2,buy,3885.27,BTC-27SEP19-4000-P,56.47,0.193,1.2,1,1550515222975,15573694,57
2019-02-18 19:20:12.895,1.8,sell,3875.08,BTC-27SEP19-4000-P,56.83,0.1945,1.8,0,1550517612895,15575443,58
2019-02-19 13:43:47.784,2.1,sell,3928.27,BTC-27SEP19-4000-P,58.43,0.19,2.1,2,1550583827784,15631047,59
2019-02-19 13:43:57.378,0.9,buy,3928.29,BTC-27SEP19-4000-P,58.43,0.19,0.9,3,1550583837378,15631060,60
2019-02-19 15:09:30.866,2.1,sell,3953.84,BTC-27SEP19-4000-P,58.88,0.188,2.1,2,1550588970866,15647618,61
2019-02-19 15:09:33.200,1.9,buy,3953.84,BTC-27SEP19-4000-P,58.88,0.188,1.9,3,1550588973200,15647626,62
2019-02-20 00:58:37.030,0.5,sell,3880.87,BTC-27SEP19-4000-P,58.08,0.19699999999999998,0.5,0,1550624317030,15672088,63
2019-02-20 19:58:16.106,5.0,sell,3924.0,BTC-27SEP19-4000-P,56.25,0.184,5.0,2,1550692696106,15709493,64
2019-02-22 07:12:23.916,1.0,sell,3893.75,BTC-27SEP19-4000-P,59.21,0.1965,1.0,0,1550819543916,15758108,65
2019-02-23 22:57:59.856,0.1,buy,4115.35,BTC-27SEP19-4000-P,61.82,0.1725,0.1,2,1550962679856,15852964,66
2019-02-24 04:46:49.572,0.1,sell,4149.74,BTC-27SEP19-4000-P,59.96,0.1635,0.1,2,1550983609572,15867616,67
2019-02-24 12:46:59.801,5.0,sell,4111.32,BTC-27SEP19-4000-P,60.02,0.165,5.0,0,1551012419801,15880537,68
2019-02-24 14:12:01.674,1.0,buy,3933.62,BTC-27SEP19-4000-P,60.26,0.1975,1.0,0,1551017521674,15893041,69
2019-02-24 16:48:11.877,1.0,sell,3757.49,BTC-27SEP19-4000-P,64.32,0.242,1.0,0,1551026891877,15949258,70
2019-03-05 13:14:46.706,1.0,sell,3777.3,BTC-27SEP19-4000-P,58.03,0.211,1.0,2,1551791686706,16259450,71
2019-03-06 04:37:29.819,1.7,sell,3824.45,BTC-27SEP19-4000-P,58.49,0.2035,1.7,2,1551847049819,16304582,72
2019-03-06 04:37:59.337,1.7,sell,3824.02,BTC-27SEP19-4000-P,58.49,0.2035,1.7,3,1551847079337,16304583,73
2019-03-06 04:43:20.607,1.7,sell,3822.09,BTC-27SEP19-4000-P,58.52,0.2035,1.7,3,1551847400607,16304658,74
2019-03-06 04:43:42.811,1.7,sell,3822.62,BTC-27SEP19-4000-P,58.57,0.2035,1.7,3,1551847422811,16304676,75
2019-03-07 00:04:03.240,0.2,sell,3870.59,BTC-27SEP19-4000-P,59.22,0.1965,0.2,2,1551917043240,16329282,76
2019-03-07 18:45:16.308,0.1,sell,3864.72,BTC-27SEP19-4000-P,56.86,0.1905,0.1,2,1551984316308,16361060,77
2019-03-08 08:09:54.366,0.5,buy,3868.91,BTC-27SEP19-4000-P,94.56,0.3,0.5,0,1552032594366,16378262,78
2019-03-08 11:29:59.063,0.1,sell,3877.8,BTC-27SEP19-4000-P,56.75,0.1885,0.1,2,1552044599063,16382504,79
2019-03-08 11:50:42.508,1.8,sell,3875.24,BTC-27SEP19-4000-P,56.64,0.189,1.8,0,1552045842508,16382661,80
2019-03-08 22:35:57.427,0.1,buy,3818.79,BTC-27SEP19-4000-P,59.86,0.207,0.1,0,1552084557427,16404601,81
2019-03-09 12:46:18.897,1.0,sell,3902.65,BTC-27SEP19-4000-P,57.07,0.1855,1.0,2,1552135578897,16424601,82
2019-03-10 10:33:35.271,0.1,sell,3890.1,BTC-27SEP19-4000-P,57.18,0.1885,0.1,0,1552214015271,16459739,83
2019-03-11 17:10:56.010,3.3000000000000003,sell,3843.48,BTC-27SEP19-4000-P,57.81,0.1965,3.3000000000000003,1,1552324256010,16494824,85
2019-03-11 17:10:56.010,1.7,sell,3843.48,BTC-27SEP19-4000-P,57.81,0.1965,1.7,0,1552324256010,16494823,84
2019-03-12 13:24:42.128,1.0,sell,3863.69,BTC-27SEP19-4000-P,57.31,0.1915,1.0,2,1552397082128,16520408,86
2019-03-16 04:18:24.855,5.0,buy,4000.61,BTC-27SEP19-4000-P,58.68,0.173,5.0,2,1552709904855,16619085,87
2019-03-17 13:38:44.988,1.4,sell,3966.79,BTC-27SEP19-4000-P,56.89,0.173,1.4,3,1552829924988,16663046,88
2019-03-17 13:55:55.176,2.0,sell,3968.66,BTC-27SEP19-4000-P,57.22,0.173,2.0,3,1552830955176,16663215,89
2019-03-17 14:27:53.782,1.6,sell,3970.16,BTC-27SEP19-4000-P,57.54,0.173,1.6,3,1552832873782,16663680,90
2019-03-17 15:24:05.229,5.0,sell,3970.49,BTC-27SEP19-4000-P,57.31,0.1725,5.0,2,1552836245229,16665024,91
2019-03-18 13:02:37.256,1.9,sell,3962.11,BTC-27SEP19-4000-P,56.47,0.171,1.9,2,1552914157256,16689418,92
2019-03-18 13:39:44.875,5.0,sell,3960.97,BTC-27SEP19-4000-P,56.27,0.1705,5.0,2,1552916384875,16689850,93
2019-03-19 09:19:49.218,2.5,sell,3962.57,BTC-27SEP19-4000-P,55.87,0.168,2.5,2,1552987189218,16701599,94
2019-03-19 14:49:10.529,0.5,buy,3970.15,BTC-27SEP19-4000-P,55.79,0.16699999999999998,0.5,2,1553006950529,16706975,95
2019-03-19 19:29:00.456,2.0,sell,3986.88,BTC-27SEP19-4000-P,55.93,0.165,2.0,2,1553023740456,16715365,96
2019-03-20 02:36:45.405,0.1,sell,3976.92,BTC-27SEP19-4000-P,55.93,0.1665,0.1,0,1553049405405,16723305,97
2019-03-20 09:20:12.837,2.0,sell,3989.66,BTC-27SEP19-4000-P,55.46,0.163,2.0,2,1553073612837,16727125,98
2019-03-20 09:20:26.155,2.0,buy,3989.69,BTC-27SEP19-4000-P,55.47,0.163,2.0,3,1553073626155,16727131,99
2019-03-20 09:20:53.721,0.2,buy,3989.7,BTC-27SEP19-4000-P,55.52,0.163,0.2,3,1553073653721,16727134,100
2019-03-22 11:44:52.559,0.1,sell,3981.82,BTC-27SEP19-4000-P,54.9,0.1635,0.1,0,1553255092559,16777265,101
2019-03-22 17:42:14.605,0.1,sell,3989.59,BTC-27SEP19-4000-P,56.76,0.168,0.1,0,1553276534605,16780444,102
2019-03-23 08:40:54.023,0.5,sell,3994.04,BTC-27SEP19-4000-P,54.93,0.16,0.5,2,1553330454023,16789712,103
2019-03-23 11:22:47.361,0.1,buy,3979.48,BTC-27SEP19-4000-P,56.79,0.1675,0.1,0,1553340167361,16791652,104
2019-03-23 11:45:13.399,4.8,sell,3980.16,BTC-27SEP19-4000-P,55.04,0.1625,4.8,2,1553341513399,16791736,105
2019-03-23 23:27:23.509,1.0,sell,3979.55,BTC-27SEP19-4000-P,54.9,0.1625,1.0,3,1553383643509,16796235,106
2019-03-25 15:17:21.537,1.9,sell,3965.68,BTC-27SEP19-4000-P,54.34,0.1625,1.9,3,1553527041537,16812723,107
2019-03-25 15:17:21.540,1.6,buy,3965.68,BTC-27SEP19-4000-P,54.34,0.1625,1.6,3,1553527041540,16812724,108
2019-03-26 16:44:01.561,0.1,buy,3911.78,BTC-27SEP19-4000-P,55.5,0.179,0.1,0,1553618641561,16840228,109
2019-03-26 17:09:36.964,0.1,buy,3913.35,BTC-27SEP19-4000-P,55.55,0.179,0.1,1,1553620176964,16840393,110
2019-03-27 03:52:23.296,5.0,sell,3975.46,BTC-27SEP19-4000-P,54.59,0.165,5.0,2,1553658743296,16851995,111
2019-03-27 05:46:06.153,5.0,sell,3983.17,BTC-27SEP19-4000-P,54.92,0.1645,5.0,2,1553665566153,16853373,112
2019-03-27 05:53:20.230,5.0,sell,3987.25,BTC-27SEP19-4000-P,54.94,0.16399999999999998,5.0,2,1553666000230,16853714,113
2019-03-27 05:59:19.033,5.0,sell,3990.98,BTC-27SEP19-4000-P,54.83,0.1635,5.0,2,1553666359033,16854020,114
2019-03-27 19:07:48.883,3.0,buy,4000.7,BTC-27SEP19-4000-P,54.93,0.1615,3.0,2,1553713668883,16867857,115
2019-03-28 00:33:45.887,3.0,buy,4012.77,BTC-27SEP19-4000-P,55.55,0.1605,3.0,2,1553733225887,16880131,116
2019-03-28 00:35:17.853,2.0,buy,4013.43,BTC-27SEP19-4000-P,55.67,0.161,2.0,0,1553733317853,16880151,117
2019-03-28 00:35:17.853,3.0,buy,4013.43,BTC-27SEP19-4000-P,55.67,0.161,3.0,1,1553733317853,16880152,118
2019-03-28 00:35:50.846,2.0,buy,4013.38,BTC-27SEP19-4000-P,55.84,0.1615,2.0,0,1553733350846,16880153,119
2019-03-28 00:37:10.891,1.0,buy,4014.38,BTC-27SEP19-4000-P,55.67,0.161,1.0,2,1553733430891,16880176,120
2019-03-28 00:37:33.202,0.2,buy,4014.36,BTC-27SEP19-4000-P,55.66,0.161,0.2,3,1553733453202,16880177,121
2019-03-28 18:08:31.457,1.8,buy,4009.84,BTC-27SEP19-4000-P,55.08,0.1585,1.8,2,1553796511457,16927499,122
2019-03-28 23:02:46.564,2.0,buy,4011.41,BTC-27SEP19-4000-P,55.8,0.161,2.0,1,1553814166564,16928794,124
2019-03-28 23:02:46.564,3.0,buy,4011.41,BTC-27SEP19-4000-P,55.8,0.161,3.0,0,1553814166564,16928793,123
2019-03-28 23:03:05.996,1.5,buy,4011.35,BTC-27SEP19-4000-P,55.98,0.1615,1.5,0,1553814185996,16928795,125
2019-03-28 23:03:05.996,3.0,buy,4011.35,BTC-27SEP19-4000-P,55.98,0.1615,3.0,1,1553814185996,16928796,126
2019-03-28 23:03:07.788,2.0,sell,4011.37,BTC-27SEP19-4000-P,55.98,0.1615,2.0,1,1553814187788,16928797,127
2019-03-28 23:03:19.454,8.5,sell,4011.39,BTC-27SEP19-4000-P,55.98,0.1615,8.5,1,1553814199454,16928798,128
2019-03-28 23:03:42.893,2.0,buy,4011.4,BTC-27SEP19-4000-P,55.8,0.161,2.0,2,1553814222893,16928802,129
2019-03-28 23:03:42.893,3.0,buy,4011.4,BTC-27SEP19-4000-P,55.8,0.161,3.0,3,1553814222893,16928803,130
2019-03-28 23:03:42.893,7.5,buy,4011.4,BTC-27SEP19-4000-P,55.98,0.1615,7.5,0,1553814222893,16928804,131
2019-03-28 23:31:39.500,1.0,buy,4010.72,BTC-27SEP19-4000-P,55.71,0.1605,1.0,2,1553815899500,16929043,132
2019-03-29 10:33:46.632,2.0,sell,4095.28,BTC-27SEP19-4000-P,55.45,0.147,2.0,2,1553855626632,16949866,133
2019-03-30 02:28:53.399,1.0,sell,4118.82,BTC-27SEP19-4000-P,53.69,0.138,1.0,2,1553912933399,16967345,134
2019-04-01 03:15:15.487,0.1,buy,4116.94,BTC-27SEP19-4000-P,54.69,0.1405,0.1,0,1554088515487,16999546,135
2019-04-01 07:22:44.645,1.0,buy,4119.49,BTC-27SEP19-4000-P,55.25,0.1415,1.0,0,1554103364645,17001745,136
2019-04-01 12:06:52.127,1.6,sell,4116.3,BTC-27SEP19-4000-P,54.24,0.14,1.6,2,1554120412127,17004363,137
2019-04-02 02:04:40.096,2.0,sell,4159.47,BTC-27SEP19-4000-P,54.82,0.1365,2.0,2,1554170680096,17015617,138
2019-04-02 04:32:40.711,3.0,sell,4217.62,BTC-27SEP19-4000-P,55.82,0.1315,3.0,3,1554179560711,17019955,140
2019-04-02 04:32:40.711,0.3,sell,4217.62,BTC-27SEP19-4000-P,55.82,0.1315,0.3,2,1554179560711,17019954,139
2019-04-02 07:07:40.740,0.5,buy,4705.03,BTC-27SEP19-4000-P,60.2,0.08900000000000001,0.5,2,1554188860740,17090064,141
2019-04-02 07:15:32.122,5.0,buy,4718.4,BTC-27SEP19-4000-P,60.22,0.08800000000000001,5.0,2,1554189332122,17090828,142
2019-04-02 07:25:04.323,5.0,buy,4692.09,BTC-27SEP19-4000-P,60.45,0.091,5.0,0,1554189904323,17091731,143
2019-04-02 13:26:44.633,0.3,sell,4797.09,BTC-27SEP19-4000-P,56.84,0.076,0.3,2,1554211604633,17111781,144
2019-04-02 19:51:49.707,1.0,sell,4757.61,BTC-27SEP19-4000-P,58.68,0.08199999999999999,1.0,0,1554234709707,17127872,145
2019-04-02 19:51:49.707,0.5,sell,4757.61,BTC-27SEP19-4000-P,58.68,0.08199999999999999,0.5,1,1554234709707,17127873,146
2019-04-03 01:14:13.873,0.1,sell,4937.4,BTC-27SEP19-4000-P,59.04,0.07200000000000001,0.1,2,1554254053873,17164196,147
2019-04-03 01:14:13.873,0.5,sell,4937.4,BTC-27SEP19-4000-P,58.81,0.0715,0.5,2,1554254053873,17164197,148
2019-04-03 01:14:13.873,0.4,sell,4937.4,BTC-27SEP19-4000-P,57.18,0.068,0.4,2,1554254053873,17164198,149
2019-04-03 18:04:28.719,0.1,buy,5132.72,BTC-27SEP19-4000-P,66.01,0.0745,0.1,0,1554314668719,17221627,150
2019-04-04 00:44:09.197,2.0,buy,4997.35,BTC-27SEP19-4000-P,67.62,0.086,2.0,0,1554338649197,17281821,151
2019-04-04 00:44:09.197,2.1,buy,4997.35,BTC-27SEP19-4000-P,67.62,0.086,2.1,1,1554338649197,17281822,152
2019-04-08 04:43:44.271,0.4,buy,5288.92,BTC-27SEP19-4000-P,69.36,0.0665,0.4,2,1554698624271,17512789,153
2019-04-08 06:25:19.508,7.1000000000000005,sell,5277.14,BTC-27SEP19-4000-P,65.09,0.059000000000000004,7.1000000000000005,2,1554704719508,17514968,154
2019-04-12 10:39:22.282,6.0,sell,5062.14,BTC-27SEP19-4000-P,62.18,0.0665,6.0,0,1555065562282,17744296,155
2019-04-12 10:55:16.864,6.0,sell,5088.45,BTC-27SEP19-4000-P,61.93,0.065,6.0,2,1555066516864,17745622,156
