date_utc,amount,direction,indexPrice,instrument,iv,price,quantity,tickDirection,timeStamp,tradeId,tradeSeq
2019-02-14 23:14:26.394,6.0,sell,3562.91,BTC-27SEP19-4000-P,60.22,0.275,6.0,2,1550186066394,15375449,40
2019-02-14 23:14:29.516,1.1,sell,3562.91,BTC-27SEP19-4000-P,59.74,0.2735,1.1,2,1550186069516,15375450,41
2019-02-15 17:38:15.025,0.1,sell,3567.43,BTC-27SEP19-4000-P,59.61,0.271,0.1,2,1550252295025,15400757,42
2019-02-17 20:09:18.862,6.0,sell,3574.15,BTC-27SEP19-4000-P,60.4,0.2675,6.0,2,1550434158862,15452254,43
2019-02-17 22:30:14.153,6.0,sell,3596.52,BTC-27SEP19-4000-P,59.58,0.261,6.0,2,1550442614153,15454916,44
2019-02-17 23:31:54.406,4.0,buy,3621.17,BTC-27SEP19-4000-P,59.6,0.2565,4.0,2,1550446314406,15457880,45
2019-02-18 07:27:54.521,1.4,sell,3704.96,BTC-27SEP19-4000-P,59.54,0.2375,1.4,2,1550474874521,15501967,46
2019-02-18 07:29:35.827,1.4,sell,3693.68,BTC-27SEP19-4000-P,59.71,0.2395,1.4,0,1550474975827,15502829,47
2019-02-18 14:58:09.177,6.0,sell,3797.35,BTC-27SEP19-4000-P,58.43,0.21600000000000005,6.0,2,1550501889177,15543711,48
2019-02-18 14:59:40.597,6.0,buy,3796.33,BTC-27SEP19-4000-P,57.93,0.215,6.0,2,1550501980597,15543843,49
2019-02-18 15:03:57.776,3.0,buy,3790.68,BTC-27SEP19-4000-P,57.57,0.215,3.0,3,1550502237776,15544288,50
2019-02-18 16:44:17.449,6.0,sell,3867.39,BTC-27SEP19-4000-P,57.63,0.199,6.0,2,1550508257449,15559951,51
2019-02-18 16:44:41.382,1.8,buy,3852.49,BTC-27SEP19-4000-P,58.03,0.202,1.8,0,1550508281382,15561024,52
2019-02-18 17:45:15.300,4.0,sell,3856.99,BTC-27SEP19-4000-P,57.37,0.2005,4.0,2,1550511915300,15570407,53
2019-02-18 17:49:35.965,6.0,sell,3851.32,BTC-27SEP19-4000-P,57.4,0.2015,6.0,0,1550512175965,15570711,54
2019-02-18 18:36:38.978,1.0,sell,3890.17,BTC-27SEP19-4000-P,56.45,0.192,1.0,2,1550514998978,15573594,55
2019-02-18 18:40:03.810,1.8,sell,3885.78,BTC-27SEP19-4000-P,56.4,0.193,1.8,0,1550515203810,15573678,56
2019-02-18 18:40:22.975,1.2,buy,3885.27,BTC-27SEP19-4000-P,56.47,0.193,1.2,1,1550515222975,15573694,57
2019-02-18 19:20:12.895,1.8,sell,3875.08,BTC-27SEP19-4000-P,56.83,0.1945,1.8,0,1550517612895,15575443,58
2019-02-19 13:43:47.784,2.1,sell,3928.27,BTC-27SEP19-4000-P,58.43,0.19,2.1,2,1550583827784,15631047,59
2019-02-19 13:43:57.378,0.9,buy,3928.29,BTC-27SEP19-4000-P,58.43,0.19,0.9,3,1550583837378,15631060,60
2019-02-19 15:09:30.866,2.1,sell,3953.84,BTC-27SEP19-4000-P,58.88,0.188,2.1,2,1550588970866,15647618,61
2019-02-19 15:09:33.200,1.9,buy,3953.84,BTC-27SEP19-4000-P,58.88,0.188,1.9,3,1550588973200,15647626,62
2019-02-20 00:58:37.030,0.5,sell,3880.87,BTC-27SEP19-4000-P,58.08,0.197,0.5,0,1550624317030,15672088,63
2019-02-20 19:58:16.106,5.0,sell,3924.0,BTC-27SEP19-4000-P,56.25,0.184,5.0,2,1550692696106,15709493,64
2019-02-22 07:12:23.916,1.0,sell,3893.75,BTC-27SEP19-4000-P,59.21,0.1965,1.0,0,1550819543916,15758108,65
2019-02-23 22:57:59.856,0.1,buy,4115.35,BTC-27SEP19-4000-P,61.82,0.1725,0.1,2,1550962679856,15852964,66
2019-02-24 04:46:49.572,0.1,sell,4149.74,BTC-27SEP19-4000-P,59.96,0.1635,0.1,2,1550983609572,15867616,67
2019-02-24 12:46:59.801,5.0,sell,4111.32,BTC-27SEP19-4000-P,60.02,0.165,5.0,0,1551012419801,15880537,68
2019-02-24 14:12:01.674,1.0,buy,3933.62,BTC-27SEP19-4000-P,60.26,0.1975,1.0,0,1551017521674,15893041,69
2019-02-24 16:48:11.877,1.0,sell,3757.49,BTC-27SEP19-4000-P,64.32,0.242,1.0,0,1551026891877,15949258,70
2019-03-05 13:14:46.706,1.0,sell,3777.3,BTC-27SEP19-4000-P,58.03,0.21100000000000002,1.0,2,1551791686706,16259450,71
2019-03-06 04:37:29.819,1.7,sell,3824.45,BTC-27SEP19-4000-P,58.49,0.2035,1.7,2,1551847049819,16304582,72
2019-03-06 04:37:59.337,1.7,sell,3824.02,BTC-27SEP19-4000-P,58.49,0.2035,1.7,3,1551847079337,16304583,73
2019-03-06 04:43:20.607,1.7,sell,3822.09,BTC-27SEP19-4000-P,58.52,0.2035,1.7,3,1551847400607,16304658,74
2019-03-06 04:43:42.811,1.7,sell,3822.62,BTC-27SEP19-4000-P,58.57,0.2035,1.7,3,1551847422811,16304676,75
2019-03-07 00:04:03.240,0.2,sell,3870.59,BTC-27SEP19-4000-P,59.22,0.1965,0.2,2,1551917043240,16329282,76
2019-03-07 18:45:16.308,0.1,sell,3864.72,BTC-27SEP19-4000-P,56.86,0.1905,0.1,2,1551984316308,16361060,77
2019-03-08 08:09:54.366,0.5,buy,3868.91,BTC-27SEP19-4000-P,94.56,0.3,0.5,0,1552032594366,16378262,78
2019-03-08 11:29:59.063,0.1,sell,3877.8,BTC-27SEP19-4000-P,56.75,0.1885,0.1,2,1552044599063,16382504,79
2019-03-08 11:50:42.508,1.8,sell,3875.24,BTC-27SEP19-4000-P,56.64,0.18899999999999997,1.8,0,1552045842508,16382661,80
2019-03-08 22:35:57.427,0.1,buy,3818.79,BTC-27SEP19-4000-P,59.86,0.207,0.1,0,1552084557427,16404601,81
2019-03-09 12:46:18.897,1.0,sell,3902.65,BTC-27SEP19-4000-P,57.07,0.1855,1.0,2,1552135578897,16424601,82
2019-03-10 10:33:35.271,0.1,sell,3890.1,BTC-27SEP19-4000-P,57.18,0.1885,0.1,0,1552214015271,16459739,83
2019-03-11 17:10:56.010,1.7,sell,3843.48,BTC-27SEP19-4000-P,57.81,0.1965,1.7,0,1552324256010,16494823,84
2019-03-11 17:10:56.010,3.3000000000000003,sell,3843.48,BTC-27SEP19-4000-P,57.81,0.1965,3.3000000000000003,1,1552324256010,16494824,85
2019-03-12 13:24:42.128,1.0,sell,3863.69,BTC-27SEP19-4000-P,57.31,0.1915,1.0,2,1552397082128,16520408,86
