date_utc,amount,direction,indexPrice,instrument,iv,price,quantity,tickDirection,timeStamp,tradeId,tradeSeq
2019-02-14 05:42:48.517,1.0,buy,3576.68,BTC-29MAR19-6000-C,68.99,0.0015,1.0,1,1550122968517,15355076,756
2019-02-14 05:52:55.352,4.0,buy,3573.42,BTC-29MAR19-6000-C,69.07,0.0015,4.0,1,1550123575352,15355270,757
2019-02-14 07:07:21.803,3.0,buy,3571.96,BTC-29MAR19-6000-C,69.12,0.0015,3.0,1,1550128041803,15355954,758
2019-02-14 08:38:45.285,6.0,sell,3569.23,BTC-29MAR19-6000-C,65.72,0.001,6.0,2,1550133525285,15359105,759
2019-02-15 02:22:23.397,1.0,buy,3568.33,BTC-29MAR19-6000-C,70.06,0.0015,1.0,0,1550197343397,15377325,760
2019-02-15 05:59:38.342,10.0,sell,3576.12,BTC-29MAR19-6000-C,66.2,0.001,10.0,2,1550210378342,15380659,761
2019-02-15 14:03:22.048,10.1,sell,3586.53,BTC-29MAR19-6000-C,66.17,0.001,10.1,3,1550239402048,15388074,762
2019-02-16 10:15:59.859,4.0,buy,3586.93,BTC-29MAR19-6000-C,66.56,0.001,4.0,3,1550312159859,15411389,763
2019-02-16 10:15:59.859,4.0,buy,3586.93,BTC-29MAR19-6000-C,66.56,0.001,4.0,3,1550312159859,15411390,764
2019-02-16 23:29:43.078,33.3,buy,3584.22,BTC-29MAR19-6000-C,71.01,0.0015,33.3,0,1550359783078,15424537,765
2019-02-16 23:29:43.078,10.0,buy,3584.22,BTC-29MAR19-6000-C,71.01,0.0015,10.0,1,1550359783078,15424538,766
2019-02-16 23:29:43.078,9.1,buy,3584.22,BTC-29MAR19-6000-C,71.01,0.0015,9.1,1,1550359783078,15424539,767
2019-02-16 23:29:43.078,22.6,buy,3584.22,BTC-29MAR19-6000-C,71.01,0.0015,22.6,1,1550359783078,15424540,768
2019-02-16 23:57:39.380,40.0,buy,3583.48,BTC-29MAR19-6000-C,70.94,0.0015,40.0,1,1550361459380,15425015,770
2019-02-16 23:57:39.380,10.0,buy,3583.48,BTC-29MAR19-6000-C,70.94,0.0015,10.0,1,1550361459380,15425014,769
2019-02-17 00:08:19.936,10.0,buy,3584.93,BTC-29MAR19-6000-C,70.92,0.0015,10.0,1,1550362099936,15425269,771
2019-02-17 00:08:19.936,37.300000000000004,buy,3584.93,BTC-29MAR19-6000-C,70.92,0.0015,37.300000000000004,1,1550362099936,15425270,772
2019-02-17 00:08:20.205,2.7,sell,3584.93,BTC-29MAR19-6000-C,70.92,0.0015,2.7,1,1550362100205,15425271,773
2019-02-17 13:12:41.587,1.0,buy,3561.06,BTC-29MAR19-6000-C,72.1,0.0015,1.0,1,1550409161587,15447293,774
2019-02-17 18:00:56.398,5.0,buy,3574.5,BTC-29MAR19-6000-C,71.75,0.0015,5.0,1,1550426456398,15451077,775
2019-02-18 04:07:21.752,1.0,buy,3689.3,BTC-29MAR19-6000-C,68.52,0.0015,1.0,1,1550462841752,15489508,776
2019-02-18 04:52:08.262,1.0,sell,3674.61,BTC-29MAR19-6000-C,65.43,0.001,1.0,2,1550465528262,15491629,777
2019-02-18 05:23:10.649,1.0,buy,3663.19,BTC-29MAR19-6000-C,69.36,0.0015,1.0,0,1550467390649,15492994,778
2019-02-18 12:18:47.749,15.0,buy,3705.15,BTC-29MAR19-6000-C,68.29,0.0015,15.0,1,1550492327749,15515137,779
2019-02-18 12:46:58.006,33.0,buy,3717.31,BTC-29MAR19-6000-C,67.95,0.0015,33.0,1,1550494018006,15517134,780
2019-02-18 13:58:29.638,9.0,buy,3799.88,BTC-29MAR19-6000-C,65.56,0.0015,9.0,1,1550498309638,15535378,781
2019-02-18 16:45:10.187,5.0,sell,3860.91,BTC-29MAR19-6000-C,63.28,0.0015,5.0,1,1550508310187,15561613,782
2019-02-18 16:57:56.225,45.0,buy,3865.35,BTC-29MAR19-6000-C,66.08,0.002,45.0,1,1550509076225,15564613,784
2019-02-18 16:57:56.225,25.0,buy,3865.35,BTC-29MAR19-6000-C,66.08,0.002,25.0,0,1550509076225,15564612,783
2019-02-18 18:40:39.522,4.0,buy,3885.12,BTC-29MAR19-6000-C,67.96,0.0025,4.0,0,1550515239522,15573710,785
2019-02-18 19:18:18.500,2.0,buy,3875.73,BTC-29MAR19-6000-C,65.9,0.002,2.0,2,1550517498500,15575244,786
2019-02-18 22:22:39.379,1.0,buy,3857.31,BTC-29MAR19-6000-C,66.5,0.002,1.0,3,1550528559379,15584025,787
2019-02-18 22:22:39.427,1.0,sell,3857.31,BTC-29MAR19-6000-C,66.5,0.002,1.0,3,1550528559427,15584026,788
2019-02-18 22:22:45.249,1.0,sell,3857.31,BTC-29MAR19-6000-C,66.49,0.002,1.0,3,1550528565249,15584027,789
2019-02-19 00:57:00.740,0.1,buy,3928.29,BTC-29MAR19-6000-C,68.46,0.003,0.1,0,1550537820740,15596874,790
2019-02-19 00:57:51.063,0.1,buy,3925.33,BTC-29MAR19-6000-C,68.5,0.003,0.1,1,1550537871063,15596925,791
2019-02-19 01:00:45.431,0.4,buy,3920.67,BTC-29MAR19-6000-C,68.68,0.003,0.4,1,1550538045431,15597148,792
2019-02-19 02:30:42.085,10.0,sell,3858.99,BTC-29MAR19-6000-C,66.31,0.002,10.0,2,1550543442085,15605440,793
2019-02-19 02:30:42.085,17.0,sell,3858.99,BTC-29MAR19-6000-C,66.31,0.002,17.0,3,1550543442085,15605441,794
2019-02-19 10:00:36.239,1.4000000000000001,buy,3864.24,BTC-29MAR19-6000-C,72.6,0.0035,1.4000000000000001,1,1550570436239,15618042,796
2019-02-19 10:00:36.239,4.0,buy,3864.24,BTC-29MAR19-6000-C,72.6,0.0035,4.0,0,1550570436239,15618041,795
2019-02-19 13:37:24.300,0.1,buy,3934.9,BTC-29MAR19-6000-C,70.41,0.0035,0.1,1,1550583444300,15629751,797
2019-02-19 13:37:32.034,0.1,buy,3936.51,BTC-29MAR19-6000-C,70.38,0.0035,0.1,1,1550583452034,15629791,798
2019-02-19 13:44:04.827,0.1,sell,3928.99,BTC-29MAR19-6000-C,68.79,0.003,0.1,2,1550583844827,15631063,799
2019-02-19 14:00:26.522,0.1,sell,3959.65,BTC-29MAR19-6000-C,65.78,0.0025,0.1,2,1550584826522,15637044,800
2019-02-19 14:46:02.522,0.2,buy,3919.61,BTC-29MAR19-6000-C,69.19,0.003,0.2,0,1550587562522,15644465,801
2019-02-19 15:06:27.573,0.2,sell,3954.97,BTC-29MAR19-6000-C,68.18,0.003,0.2,1,1550588787573,15646942,802
2019-02-19 18:32:44.570,1.0,sell,3929.44,BTC-29MAR19-6000-C,67.13,0.0025,1.0,2,1550601164570,15658622,803
2019-02-19 22:36:56.667,0.5,sell,3916.12,BTC-29MAR19-6000-C,67.54,0.0025,0.5,3,1550615816667,15667308,804
2019-02-19 22:37:05.608,0.5,sell,3915.82,BTC-29MAR19-6000-C,65.21,0.002,0.5,2,1550615825608,15667311,805
2019-02-20 17:34:32.151,1.0,buy,3923.09,BTC-29MAR19-6000-C,70.21,0.003,1.0,0,1550684072151,15706853,806
2019-02-20 17:34:32.151,1.0,buy,3923.09,BTC-29MAR19-6000-C,70.21,0.003,1.0,1,1550684072151,15706854,807
2019-02-20 22:39:48.384,1.0,buy,3932.47,BTC-29MAR19-6000-C,70.06,0.003,1.0,1,1550702388384,15713203,808
