date_utc,amount,direction,indexPrice,instrument,iv,price,quantity,tickDirection,timeStamp,tradeId,tradeSeq
2019-04-26 08:35:16.410,3.0,buy,5181.17,BTC-28JUN19-6500-P,54.45,0.28,3.0,1,1556267716410,18320225,1
2019-04-26 08:35:40.934,3.0,buy,5180.76,BTC-28JUN19-6500-P,58.76,0.285,3.0,0,1556267740934,18320244,2
2019-05-07 23:39:32.704,0.1,buy,5839.13,BTC-28JUN19-6500-P,60.05,0.1635,0.1,2,1557272372704,19087031,3
2019-05-10 12:48:43.683,1.0,sell,6289.21,BTC-28JUN19-6500-P,62.37,0.12,1.0,2,1557492523683,19356627,4
2019-05-10 17:08:20.472,1.0,buy,6365.62,BTC-28JUN19-6500-P,65.61,0.1155,1.0,2,1557508100472,19383142,5
2019-05-10 21:09:32.291,0.1,buy,6315.84,BTC-28JUN19-6500-P,66.48,0.1225,0.1,0,1557522572291,19407829,6
2019-05-11 04:53:52.057,0.1,buy,6687.25,BTC-28JUN19-6500-P,67.01,0.0875,0.1,2,1557550432057,19457598,7
2019-05-11 06:08:31.054,0.1,sell,6812.71,BTC-28JUN19-6500-P,65.52,0.077,0.1,2,1557554911054,19479024,8
2019-05-11 09:27:43.768,1.0,buy,6741.27,BTC-28JUN19-6500-P,69.46,0.086,1.0,0,1557566863768,19543842,9
2019-05-11 09:49:59.046,1.0,buy,6793.61,BTC-28JUN19-6500-P,68.03,0.081,1.0,2,1557568199046,19545851,10
2019-05-11 10:20:10.605,1.1,buy,6814.36,BTC-28JUN19-6500-P,68.13,0.079,1.1,2,1557570010605,19549647,11
2019-05-11 10:24:53.400,1.5,buy,6819.41,BTC-28JUN19-6500-P,68.04,0.0785,1.5,2,1557570293400,19550242,12
2019-05-11 10:54:27.121,5.0,buy,6837.66,BTC-28JUN19-6500-P,69.02,0.0785,5.0,3,1557572067121,19553715,13
2019-05-11 10:58:49.564,1.5,buy,6841.25,BTC-28JUN19-6500-P,71.52,0.08199999999999999,1.5,0,1557572329564,19554041,14
2019-05-11 11:56:21.224,12.8,buy,6790.82,BTC-28JUN19-6500-P,78.69,0.095,12.8,0,1557575781224,19558677,15
2019-05-11 11:56:21.597,7.2,buy,6790.82,BTC-28JUN19-6500-P,78.69,0.095,7.2,1,1557575781597,19558679,16
2019-05-11 13:20:11.665,3.8,sell,6803.79,BTC-28JUN19-6500-P,75.25,0.08800000000000001,3.8,2,1557580811665,19567379,17
2019-05-11 13:56:23.593,2.0,buy,6806.03,BTC-28JUN19-6500-P,77.92,0.091,2.0,0,1557582983593,19569500,18
2019-05-11 14:00:14.743,1.0,buy,6808.41,BTC-28JUN19-6500-P,77.06,0.0895,1.0,2,1557583214743,19569686,19
2019-05-11 14:02:43.940,1.0,buy,6811.2,BTC-28JUN19-6500-P,76.91,0.0895,1.0,3,1557583363940,19569804,20
2019-05-11 14:02:44.154,2.0,sell,6811.2,BTC-28JUN19-6500-P,76.91,0.0895,2.0,3,1557583364154,19569805,21
2019-05-11 14:12:15.012,1.0,sell,6824.14,BTC-28JUN19-6500-P,75.35,0.086,1.0,2,1557583935012,19570489,22
2019-05-11 14:37:27.861,2.0,sell,6791.3,BTC-28JUN19-6500-P,73.24,0.086,2.0,3,1557585447861,19573618,23
2019-05-11 15:18:41.541,1.0,sell,6816.0,BTC-28JUN19-6500-P,73.09,0.0835,1.0,2,1557587921541,19577997,24
2019-05-11 15:18:42.899,1.0,sell,6816.26,BTC-28JUN19-6500-P,73.09,0.0835,1.0,3,1557587922899,19578008,25
2019-05-11 15:18:44.126,1.0,sell,6816.23,BTC-28JUN19-6500-P,73.09,0.0835,1.0,3,1557587924126,19578012,26
2019-05-11 16:13:50.237,6.0,sell,6977.87,BTC-28JUN19-6500-P,75.55,0.076,6.0,2,1557591230237,19595433,27
2019-05-11 16:24:24.971,3.0,sell,6988.28,BTC-28JUN19-6500-P,73.39,0.0725,3.0,2,1557591864971,19602648,28
2019-05-11 16:26:48.985,1.0,buy,6983.58,BTC-28JUN19-6500-P,75.01,0.075,1.0,0,1557592008985,19603176,29
2019-05-11 16:28:31.095,2.0,buy,6978.86,BTC-28JUN19-6500-P,74.76,0.075,2.0,1,1557592111095,19603533,30
2019-05-11 20:19:06.578,2.0,buy,6951.81,BTC-28JUN19-6500-P,75.9,0.0775,2.0,0,1557605946578,19635613,31
2019-05-11 21:40:08.213,1.0,sell,6948.09,BTC-28JUN19-6500-P,73.19,0.07400000000000001,1.0,2,1557610808213,19640209,32
2019-05-11 21:46:44.899,1.0,sell,7002.83,BTC-28JUN19-6500-P,74.26,0.07200000000000001,1.0,2,1557611204899,19641667,33
2019-05-11 21:57:28.912,1.0,sell,7061.84,BTC-28JUN19-6500-P,73.89,0.068,1.0,2,1557611848912,19645840,34
2019-05-11 21:57:28.912,2.0,sell,7061.84,BTC-28JUN19-6500-P,72.75,0.0665,2.0,2,1557611848912,19645841,35
2019-05-11 22:14:31.512,1.0,sell,7117.94,BTC-28JUN19-6500-P,74.22,0.064,1.0,2,1557612871512,19660377,36
2019-05-11 22:15:07.212,1.0,buy,7115.34,BTC-28JUN19-6500-P,78.96,0.0705,1.0,0,1557612907212,19660707,37
2019-05-11 22:32:57.625,3.0,sell,7252.74,BTC-28JUN19-6500-P,78.27,0.0615,3.0,2,1557613977625,19671531,38
2019-05-12 02:28:35.813,0.3,buy,7250.64,BTC-28JUN19-6500-P,84.37,0.07200000000000001,0.3,0,1557628115813,19787834,39
2019-05-12 07:50:59.458,1.0,buy,7527.15,BTC-28JUN19-6500-P,88.94,0.0645,1.0,2,1557647459458,19840868,40
2019-05-12 08:02:31.191,0.4,sell,7546.62,BTC-28JUN19-6500-P,86.49,0.061,0.4,2,1557648151191,19842695,41
2019-05-12 08:06:51.180,0.6,sell,7573.94,BTC-28JUN19-6500-P,87.36,0.061,0.6,3,1557648411180,19844184,42
