date_utc,amount,direction,indexPrice,instrument,iv,price,quantity,tickDirection,timeStamp,tradeId,tradeSeq
2019-04-26 08:35:16.410,3.0,buy,5181.17,BTC-28JUN19-6500-P,54.45,0.28,3.0,1,1556267716410,18320225,1
2019-04-26 08:35:40.934,3.0,buy,5180.76,BTC-28JUN19-6500-P,58.76,0.285,3.0,0,1556267740934,18320244,2
2019-05-07 23:39:32.704,0.1,buy,5839.13,BTC-28JUN19-6500-P,60.05,0.1635,0.1,2,1557272372704,19087031,3
2019-05-10 12:48:43.683,1.0,sell,6289.21,BTC-28JUN19-6500-P,62.37,0.12,1.0,2,1557492523683,19356627,4
2019-05-10 17:08:20.472,1.0,buy,6365.62,BTC-28JUN19-6500-P,65.61,0.1155,1.0,2,1557508100472,19383142,5
2019-05-10 21:09:32.291,0.1,buy,6315.84,BTC-28JUN19-6500-P,66.48,0.1225,0.1,0,1557522572291,19407829,6
2019-05-11 04:53:52.057,0.1,buy,6687.25,BTC-28JUN19-6500-P,67.01,0.0875,0.1,2,1557550432057,19457598,7
2019-05-11 06:08:31.054,0.1,sell,6812.71,BTC-28JUN19-6500-P,65.52,0.077,0.1,2,1557554911054,19479024,8
2019-05-11 09:27:43.768,1.0,buy,6741.27,BTC-28JUN19-6500-P,69.46,0.086,1.0,0,1557566863768,19543842,9
2019-05-11 09:49:59.046,1.0,buy,6793.61,BTC-28JUN19-6500-P,68.03,0.081,1.0,2,1557568199046,19545851,10
2019-05-11 10:20:10.605,1.1,buy,6814.36,BTC-28JUN19-6500-P,68.13,0.079,1.1,2,1557570010605,19549647,11
2019-05-11 10:24:53.400,1.5,buy,6819.41,BTC-28JUN19-6500-P,68.04,0.0785,1.5,2,1557570293400,19550242,12
2019-05-11 10:54:27.121,5.0,buy,6837.66,BTC-28JUN19-6500-P,69.02,0.0785,5.0,3,1557572067121,19553715,13
2019-05-11 10:58:49.564,1.5,buy,6841.25,BTC-28JUN19-6500-P,71.52,0.08199999999999999,1.5,0,1557572329564,19554041,14
2019-05-11 11:56:21.224,12.8,buy,6790.82,BTC-28JUN19-6500-P,78.69,0.095,12.8,0,1557575781224,19558677,15
2019-05-11 11:56:21.597,7.2,buy,6790.82,BTC-28JUN19-6500-P,78.69,0.095,7.2,1,1557575781597,19558679,16
2019-05-11 13:20:11.665,3.8,sell,6803.79,BTC-28JUN19-6500-P,75.25,0.08800000000000001,3.8,2,1557580811665,19567379,17
2019-05-11 13:56:23.593,2.0,buy,6806.03,BTC-28JUN19-6500-P,77.92,0.091,2.0,0,1557582983593,19569500,18
2019-05-11 14:00:14.743,1.0,buy,6808.41,BTC-28JUN19-6500-P,77.06,0.0895,1.0,2,1557583214743,19569686,19
2019-05-11 14:02:43.940,1.0,buy,6811.2,BTC-28JUN19-6500-P,76.91,0.0895,1.0,3,1557583363940,19569804,20
2019-05-11 14:02:44.154,2.0,sell,6811.2,BTC-28JUN19-6500-P,76.91,0.0895,2.0,3,1557583364154,19569805,21
2019-05-11 14:12:15.012,1.0,sell,6824.14,BTC-28JUN19-6500-P,75.35,0.086,1.0,2,1557583935012,19570489,22
2019-05-11 14:37:27.861,2.0,sell,6791.3,BTC-28JUN19-6500-P,73.24,0.086,2.0,3,1557585447861,19573618,23
2019-05-11 15:18:41.541,1.0,sell,6816.0,BTC-28JUN19-6500-P,73.09,0.0835,1.0,2,1557587921541,19577997,24
2019-05-11 15:18:42.899,1.0,sell,6816.26,BTC-28JUN19-6500-P,73.09,0.0835,1.0,3,1557587922899,19578008,25
2019-05-11 15:18:44.126,1.0,sell,6816.23,BTC-28JUN19-6500-P,73.09,0.0835,1.0,3,1557587924126,19578012,26
2019-05-11 16:13:50.237,6.0,sell,6977.87,BTC-28JUN19-6500-P,75.55,0.076,6.0,2,1557591230237,19595433,27
2019-05-11 16:24:24.971,3.0,sell,6988.28,BTC-28JUN19-6500-P,73.39,0.0725,3.0,2,1557591864971,19602648,28
2019-05-11 16:26:48.985,1.0,buy,6983.58,BTC-28JUN19-6500-P,75.01,0.075,1.0,0,1557592008985,19603176,29
2019-05-11 16:28:31.095,2.0,buy,6978.86,BTC-28JUN19-6500-P,74.76,0.075,2.0,1,1557592111095,19603533,30
2019-05-11 20:19:06.578,2.0,buy,6951.81,BTC-28JUN19-6500-P,75.9,0.0775,2.0,0,1557605946578,19635613,31
2019-05-11 21:40:08.213,1.0,sell,6948.09,BTC-28JUN19-6500-P,73.19,0.07400000000000001,1.0,2,1557610808213,19640209,32
2019-05-11 21:46:44.899,1.0,sell,7002.83,BTC-28JUN19-6500-P,74.26,0.07200000000000001,1.0,2,1557611204899,19641667,33
2019-05-11 21:57:28.912,1.0,sell,7061.84,BTC-28JUN19-6500-P,73.89,0.068,1.0,2,1557611848912,19645840,34
2019-05-11 21:57:28.912,2.0,sell,7061.84,BTC-28JUN19-6500-P,72.75,0.0665,2.0,2,1557611848912,19645841,35
2019-05-11 22:14:31.512,1.0,sell,7117.94,BTC-28JUN19-6500-P,74.22,0.064,1.0,2,1557612871512,19660377,36
2019-05-11 22:15:07.212,1.0,buy,7115.34,BTC-28JUN19-6500-P,78.96,0.0705,1.0,0,1557612907212,19660707,37
2019-05-11 22:32:57.625,3.0,sell,7252.74,BTC-28JUN19-6500-P,78.27,0.0615,3.0,2,1557613977625,19671531,38
2019-05-12 02:28:35.813,0.3,buy,7250.64,BTC-28JUN19-6500-P,84.37,0.07200000000000001,0.3,0,1557628115813,19787834,39
2019-05-12 07:50:59.458,1.0,buy,7527.15,BTC-28JUN19-6500-P,88.94,0.0645,1.0,2,1557647459458,19840868,40
2019-05-12 08:02:31.191,0.4,sell,7546.62,BTC-28JUN19-6500-P,86.49,0.061,0.4,2,1557648151191,19842695,41
2019-05-12 08:06:51.180,0.6,sell,7573.94,BTC-28JUN19-6500-P,87.36,0.061,0.6,3,1557648411180,19844184,42
2019-05-12 13:02:02.770,1.0,buy,7157.94,BTC-28JUN19-6500-P,83.96,0.0755,1.0,0,1557666122770,19970479,43
2019-05-12 17:47:45.813,12.8,sell,6893.44,BTC-28JUN19-6500-P,70.54,0.0725,12.8,2,1557683265813,20044606,44
2019-05-12 23:19:06.692,2.0,buy,6877.92,BTC-28JUN19-6500-P,78.97,0.0855,2.0,0,1557703146692,20105040,45
2019-05-13 11:07:54.078,0.1,buy,7077.13,BTC-28JUN19-6500-P,76.9,0.07,0.1,2,1557745674078,20154838,46
2019-05-13 11:26:29.301,5.0,sell,7167.52,BTC-28JUN19-6500-P,79.59,0.0685,5.0,2,1557746789301,20156615,47
2019-05-13 11:37:58.866,2.0,sell,7267.37,BTC-28JUN19-6500-P,80.06,0.064,2.0,2,1557747478866,20161378,48
2019-05-13 11:50:28.715,3.0,sell,7298.33,BTC-28JUN19-6500-P,76.55,0.057999999999999996,3.0,3,1557748228715,20165117,50
2019-05-13 11:50:28.715,1.0,sell,7298.33,BTC-28JUN19-6500-P,76.55,0.057999999999999996,1.0,2,1557748228715,20165116,49
2019-05-13 13:47:56.916,1.0,sell,7424.32,BTC-28JUN19-6500-P,78.48,0.054000000000000006,1.0,2,1557755276916,20186610,51
2019-05-13 14:12:13.371,2.1,sell,7423.59,BTC-28JUN19-6500-P,76.66,0.0525,2.1,2,1557756733371,20190243,52
2019-05-13 14:38:36.939,1.0,sell,7516.86,BTC-28JUN19-6500-P,79.35,0.051,1.0,2,1557758316939,20196222,53
2019-05-13 15:08:39.493,1.0,sell,7662.98,BTC-28JUN19-6500-P,81.7,0.047,1.0,2,1557760119493,20208313,54
2019-05-13 15:11:40.560,1.0,sell,7737.78,BTC-28JUN19-6500-P,81.84,0.044000000000000004,1.0,2,1557760300560,20213474,55
2019-05-13 15:13:22.852,1.0,sell,7815.2,BTC-28JUN19-6500-P,82.37,0.042,1.0,2,1557760402852,20217502,56
2019-05-13 15:13:38.036,1.0,sell,7834.39,BTC-28JUN19-6500-P,82.55,0.040999999999999995,1.0,2,1557760418036,20217951,57
2019-05-13 15:14:15.122,1.0,sell,7913.3,BTC-28JUN19-6500-P,83.0,0.038,1.0,2,1557760455122,20219595,58
2019-05-13 15:14:58.965,5.0,buy,7875.44,BTC-28JUN19-6500-P,83.79,0.04,5.0,0,1557760498965,20221283,59
2019-05-13 15:15:03.448,5.0,sell,7843.82,BTC-28JUN19-6500-P,84.95,0.042,5.0,0,1557760503448,20221397,60
2019-05-13 15:15:05.732,2.8000000000000003,sell,7841.2,BTC-28JUN19-6500-P,84.84,0.042,2.8000000000000003,1,1557760505732,20221455,61
2019-05-13 15:23:20.473,5.0,sell,7804.88,BTC-28JUN19-6500-P,79.93,0.0395,5.0,2,1557761000473,20231306,62
2019-05-13 15:45:52.226,0.2,buy,7754.28,BTC-28JUN19-6500-P,89.02,0.0515,0.2,0,1557762352226,20243706,63
2019-05-13 15:48:36.083,1.0,buy,7746.83,BTC-28JUN19-6500-P,88.17,0.051,1.0,2,1557762516083,20244685,64
2019-05-13 16:25:01.011,0.1,sell,7854.2,BTC-28JUN19-6500-P,88.84,0.0475,0.1,2,1557764701011,20259871,65
2019-05-13 16:33:14.299,5.0,buy,7850.14,BTC-28JUN19-6500-P,90.22,0.0495,5.0,0,1557765194299,20262218,66
2019-05-13 16:50:10.556,2.0,sell,7898.21,BTC-28JUN19-6500-P,82.43,0.0395,2.0,2,1557766210556,20267154,67
2019-05-13 20:02:57.227,0.2,buy,7860.63,BTC-28JUN19-6500-P,92.06,0.0505,0.2,0,1557777777227,20302503,68
2019-05-13 23:15:25.604,0.2,buy,7730.59,BTC-28JUN19-6500-P,103.93,0.0675,0.2,0,1557789325604,20359154,69
2019-05-13 23:40:35.892,29.0,buy,7794.25,BTC-28JUN19-6500-P,102.0,0.0635,29.0,2,1557790835892,20367832,70
2019-05-13 23:52:03.238,0.2,sell,7841.08,BTC-28JUN19-6500-P,102.0,0.0615,0.2,2,1557791523238,20369792,71
2019-05-14 01:57:43.254,0.2,buy,7998.87,BTC-28JUN19-6500-P,101.58,0.055,0.2,2,1557799063254,20395551,72
2019-05-14 06:32:13.684,1.0,sell,8040.94,BTC-28JUN19-6500-P,95.09,0.0455,1.0,2,1557815533684,20435986,73
2019-05-14 07:17:57.884,1.0,buy,8104.01,BTC-28JUN19-6500-P,100.18,0.0485,1.0,0,1557818277884,20444958,74
2019-05-14 07:36:55.196,1.0,sell,8220.49,BTC-28JUN19-6500-P,100.11,0.045,1.0,2,1557819415196,20450432,75
2019-05-14 08:35:18.602,1.0,buy,8234.09,BTC-28JUN19-6500-P,95.76,0.040999999999999995,1.0,2,1557822918602,20470181,76
2019-05-14 08:36:49.141,0.1,buy,8231.72,BTC-28JUN19-6500-P,100.82,0.046,0.1,0,1557823009141,20470288,77
2019-05-14 08:54:53.478,0.4,buy,8024.49,BTC-28JUN19-6500-P,96.25,0.0475,0.4,0,1557824093478,20477467,78
2019-05-14 11:04:00.339,0.1,sell,8055.08,BTC-28JUN19-6500-P,99.24,0.0495,0.1,0,1557831840339,20505110,79
2019-05-14 12:45:49.639,0.4,sell,8159.67,BTC-28JUN19-6500-P,101.24,0.048,0.4,2,1557837949639,20516943,80
2019-05-14 13:10:53.973,0.1,sell,8139.97,BTC-28JUN19-6500-P,95.14,0.043,0.1,2,1557839453973,20520693,81
2019-05-14 14:12:50.453,0.3,sell,8185.07,BTC-28JUN19-6500-P,97.5,0.044000000000000004,0.3,0,1557843170453,20525483,82
2019-05-14 14:46:06.812,1.0,buy,7933.28,BTC-28JUN19-6500-P,100.21,0.055,1.0,0,1557845166812,20533722,83
2019-05-14 15:21:05.946,0.1,buy,8084.61,BTC-28JUN19-6500-P,100.68,0.0505,0.1,2,1557847265946,20539428,84
2019-05-14 22:10:43.247,3.0,sell,7861.58,BTC-28JUN19-6500-P,87.71,0.044000000000000004,3.0,2,1557871843247,20625447,85
2019-05-15 06:57:16.371,16.0,buy,7994.31,BTC-28JUN19-6500-P,98.68,0.05,16.0,0,1557903436371,20672186,86
2019-05-15 06:57:16.373,9.0,sell,7994.31,BTC-28JUN19-6500-P,98.68,0.05,9.0,1,1557903436373,20672187,87
2019-05-15 07:01:07.082,16.0,sell,8020.53,BTC-28JUN19-6500-P,99.66,0.05,16.0,1,1557903667082,20672300,88
2019-05-15 07:01:07.280,9.0,sell,8020.93,BTC-28JUN19-6500-P,99.66,0.05,9.0,1,1557903667280,20672301,89
2019-05-15 08:04:25.896,10.0,buy,7872.57,BTC-28JUN19-6500-P,99.3,0.055,10.0,0,1557907465896,20681337,90
2019-05-15 08:04:58.941,10.0,sell,7869.78,BTC-28JUN19-6500-P,99.74,0.0555,10.0,0,1557907498941,20681393,91
2019-05-15 17:35:39.338,0.2,sell,8109.12,BTC-28JUN19-6500-P,92.65,0.0405,0.2,2,1557941739338,20746043,92
2019-05-16 06:46:22.167,10.0,sell,8057.78,BTC-28JUN19-6500-P,94.93,0.0425,10.0,0,1557989182167,20878212,93
2019-05-16 19:50:42.971,1.0,buy,7794.52,BTC-28JUN19-6500-P,94.6,0.05,1.0,0,1558036242971,20970465,94
2019-05-17 03:10:10.509,1.0,buy,6667.96,BTC-28JUN19-6500-P,92.93,0.09,1.0,0,1558062610509,21049924,95
2019-05-17 03:12:33.825,0.2,sell,7064.12,BTC-28JUN19-6500-P,89.54,0.071,0.2,2,1558062753825,21055976,96
2019-05-17 03:14:35.976,0.2,buy,7108.35,BTC-28JUN19-6500-P,87.64,0.0695,0.2,2,1558062875976,21059069,97
2019-05-17 04:41:50.072,5.0,buy,7280.57,BTC-28JUN19-6500-P,103.13,0.0815,5.0,1,1558068110072,21101936,99
2019-05-17 04:41:50.072,4.0,buy,7280.57,BTC-28JUN19-6500-P,103.13,0.0815,4.0,1,1558068110072,21101937,100
2019-05-17 04:41:50.072,10.0,buy,7280.57,BTC-28JUN19-6500-P,103.13,0.0815,10.0,0,1558068110072,21101935,98
2019-05-17 05:59:11.553,4.8,buy,7123.64,BTC-28JUN19-6500-P,94.8,0.078,4.8,2,1558072751553,21116804,101
2019-05-17 05:59:11.597,0.2,buy,7123.64,BTC-28JUN19-6500-P,94.8,0.078,0.2,3,1558072751597,21116805,102
2019-05-17 05:59:14.977,5.0,buy,7123.6,BTC-28JUN19-6500-P,95.58,0.079,5.0,0,1558072754977,21116863,103
2019-05-17 05:59:27.583,3.0,buy,7122.84,BTC-28JUN19-6500-P,96.26,0.08,3.0,0,1558072767583,21117063,104
2019-05-17 07:47:15.991,2.0,buy,7343.04,BTC-28JUN19-6500-P,94.8,0.068,2.0,2,1558079235991,21128584,105
2019-05-17 08:07:45.897,0.7000000000000001,buy,7247.88,BTC-28JUN19-6500-P,97.09,0.075,0.7000000000000001,0,1558080465897,21131104,106
2019-05-17 08:08:26.402,7.3,buy,7228.78,BTC-28JUN19-6500-P,95.96,0.075,7.3,1,1558080506402,21131216,107
2019-05-17 09:22:45.904,1.8,buy,7269.29,BTC-28JUN19-6500-P,103.67,0.0825,1.8,0,1558084965904,21137100,108
2019-05-17 12:15:17.957,0.1,buy,6979.14,BTC-28JUN19-6500-P,95.95,0.087,0.1,0,1558095317957,21161133,109
2019-05-17 12:31:49.024,0.1,sell,6996.43,BTC-28JUN19-6500-P,95.04,0.085,0.1,2,1558096309024,21168359,110
2019-05-17 12:32:02.320,0.9,sell,6982.61,BTC-28JUN19-6500-P,94.99,0.0855,0.9,0,1558096322320,21168394,111
2019-05-17 12:32:03.536,0.1,buy,6983.42,BTC-28JUN19-6500-P,95.48,0.086,0.1,0,1558096323536,21168421,112
2019-05-17 12:32:06.093,0.1,buy,6979.99,BTC-28JUN19-6500-P,96.15,0.087,0.1,0,1558096326093,21168453,113
2019-05-17 14:50:35.577,2.0,buy,7208.14,BTC-28JUN19-6500-P,96.28,0.0755,2.0,2,1558104635577,21184254,114
2019-05-17 17:18:02.406,0.5,sell,7100.24,BTC-28JUN19-6500-P,95.04,0.08,0.5,0,1558113482406,21204085,115
2019-05-17 17:55:27.769,0.5,buy,6992.94,BTC-28JUN19-6500-P,100.86,0.094,0.5,0,1558115727769,21210254,116
2019-05-18 21:58:03.989,3.0,sell,7342.86,BTC-28JUN19-6500-P,96.91,0.0715,3.0,2,1558216683989,21319657,117
2019-05-18 21:58:03.989,3.3000000000000003,sell,7342.86,BTC-28JUN19-6500-P,96.91,0.0715,3.3000000000000003,3,1558216683989,21319658,118
2019-05-19 03:44:02.159,0.1,buy,7893.92,BTC-28JUN19-6500-P,105.57,0.0575,0.1,2,1558237442159,21362396,119
2019-05-19 08:43:55.494,0.1,buy,7952.13,BTC-28JUN19-6500-P,107.91,0.0565,0.1,2,1558255435494,21386422,120
2019-05-19 09:47:41.230,12.8,sell,7992.31,BTC-28JUN19-6500-P,101.4,0.049,12.8,2,1558259261230,21388843,121
2019-05-19 09:47:41.230,0.1,sell,7992.31,BTC-28JUN19-6500-P,100.36,0.048,0.1,2,1558259261230,21388844,122
2019-05-19 09:47:41.230,0.2,sell,7992.31,BTC-28JUN19-6500-P,97.23,0.045,0.2,2,1558259261230,21388845,123
2019-05-19 09:47:41.230,6.9,sell,7992.31,BTC-28JUN19-6500-P,96.18,0.044000000000000004,6.9,2,1558259261230,21388846,124
2019-05-19 09:47:54.139,12.8,sell,7994.77,BTC-28JUN19-6500-P,99.92,0.0475,12.8,0,1558259274139,21388867,125
2019-05-19 09:47:54.139,1.0,sell,7994.77,BTC-28JUN19-6500-P,90.93,0.039,1.0,2,1558259274139,21388868,126
2019-05-19 09:47:54.139,1.0,sell,7994.77,BTC-28JUN19-6500-P,68.84,0.02,1.0,2,1558259274139,21388869,127
2019-05-19 09:47:56.665,5.2,buy,7994.8,BTC-28JUN19-6500-P,54.55,0.01,5.2,2,1558259276665,21388870,128
2019-05-19 23:31:58.916,12.8,buy,8221.58,BTC-28JUN19-6500-P,96.82,0.0345,12.8,0,1558308718916,21481934,129
2019-05-19 23:32:21.456,25.0,buy,8219.78,BTC-28JUN19-6500-P,96.76,0.0345,25.0,1,1558308741456,21482031,130
2019-05-19 23:32:25.155,2.2,buy,8218.05,BTC-28JUN19-6500-P,96.65,0.0345,2.2,1,1558308745155,21482047,131
2019-05-20 03:15:52.784,10.0,sell,7975.9,BTC-28JUN19-6500-P,95.5,0.0405,10.0,0,1558322152784,21517818,132
2019-05-20 08:51:59.448,1.0,buy,7798.9,BTC-28JUN19-6500-P,94.74,0.045,1.0,0,1558342319448,21550699,133
2019-05-20 12:30:33.266,1.1,buy,7842.91,BTC-28JUN19-6500-P,100.59,0.049,1.1,0,1558355433266,21567974,134
2019-05-20 13:06:50.503,8.9,buy,7651.08,BTC-28JUN19-6500-P,93.99,0.049,8.9,1,1558357610503,21579343,135
2019-05-20 17:29:54.125,5.0,buy,7805.26,BTC-28JUN19-6500-P,96.07,0.046,5.0,2,1558373394125,21604897,136
2019-05-20 17:31:37.923,19.3,buy,7798.54,BTC-28JUN19-6500-P,95.88,0.046,19.3,3,1558373497923,21605083,137
2019-05-20 17:31:42.880,0.7000000000000001,buy,7798.43,BTC-28JUN19-6500-P,95.88,0.046,0.7000000000000001,3,1558373502880,21605086,138
2019-05-21 19:33:38.596,0.1,buy,7995.02,BTC-28JUN19-6500-P,91.73,0.0355,0.1,2,1558467218596,21719666,139
2019-05-22 15:21:34.577,8.0,sell,7945.95,BTC-28JUN19-6500-P,90.94,0.035,8.0,2,1558538494577,21779413,140
2019-05-22 20:21:49.067,2.7,buy,7795.17,BTC-28JUN19-6500-P,89.36,0.038,2.7,0,1558556509067,21805256,141
2019-05-22 20:22:28.431,5.3,buy,7759.45,BTC-28JUN19-6500-P,88.01,0.038,5.3,1,1558556548431,21806316,142
2019-05-22 21:32:49.201,10.0,buy,7759.52,BTC-28JUN19-6500-P,91.91,0.041,10.0,0,1558560769201,21821716,143
2019-05-23 20:48:51.530,12.8,sell,7812.46,BTC-28JUN19-6500-P,90.51,0.038,12.8,2,1558644531530,21932539,144
2019-05-23 20:48:51.530,5.0,sell,7812.46,BTC-28JUN19-6500-P,90.51,0.038,5.0,3,1558644531530,21932540,145
2019-05-23 23:55:23.058,1.0,sell,7876.64,BTC-28JUN19-6500-P,88.88,0.034,1.0,2,1558655723058,21950992,146
2019-05-24 05:26:42.024,0.9,sell,7823.48,BTC-28JUN19-6500-P,92.36,0.038,0.9,0,1558675602024,21963493,147
2019-05-24 05:45:45.095,0.1,sell,7826.71,BTC-28JUN19-6500-P,92.52,0.038,0.1,1,1558676745095,21964145,148
2019-05-24 07:56:19.746,0.1,sell,7873.99,BTC-28JUN19-6500-P,90.9,0.035,0.1,2,1558684579746,21968839,149
2019-05-24 08:19:25.269,2.0,sell,7946.58,BTC-28JUN19-6500-P,92.15,0.034,2.0,2,1558685965269,21970631,150
2019-05-24 14:39:05.695,1.0,sell,8022.58,BTC-28JUN19-6500-P,88.52,0.0285,1.0,2,1558708745695,21991657,151
2019-05-24 15:18:19.760,2.5,buy,8131.77,BTC-28JUN19-6500-P,88.21,0.0255,2.5,2,1558711099760,21997160,152
2019-05-24 16:06:23.077,1.0,buy,8131.72,BTC-28JUN19-6500-P,90.36,0.027000000000000003,1.0,0,1558713983077,22000795,153
2019-05-24 16:06:53.653,1.0,sell,8136.57,BTC-28JUN19-6500-P,90.53,0.027000000000000003,1.0,1,1558714013653,22000860,154
2019-05-25 12:47:26.074,3.0,buy,8084.81,BTC-28JUN19-6500-P,92.18,0.0285,3.0,0,1558788446074,22054949,155
2019-05-25 12:47:52.605,2.0,buy,8085.54,BTC-28JUN19-6500-P,92.85,0.028999999999999998,2.0,0,1558788472605,22054950,156
2019-05-26 04:06:52.512,0.2,sell,8028.44,BTC-28JUN19-6500-P,93.15,0.03,0.2,0,1558843612512,22084171,157
2019-05-26 10:44:35.427,1.1,buy,7979.23,BTC-28JUN19-6500-P,93.81,0.0315,1.1,0,1558867475427,22095589,158
2019-05-26 19:38:12.378,1.0,sell,8542.08,BTC-28JUN19-6500-P,88.7,0.015,1.0,2,1558899492378,22140387,159
2019-05-26 19:58:32.408,1.0,sell,8557.87,BTC-28JUN19-6500-P,89.68,0.015,1.0,3,1558900712408,22162420,160
2019-05-26 19:59:04.666,1.5,sell,8576.45,BTC-28JUN19-6500-P,88.46,0.014,1.5,2,1558900744666,22162889,161
2019-05-26 20:02:11.690,0.5,sell,8661.54,BTC-28JUN19-6500-P,91.19,0.014,0.5,3,1558900931690,22165870,162
2019-05-26 20:18:24.576,20.0,sell,8649.19,BTC-28JUN19-6500-P,93.42,0.0155,20.0,0,1558901904576,22182800,163
2019-05-26 20:18:24.576,4.0,sell,8649.19,BTC-28JUN19-6500-P,93.42,0.0155,4.0,1,1558901904576,22182801,164
2019-05-26 21:06:38.271,2.0,sell,8548.72,BTC-28JUN19-6500-P,95.52,0.018000000000000002,2.0,0,1558904798271,22198932,165
2019-05-26 21:48:29.346,5.0,sell,8627.26,BTC-28JUN19-6500-P,92.66,0.015,5.0,2,1558907309346,22209011,166
2019-05-26 22:02:51.007,5.0,sell,8668.7,BTC-28JUN19-6500-P,92.82,0.0145,5.0,2,1558908171007,22211845,167
2019-05-26 22:02:51.007,4.0,sell,8668.7,BTC-28JUN19-6500-P,92.82,0.0145,4.0,3,1558908171007,22211846,168
2019-05-27 00:54:59.054,2.0,sell,8862.28,BTC-28JUN19-6500-P,93.11,0.013,2.0,2,1558918499054,22252024,169
2019-05-27 00:55:37.742,1.0,buy,8887.01,BTC-28JUN19-6500-P,93.8,0.013,1.0,3,1558918537742,22252201,170
2019-05-27 06:05:16.038,20.0,sell,8742.75,BTC-28JUN19-6500-P,96.2,0.0155,20.0,0,1558937116038,22277112,171
2019-05-27 07:21:13.097,20.0,sell,8804.31,BTC-28JUN19-6500-P,96.82,0.015,20.0,2,1558941673097,22279222,172
2019-05-27 07:44:56.026,0.5,buy,8777.93,BTC-28JUN19-6500-P,103.59,0.019,0.5,0,1558943096026,22279782,173
2019-05-27 12:14:39.416,0.6,sell,8836.15,BTC-28JUN19-6500-P,98.34,0.015,0.6,2,1558959279416,22295421,174
2019-05-27 13:25:21.847,2.0,sell,8823.48,BTC-28JUN19-6500-P,98.5,0.0155,2.0,0,1558963521847,22301857,175
2019-05-27 17:29:31.198,5.0,sell,8751.31,BTC-28JUN19-6500-P,102.54,0.0185,5.0,0,1558978171198,22342252,176
2019-05-27 18:55:53.955,10.0,sell,8821.9,BTC-28JUN19-6500-P,98.9,0.0155,10.0,2,1558983353955,22348620,177
2019-05-27 19:57:59.195,1.3,sell,8815.45,BTC-28JUN19-6500-P,97.84,0.015,1.3,2,1558987079195,22352821,178
2019-05-27 19:57:59.195,10.0,sell,8815.45,BTC-28JUN19-6500-P,97.84,0.015,10.0,3,1558987079195,22352822,179
2019-05-28 00:14:34.661,3.4,sell,8809.19,BTC-28JUN19-6500-P,95.04,0.0135,3.4,2,1559002474661,22368061,180
2019-05-28 05:18:12.330,0.5,sell,8781.86,BTC-28JUN19-6500-P,95.67,0.014,0.5,0,1559020692330,22377195,181
2019-05-28 05:18:25.832,10.0,sell,8782.98,BTC-28JUN19-6500-P,94.67,0.0135,10.0,3,1559020705832,22377197,183
2019-05-28 05:18:25.832,6.0,sell,8782.98,BTC-28JUN19-6500-P,94.67,0.0135,6.0,2,1559020705832,22377196,182
2019-05-28 05:24:26.258,0.5,buy,8773.0,BTC-28JUN19-6500-P,96.42,0.0145,0.5,0,1559021066258,22377454,184
2019-05-28 05:40:43.861,1.0,sell,8760.78,BTC-28JUN19-6500-P,95.09,0.014,1.0,2,1559022043861,22378102,185
2019-05-28 05:40:43.861,20.0,sell,8760.78,BTC-28JUN19-6500-P,95.09,0.014,20.0,3,1559022043861,22378103,186
2019-05-28 06:01:04.776,10.0,sell,8752.88,BTC-28JUN19-6500-P,93.81,0.0135,10.0,3,1559023264776,22380359,190
2019-05-28 06:01:04.776,10.0,sell,8752.88,BTC-28JUN19-6500-P,93.81,0.0135,10.0,3,1559023264776,22380358,189
2019-05-28 06:01:04.776,29.9,sell,8752.88,BTC-28JUN19-6500-P,93.81,0.0135,29.9,3,1559023264776,22380360,191
2019-05-28 06:01:04.776,0.8,sell,8752.88,BTC-28JUN19-6500-P,93.81,0.0135,0.8,2,1559023264776,22380356,187
2019-05-28 06:01:04.776,6.8,sell,8752.88,BTC-28JUN19-6500-P,93.81,0.0135,6.8,3,1559023264776,22380357,188
2019-05-28 11:27:54.142,1.0,sell,8726.16,BTC-28JUN19-6500-P,94.51,0.014,1.0,0,1559042874142,22398955,192
2019-05-28 11:29:31.122,1.0,sell,8725.52,BTC-28JUN19-6500-P,92.42,0.013,1.0,2,1559042971122,22399026,193
2019-05-28 11:32:20.960,2.0,sell,8715.74,BTC-28JUN19-6500-P,92.23,0.013,2.0,3,1559043140960,22399129,194
2019-05-28 13:30:11.785,0.5,buy,8590.13,BTC-28JUN19-6500-P,92.95,0.0155,0.5,0,1559050211785,22409665,195
2019-05-29 05:20:53.379,10.0,buy,8551.27,BTC-28JUN19-6500-P,97.97,0.019,10.0,0,1559107253379,22472147,196
2019-05-29 10:06:33.183,10.0,sell,8648.42,BTC-28JUN19-6500-P,95.05,0.016,10.0,2,1559124393183,22498295,197
2019-05-29 13:27:48.670,5.0,buy,8715.5,BTC-28JUN19-6500-P,96.93,0.016,5.0,3,1559136468670,22510059,198
2019-05-29 13:30:37.508,1.0,sell,8717.7,BTC-28JUN19-6500-P,93.99,0.0145,1.0,2,1559136637508,22510745,199
2019-05-29 13:43:55.520,4.0,buy,8715.59,BTC-28JUN19-6500-P,93.8,0.0145,4.0,3,1559137435520,22513802,200
2019-05-29 14:01:33.703,5.0,buy,8745.33,BTC-28JUN19-6500-P,94.98,0.0145,5.0,3,1559138493703,22516585,201
2019-05-29 14:04:43.468,5.0,buy,8752.8,BTC-28JUN19-6500-P,98.31,0.016,5.0,0,1559138683468,22516913,202
2019-05-29 14:11:06.765,1.0,sell,8733.4,BTC-28JUN19-6500-P,91.8,0.013,1.0,2,1559139066765,22517818,203
2019-05-29 14:50:53.705,5.0,sell,8708.26,BTC-28JUN19-6500-P,91.2,0.013,5.0,3,1559141453705,22520595,204
2019-05-29 15:46:16.715,0.6,sell,8703.01,BTC-28JUN19-6500-P,91.06,0.013,0.6,3,1559144776715,22523607,205
2019-05-29 16:01:50.198,10.0,sell,8673.43,BTC-28JUN19-6500-P,91.35,0.0135,10.0,0,1559145710198,22525292,206
2019-05-29 19:43:22.198,2.0,sell,8692.54,BTC-28JUN19-6500-P,89.6,0.0125,2.0,2,1559159002198,22535364,207
2019-05-29 19:48:20.595,1.0,sell,8690.09,BTC-28JUN19-6500-P,89.49,0.0125,1.0,3,1559159300595,22535556,208
2019-05-30 06:36:12.663,4.0,sell,8734.42,BTC-28JUN19-6500-P,93.71,0.013,4.0,0,1559198172663,22585885,209
2019-05-30 10:21:35.551,4.0,sell,8744.42,BTC-28JUN19-6500-P,94.4,0.013,4.0,1,1559211695551,22594942,210
2019-05-30 14:39:44.915,3.0,buy,8721.35,BTC-28JUN19-6500-P,97.35,0.015,3.0,0,1559227184915,22605492,212
2019-05-30 14:39:44.915,2.0,buy,8721.35,BTC-28JUN19-6500-P,95.32,0.014,2.0,0,1559227184915,22605491,211
2019-05-30 15:57:57.799,1.8,sell,8941.45,BTC-28JUN19-6500-P,97.17,0.012,1.8,2,1559231877799,22617777,213
2019-05-30 16:00:42.421,0.2,sell,8998.58,BTC-28JUN19-6500-P,98.68,0.012,0.2,3,1559232042421,22620314,214
2019-05-30 16:08:49.134,2.0,sell,9012.56,BTC-28JUN19-6500-P,96.83,0.011,2.0,2,1559232529134,22628034,215
2019-05-30 16:19:16.681,10.0,buy,8721.13,BTC-28JUN19-6500-P,96.93,0.015,10.0,0,1559233156681,22643589,216
2019-05-30 17:44:46.492,0.5,sell,8639.0,BTC-28JUN19-6500-P,93.57,0.0145,0.5,2,1559238286492,22668905,217
2019-05-30 17:44:46.492,0.5,sell,8639.0,BTC-28JUN19-6500-P,93.57,0.0145,0.5,3,1559238286492,22668906,218
2019-05-30 18:03:27.244,1.5,sell,8612.31,BTC-28JUN19-6500-P,89.85,0.013,1.5,2,1559239407244,22671084,219
2019-05-30 21:17:04.760,1.0,buy,8278.73,BTC-28JUN19-6500-P,89.88,0.0185,1.0,0,1559251024760,22702865,220
2019-05-30 21:33:54.848,10.0,sell,8141.65,BTC-28JUN19-6500-P,88.87,0.0205,10.0,0,1559252034848,22727161,221
2019-05-30 22:06:15.804,5.0,sell,8231.07,BTC-28JUN19-6500-P,87.99,0.0185,5.0,2,1559253975804,22740379,222
2019-05-30 22:18:02.397,5.0,sell,8277.44,BTC-28JUN19-6500-P,87.71,0.0175,5.0,2,1559254682397,22743194,223
2019-05-31 05:28:10.519,0.5,buy,8200.24,BTC-28JUN19-6500-P,96.39,0.024,0.5,0,1559280490519,22774219,224
2019-05-31 08:07:09.884,5.0,sell,8279.58,BTC-28JUN19-6500-P,90.25,0.0185,5.0,3,1559290029884,22782729,227
2019-05-31 08:07:09.884,10.0,sell,8279.58,BTC-28JUN19-6500-P,90.25,0.0185,10.0,2,1559290029884,22782727,225
2019-05-31 08:07:09.884,1.0,sell,8279.58,BTC-28JUN19-6500-P,90.25,0.0185,1.0,3,1559290029884,22782730,228
2019-05-31 08:07:09.884,28.7,sell,8279.58,BTC-28JUN19-6500-P,90.25,0.0185,28.7,3,1559290029884,22782728,226
2019-05-31 09:18:46.393,1.0,sell,8299.22,BTC-28JUN19-6500-P,89.64,0.018000000000000002,1.0,2,1559294326393,22786841,229
2019-05-31 12:10:19.741,24.0,sell,8252.52,BTC-28JUN19-6500-P,88.34,0.0175,24.0,2,1559304619741,22795861,230
2019-05-31 15:12:07.683,0.1,buy,8409.09,BTC-28JUN19-6500-P,92.8,0.0175,0.1,3,1559315527683,22811770,231
2019-05-31 16:12:03.654,0.5,buy,8302.21,BTC-28JUN19-6500-P,92.32,0.019,0.5,0,1559319123654,22817139,232
2019-05-31 16:59:51.253,50.0,buy,8390.86,BTC-28JUN19-6500-P,91.88,0.017,50.0,2,1559321991253,22822609,233
2019-05-31 17:26:11.055,10.0,buy,8416.0,BTC-28JUN19-6500-P,95.52,0.0185,10.0,0,1559323571055,22825598,234
2019-05-31 17:26:11.055,6.0,buy,8416.0,BTC-28JUN19-6500-P,95.52,0.0185,6.0,1,1559323571055,22825599,235
2019-05-31 17:26:11.057,14.3,sell,8416.0,BTC-28JUN19-6500-P,95.52,0.0185,14.3,1,1559323571057,22825600,236
2019-05-31 17:26:11.090,3.7,sell,8416.0,BTC-28JUN19-6500-P,95.52,0.0185,3.7,1,1559323571090,22825601,237
2019-05-31 19:10:18.117,16.0,sell,8413.94,BTC-28JUN19-6500-P,92.41,0.0165,16.0,2,1559329818117,22833202,238
2019-05-31 20:08:02.441,5.0,buy,8441.08,BTC-28JUN19-6500-P,95.2,0.0175,5.0,0,1559333282441,22837032,239
2019-06-01 09:57:47.342,0.2,sell,8572.5,BTC-28JUN19-6500-P,89.74,0.012,0.2,2,1559383067342,22877083,240
2019-06-01 09:57:47.342,14.8,sell,8572.5,BTC-28JUN19-6500-P,86.38,0.0105,14.8,2,1559383067342,22877084,241
2019-06-02 00:50:53.465,0.1,sell,8571.21,BTC-28JUN19-6500-P,88.9,0.0115,0.1,0,1559436653465,22907460,242
2019-06-02 02:30:33.848,0.4,sell,8585.12,BTC-28JUN19-6500-P,86.89,0.0105,0.4,2,1559442633848,22910782,243
2019-06-02 08:25:19.543,24.0,sell,8703.23,BTC-28JUN19-6500-P,89.71,0.01,24.0,3,1559463919543,22924033,245
2019-06-02 08:25:19.543,2.0,sell,8703.23,BTC-28JUN19-6500-P,89.71,0.01,2.0,2,1559463919543,22924032,244
2019-06-02 08:34:34.984,24.0,sell,8740.44,BTC-28JUN19-6500-P,89.47,0.0095,24.0,2,1559464474984,22925186,246
2019-06-02 09:23:08.606,0.2,buy,8723.87,BTC-28JUN19-6500-P,90.18,0.01,0.2,0,1559467388606,22927589,247
2019-06-02 09:23:17.708,0.2,buy,8723.43,BTC-28JUN19-6500-P,90.21,0.01,0.2,1,1559467397708,22927598,248
2019-06-02 09:23:17.833,0.2,buy,8723.43,BTC-28JUN19-6500-P,90.21,0.01,0.2,1,1559467397833,22927600,249
2019-06-02 09:23:20.088,0.9,buy,8723.43,BTC-28JUN19-6500-P,90.22,0.01,0.9,1,1559467400088,22927602,250
2019-06-02 10:21:44.129,24.0,sell,8713.35,BTC-28JUN19-6500-P,88.93,0.0095,24.0,2,1559470904129,22928609,251
2019-06-02 12:50:40.764,1.1,sell,8818.62,BTC-28JUN19-6500-P,90.37,0.009000000000000001,1.1,2,1559479840764,22936874,252
2019-06-02 13:37:36.145,5.0,sell,8711.45,BTC-28JUN19-6500-P,87.31,0.009000000000000001,5.0,3,1559482656145,22945575,253
2019-06-02 21:03:58.054,1.0,buy,8685.26,BTC-28JUN19-6500-P,92.25,0.011,1.0,0,1559509438054,22960119,254
2019-06-02 22:42:43.090,1.0,sell,8744.13,BTC-28JUN19-6500-P,91.81,0.01,1.0,2,1559515363090,22963503,255
2019-06-03 04:41:54.579,10.0,buy,8677.92,BTC-28JUN19-6500-P,91.54,0.0105,10.0,0,1559536914579,22978849,256
2019-06-03 05:55:01.809,0.9,buy,8570.9,BTC-28JUN19-6500-P,91.05,0.0115,0.9,0,1559541301809,22985720,257
2019-06-03 05:55:01.809,10.0,buy,8570.9,BTC-28JUN19-6500-P,91.05,0.0115,10.0,1,1559541301809,22985721,258
2019-06-03 08:57:11.335,0.8,buy,8468.1,BTC-28JUN19-6500-P,91.7,0.013,0.8,0,1559552231335,23011609,259
2019-06-03 08:57:11.335,0.2,buy,8468.1,BTC-28JUN19-6500-P,91.7,0.013,0.2,1,1559552231335,23011610,260
2019-06-03 08:57:21.390,1.0,buy,8466.25,BTC-28JUN19-6500-P,91.66,0.013,1.0,1,1559552241390,23011631,261
2019-06-03 09:51:44.048,1.0,buy,8454.02,BTC-28JUN19-6500-P,91.26,0.013,1.0,1,1559555504048,23016175,262
2019-06-03 09:53:31.968,5.0,sell,8461.63,BTC-28JUN19-6500-P,88.22,0.0115,5.0,2,1559555611968,23016292,263
2019-06-04 01:32:06.267,25.0,buy,8000.42,BTC-28JUN19-6500-P,89.23,0.0195,25.0,0,1559611926267,23149739,264
2019-06-04 01:41:08.541,5.0,buy,7935.34,BTC-28JUN19-6500-P,87.48,0.02,5.0,0,1559612468541,23150799,265
2019-06-04 02:06:29.612,1.0,buy,7969.62,BTC-28JUN19-6500-P,88.91,0.02,1.0,1,1559613989612,23152130,266
2019-06-04 02:09:51.749,1.0,buy,7945.3,BTC-28JUN19-6500-P,88.08,0.02,1.0,1,1559614191749,23152393,267
2019-06-04 03:59:28.029,0.2,buy,7888.89,BTC-28JUN19-6500-P,89.98,0.0225,0.2,0,1559620768029,23159184,268
2019-06-04 03:59:29.363,0.2,buy,7889.32,BTC-28JUN19-6500-P,90.0,0.0225,0.2,1,1559620769363,23159196,269
2019-06-04 03:59:29.385,0.2,buy,7889.32,BTC-28JUN19-6500-P,90.0,0.0225,0.2,1,1559620769385,23159197,270
2019-06-04 03:59:29.951,0.2,buy,7889.32,BTC-28JUN19-6500-P,90.0,0.0225,0.2,1,1559620769951,23159198,271
2019-06-04 03:59:30.059,0.2,buy,7889.32,BTC-28JUN19-6500-P,90.0,0.0225,0.2,1,1559620770059,23159200,272
2019-06-04 03:59:30.176,0.1,buy,7889.32,BTC-28JUN19-6500-P,90.0,0.0225,0.1,1,1559620770176,23159202,273
2019-06-04 07:10:56.124,10.0,buy,7845.23,BTC-28JUN19-6500-P,92.11,0.025,10.0,0,1559632256124,23179579,274
2019-06-04 15:41:17.758,1.0,buy,7972.29,BTC-28JUN19-6500-P,95.5,0.024,1.0,2,1559662877758,23218747,275
2019-06-04 15:54:40.547,1.0,buy,7958.46,BTC-28JUN19-6500-P,93.15,0.023,1.0,2,1559663680547,23219573,276
2019-06-04 15:58:32.158,1.0,buy,7914.4,BTC-28JUN19-6500-P,93.1,0.024,1.0,0,1559663912158,23220368,277
2019-06-04 16:03:14.417,10.0,buy,7894.74,BTC-28JUN19-6500-P,93.14,0.0245,10.0,0,1559664194417,23221328,278
2019-06-04 16:37:05.127,10.0,sell,7910.56,BTC-28JUN19-6500-P,88.31,0.021,10.0,2,1559666225127,23223862,280
2019-06-04 16:37:05.127,35.0,sell,7910.56,BTC-28JUN19-6500-P,86.68,0.02,35.0,2,1559666225127,23223863,281
2019-06-04 16:37:05.127,19.3,sell,7910.56,BTC-28JUN19-6500-P,89.12,0.0215,19.3,2,1559666225127,23223861,279
2019-06-04 16:37:05.208,5.7,buy,7910.56,BTC-28JUN19-6500-P,86.68,0.02,5.7,3,1559666225208,23223864,282
2019-06-04 17:32:16.124,5.0,sell,7819.51,BTC-28JUN19-6500-P,89.36,0.0235,5.0,0,1559669536124,23239225,283
2019-06-04 17:39:37.750,5.0,sell,7772.32,BTC-28JUN19-6500-P,88.9,0.0245,5.0,0,1559669977750,23242528,284
2019-06-04 18:38:26.823,13.7,sell,7701.05,BTC-28JUN19-6500-P,95.13,0.031,13.7,0,1559673506823,23268222,285
2019-06-04 18:38:34.552,186.3,sell,7701.01,BTC-28JUN19-6500-P,95.12,0.031,186.3,1,1559673514552,23268223,286
2019-06-04 18:39:55.435,95.0,sell,7694.43,BTC-28JUN19-6500-P,94.84,0.031,95.0,1,1559673595435,23268352,287
2019-06-04 18:39:56.151,25.0,sell,7694.43,BTC-28JUN19-6500-P,94.84,0.031,25.0,1,1559673596151,23268354,288
2019-06-04 19:11:05.474,1.1,buy,7523.09,BTC-28JUN19-6500-P,89.31,0.0325,1.1,0,1559675465474,23274976,289
2019-06-04 20:11:53.874,0.2,sell,7632.35,BTC-28JUN19-6500-P,88.49,0.027999999999999997,0.2,2,1559679113874,23291086,290
2019-06-05 00:08:33.078,25.2,sell,7748.49,BTC-28JUN19-6500-P,93.78,0.027999999999999997,25.2,3,1559693313078,23322952,291
2019-06-05 00:08:33.132,25.4,sell,7748.49,BTC-28JUN19-6500-P,93.78,0.027999999999999997,25.4,3,1559693313132,23322975,292
2019-06-05 00:08:36.841,27.9,sell,7759.46,BTC-28JUN19-6500-P,94.38,0.027999999999999997,27.9,3,1559693316841,23323065,293
2019-06-05 00:08:36.890,21.3,sell,7759.46,BTC-28JUN19-6500-P,94.38,0.027999999999999997,21.3,3,1559693316890,23323069,294
2019-06-05 07:31:53.168,0.1,sell,7787.94,BTC-28JUN19-6500-P,89.16,0.0235,0.1,2,1559719913168,23340125,295
2019-06-05 09:10:13.231,3.0,sell,7816.27,BTC-28JUN19-6500-P,89.38,0.023,3.0,2,1559725813231,23344014,296
2019-06-05 15:03:44.958,5.0,sell,7714.46,BTC-28JUN19-6500-P,92.6,0.0275,5.0,0,1559747024958,23370876,297
2019-06-05 16:10:07.119,1.0,sell,7700.05,BTC-28JUN19-6500-P,91.26,0.027000000000000003,1.0,2,1559751007119,23379132,298
2019-06-05 16:10:07.119,9.0,sell,7700.05,BTC-28JUN19-6500-P,91.26,0.027000000000000003,9.0,3,1559751007119,23379133,299
2019-06-05 16:16:54.680,16.0,sell,7717.93,BTC-28JUN19-6500-P,91.99,0.027000000000000003,16.0,3,1559751414680,23379530,300
2019-06-05 17:07:15.375,10.0,sell,7740.54,BTC-28JUN19-6500-P,91.73,0.026,10.0,2,1559754435375,23383525,301
2019-06-05 17:12:56.837,10.0,sell,7745.21,BTC-28JUN19-6500-P,91.87,0.026,10.0,3,1559754776837,23383881,302
2019-06-05 17:13:05.102,10.0,sell,7744.75,BTC-28JUN19-6500-P,91.87,0.026000000000000002,10.0,3,1559754785102,23383884,303
2019-06-06 03:24:46.983,4.2,sell,7848.42,BTC-28JUN19-6500-P,83.82,0.018000000000000002,4.2,2,1559791486983,23438790,304
2019-06-06 03:24:47.105,25.0,buy,7848.42,BTC-28JUN19-6500-P,83.82,0.018000000000000002,25.0,3,1559791487105,23438791,305
2019-06-06 03:49:24.345,24.0,sell,7864.54,BTC-28JUN19-6500-P,81.74,0.0165,24.0,2,1559792964345,23439431,306
2019-06-06 03:49:54.644,10.0,buy,7866.2,BTC-28JUN19-6500-P,81.89,0.0165,10.0,3,1559792994644,23439463,307
2019-06-06 03:50:26.266,24.0,sell,7866.89,BTC-28JUN19-6500-P,80.97,0.016,24.0,2,1559793026266,23439500,308
2019-06-06 03:50:26.269,12.8,buy,7866.89,BTC-28JUN19-6500-P,80.97,0.016,12.8,3,1559793026269,23439501,309
2019-06-06 09:01:17.527,1.0,buy,7802.76,BTC-28JUN19-6500-P,80.55,0.017,1.0,0,1559811677527,23447644,310
2019-06-06 11:37:25.679,24.0,sell,7833.63,BTC-28JUN19-6500-P,80.08,0.016,24.0,2,1559821045679,23452143,311
2019-06-06 12:07:19.467,10.0,buy,7723.79,BTC-28JUN19-6500-P,83.33,0.0205,10.0,0,1559822839467,23456746,312
2019-06-06 18:00:50.941,1.0,buy,7643.5,BTC-28JUN19-6500-P,82.31,0.022000000000000002,1.0,0,1559844050941,23497007,313
2019-06-06 19:21:48.535,5.0,buy,7598.38,BTC-28JUN19-6500-P,82.28,0.023,5.0,0,1559848908535,23520051,314
2019-06-06 20:06:10.349,0.2,buy,7599.91,BTC-28JUN19-6500-P,82.36,0.023,0.2,1,1559851570349,23523680,315
2019-06-06 20:06:21.359,2.0,buy,7601.02,BTC-28JUN19-6500-P,82.42,0.023,2.0,1,1559851581359,23523681,316
2019-06-06 22:34:29.230,2.0,sell,7733.16,BTC-28JUN19-6500-P,80.82,0.0185,2.0,2,1559860469230,23535173,317
2019-06-07 06:03:52.394,1.0,sell,7827.95,BTC-28JUN19-6500-P,80.11,0.0155,1.0,2,1559887432394,23558038,318
2019-06-07 06:04:22.537,1.0,sell,7882.73,BTC-28JUN19-6500-P,82.27,0.0155,1.0,3,1559887462537,23558962,319
2019-06-07 07:16:29.331,10.0,sell,7944.59,BTC-28JUN19-6500-P,79.94,0.013000000000000001,10.0,2,1559891789331,23571363,320
2019-06-07 07:16:40.516,10.0,sell,7940.71,BTC-28JUN19-6500-P,78.77,0.0125,10.0,2,1559891800516,23571460,321
2019-06-07 09:10:43.060,2.0,sell,7993.85,BTC-28JUN19-6500-P,77.53,0.011000000000000001,2.0,2,1559898643060,23580867,322
2019-06-07 09:12:26.731,2.0,sell,7994.87,BTC-28JUN19-6500-P,77.59,0.011000000000000001,2.0,3,1559898746731,23580891,323
2019-06-07 11:07:41.533,10.0,sell,7966.25,BTC-28JUN19-6500-P,79.65,0.0125,10.0,0,1559905661533,23583976,324
2019-06-07 11:08:16.755,10.0,sell,7968.91,BTC-28JUN19-6500-P,79.77,0.0125,10.0,1,1559905696755,23584004,325
2019-06-07 12:15:03.823,0.1,sell,7926.42,BTC-28JUN19-6500-P,80.64,0.0135,0.1,0,1559909703823,23586412,326
2019-06-07 13:13:37.784,2.5,sell,7952.43,BTC-28JUN19-6500-P,81.66,0.0135,2.5,1,1559913217784,23587695,327
2019-06-07 13:28:41.722,30.0,sell,7964.64,BTC-28JUN19-6500-P,82.24,0.0135,30.0,1,1559914121722,23588378,328
2019-06-07 13:29:23.777,3.4,sell,7966.5,BTC-28JUN19-6500-P,82.29,0.0135,3.4,1,1559914163777,23588414,329
2019-06-07 13:54:04.153,2.0,sell,7983.88,BTC-28JUN19-6500-P,79.73,0.012,2.0,2,1559915644153,23589479,330
2019-06-07 16:46:31.804,1.8,sell,8110.21,BTC-28JUN19-6500-P,78.68,0.0095,1.8,2,1559925991804,23600988,333
2019-06-07 16:46:31.804,3.0,sell,8110.21,BTC-28JUN19-6500-P,79.87,0.01,3.0,3,1559925991804,23600987,332
2019-06-07 16:46:31.804,2.2,sell,8110.21,BTC-28JUN19-6500-P,79.87,0.01,2.2,2,1559925991804,23600986,331
2019-06-07 17:17:10.711,3.0,buy,8069.57,BTC-28JUN19-6500-P,81.93,0.0115,3.0,0,1559927830711,23602916,334
2019-06-07 17:37:37.911,0.1,buy,8079.17,BTC-28JUN19-6500-P,82.2,0.0115,0.1,1,1559929057911,23604300,335
2019-06-07 17:51:38.188,2.0,buy,8082.84,BTC-28JUN19-6500-P,81.25,0.011000000000000001,2.0,2,1559929898188,23604758,336
2019-06-07 17:51:38.188,8.0,buy,8082.84,BTC-28JUN19-6500-P,82.37,0.0115,8.0,0,1559929898188,23604759,337
2019-06-07 19:14:01.062,0.1,sell,8063.67,BTC-28JUN19-6500-P,77.18,0.0095,0.1,2,1559934841062,23608391,338
2019-06-08 22:39:05.903,2.0,sell,7944.53,BTC-28JUN19-6500-P,77.94,0.011000000000000001,2.0,0,1560033545903,23684155,339
2019-06-08 22:39:36.523,1.4,sell,7943.38,BTC-28JUN19-6500-P,74.5,0.0095,1.4,2,1560033576523,23684165,340
2019-06-08 22:39:36.523,6.5,sell,7943.38,BTC-28JUN19-6500-P,74.5,0.0095,6.5,3,1560033576523,23684166,341
2019-06-08 22:39:36.526,0.1,buy,7943.38,BTC-28JUN19-6500-P,74.5,0.0095,0.1,3,1560033576526,23684167,342
2019-06-09 05:30:17.843,0.1,sell,7895.34,BTC-28JUN19-6500-P,73.33,0.0095,0.1,3,1560058217843,23692371,343
2019-06-09 17:42:59.947,2.0,buy,7656.99,BTC-28JUN19-6500-P,75.72,0.015,2.0,0,1560102179947,23734962,344
2019-06-09 21:11:26.050,0.1,buy,7740.19,BTC-28JUN19-6500-P,74.77,0.0125,0.1,2,1560114686050,23749002,345
2019-06-09 22:08:38.364,0.1,buy,7554.09,BTC-28JUN19-6500-P,77.25,0.018000000000000002,0.1,0,1560118118364,23758761,346
2019-06-09 22:43:08.265,0.4,buy,7575.11,BTC-28JUN19-6500-P,77.23,0.0175,0.4,2,1560120188265,23768259,347
2019-06-09 23:55:01.205,0.1,sell,7648.91,BTC-28JUN19-6500-P,72.57,0.013000000000000001,0.1,2,1560124501205,23775626,348
2019-06-10 03:17:49.277,0.1,sell,7671.81,BTC-28JUN19-6500-P,78.74,0.0155,0.1,0,1560136669277,23796821,349
2019-06-10 05:39:43.223,10.0,buy,7637.52,BTC-28JUN19-6500-P,79.48,0.0165,10.0,1,1560145183223,23801096,351
2019-06-10 05:39:43.223,5.0,buy,7637.52,BTC-28JUN19-6500-P,79.48,0.0165,5.0,1,1560145183223,23801097,352
2019-06-10 05:39:43.223,10.0,buy,7637.52,BTC-28JUN19-6500-P,79.48,0.0165,10.0,0,1560145183223,23801095,350
2019-06-10 09:50:14.322,2.2,buy,7720.2,BTC-28JUN19-6500-P,78.2,0.013999999999999999,2.2,2,1560160214322,23811828,353
2019-06-10 17:47:28.755,0.2,sell,7933.54,BTC-28JUN19-6500-P,80.63,0.0105,0.2,2,1560188848755,23870035,354
2019-06-10 18:29:20.508,10.0,sell,7947.63,BTC-28JUN19-6500-P,77.63,0.009000000000000001,10.0,2,1560191360508,23871305,355
2019-06-10 20:51:44.452,0.1,buy,7920.51,BTC-28JUN19-6500-P,81.81,0.011000000000000001,0.1,0,1560199904452,23878216,356
2019-06-11 07:25:58.210,0.4,sell,7937.06,BTC-28JUN19-6500-P,77.13,0.0085,0.4,2,1560237958210,23897087,357
2019-06-11 07:26:16.900,30.0,sell,7931.98,BTC-28JUN19-6500-P,75.67,0.008,30.0,2,1560237976900,23897097,358
2019-06-11 07:26:16.900,10.0,sell,7931.98,BTC-28JUN19-6500-P,75.67,0.008,10.0,3,1560237976900,23897098,359
2019-06-11 07:26:21.826,5.0,sell,7931.89,BTC-28JUN19-6500-P,75.68,0.008,5.0,3,1560237981826,23897099,360
2019-06-11 16:19:42.858,0.1,buy,7748.21,BTC-28JUN19-6500-P,78.08,0.012,0.1,0,1560269982858,23939385,361
2019-06-12 01:57:27.354,0.1,buy,7862.14,BTC-28JUN19-6500-P,77.6,0.0095,0.1,2,1560304647354,23969774,362
2019-06-12 03:18:56.172,0.1,buy,8019.22,BTC-28JUN19-6500-P,79.74,0.008,0.1,2,1560309536172,23979303,363
2019-06-12 16:41:44.389,2.0,buy,8181.12,BTC-28JUN19-6500-P,79.81,0.0055,2.0,2,1560357704389,24030953,364
2019-06-12 16:53:52.508,8.0,buy,8170.33,BTC-28JUN19-6500-P,79.41,0.0055,8.0,3,1560358432508,24031412,365
2019-06-13 00:02:43.999,2.0,sell,8162.41,BTC-28JUN19-6500-P,77.88,0.005,2.0,2,1560384163999,24045757,366
2019-06-13 08:33:08.595,1.0,buy,8119.99,BTC-28JUN19-6500-P,77.27,0.005,1.0,3,1560414788595,24057347,367
2019-06-13 08:33:16.011,0.4,buy,8120.59,BTC-28JUN19-6500-P,77.3,0.005,0.4,3,1560414796011,24057348,368
2019-06-13 08:33:16.041,0.4,buy,8120.59,BTC-28JUN19-6500-P,77.3,0.005,0.4,3,1560414796041,24057350,369
2019-06-13 08:33:33.747,0.5,buy,8121.31,BTC-28JUN19-6500-P,77.33,0.005,0.5,3,1560414813747,24057355,370
2019-06-13 08:35:21.592,0.4,buy,8124.1,BTC-28JUN19-6500-P,77.56,0.005,0.4,3,1560414921592,24057392,371
2019-06-13 08:38:11.561,2.5,buy,8132.22,BTC-28JUN19-6500-P,77.9,0.005,2.5,3,1560415091561,24057467,372
2019-06-13 08:38:13.122,0.5,buy,8132.2,BTC-28JUN19-6500-P,77.89,0.005,0.5,3,1560415093122,24057469,373
2019-06-13 08:40:59.726,0.3,buy,8133.96,BTC-28JUN19-6500-P,77.99,0.005,0.3,3,1560415259726,24057567,374
2019-06-13 08:40:59.726,0.2,buy,8133.96,BTC-28JUN19-6500-P,77.99,0.005,0.2,3,1560415259726,24057568,375
2019-06-13 08:45:37.000,0.4,buy,8138.75,BTC-28JUN19-6500-P,78.09,0.005,0.4,3,1560415537000,24057712,376
2019-06-13 08:45:43.392,0.4,buy,8139.02,BTC-28JUN19-6500-P,78.13,0.005,0.4,3,1560415543392,24057715,377
2019-06-13 08:45:43.559,0.4,buy,8139.02,BTC-28JUN19-6500-P,78.13,0.005,0.4,3,1560415543559,24057718,378
2019-06-13 08:45:43.679,0.4,buy,8139.02,BTC-28JUN19-6500-P,78.13,0.005,0.4,3,1560415543679,24057720,379
2019-06-13 18:28:38.981,1.1,sell,8211.67,BTC-28JUN19-6500-P,77.54,0.004,1.1,2,1560450518981,24086814,380
2019-06-13 18:28:38.981,51.3,sell,8211.67,BTC-28JUN19-6500-P,77.54,0.004,51.3,3,1560450518981,24086815,381
2019-06-13 18:51:30.996,1.0,buy,8256.76,BTC-28JUN19-6500-P,81.49,0.0045,1.0,0,1560451890996,24088171,382
2019-06-14 08:29:31.019,125.0,sell,8288.34,BTC-28JUN19-6500-P,77.05,0.003,125.0,2,1560500971019,24120652,383
2019-06-14 08:55:37.176,0.1,sell,8301.7,BTC-28JUN19-6500-P,71.49,0.002,0.1,2,1560502537176,24122683,384
2019-06-14 09:14:38.758,0.1,buy,8278.01,BTC-28JUN19-6500-P,73.85,0.0025,0.1,0,1560503678758,24123355,385
2019-06-14 09:14:38.758,0.5,buy,8278.01,BTC-28JUN19-6500-P,73.85,0.0025,0.5,1,1560503678758,24123356,386
2019-06-14 12:34:27.903,2.0,buy,8356.25,BTC-28JUN19-6500-P,79.45,0.003,2.0,0,1560515667903,24132521,387
2019-06-14 12:37:58.517,15.0,sell,8360.56,BTC-28JUN19-6500-P,73.66,0.002,15.0,2,1560515878517,24133102,388
2019-06-14 12:37:58.517,1.0,sell,8360.56,BTC-28JUN19-6500-P,73.66,0.002,1.0,3,1560515878517,24133103,389
2019-06-14 13:33:49.472,30.0,buy,8385.56,BTC-28JUN19-6500-P,77.65,0.0025,30.0,0,1560519229472,24138027,390
2019-06-14 13:33:49.472,10.0,buy,8385.56,BTC-28JUN19-6500-P,77.65,0.0025,10.0,1,1560519229472,24138028,391
2019-06-14 13:34:41.382,30.0,buy,8385.4,BTC-28JUN19-6500-P,77.64,0.0025,30.0,1,1560519281382,24138040,392
2019-06-14 13:34:41.382,10.0,buy,8385.4,BTC-28JUN19-6500-P,77.64,0.0025,10.0,1,1560519281382,24138041,393
2019-06-14 13:44:39.310,95.0,sell,8417.22,BTC-28JUN19-6500-P,75.36,0.002,95.0,2,1560519879310,24139714,394
2019-06-14 15:08:24.130,2.0,buy,8404.02,BTC-28JUN19-6500-P,81.21,0.003,2.0,0,1560524904130,24145960,395
2019-06-14 15:10:54.728,1.0,buy,8407.87,BTC-28JUN19-6500-P,81.4,0.003,1.0,1,1560525054728,24146024,396
2019-06-14 15:18:00.805,1.0,buy,8412.33,BTC-28JUN19-6500-P,78.71,0.0025,1.0,2,1560525480805,24146228,397
2019-06-14 15:18:13.461,2.0,buy,8413.12,BTC-28JUN19-6500-P,78.74,0.0025,2.0,3,1560525493461,24146238,398
2019-06-14 16:18:26.669,0.6,buy,8435.12,BTC-28JUN19-6500-P,79.49,0.0025,0.6,3,1560529106669,24149831,399
2019-06-14 16:33:17.781,1.2,buy,8419.48,BTC-28JUN19-6500-P,84.54,0.0035,1.2,0,1560529997781,24150342,400
2019-06-14 23:20:20.223,0.1,buy,8678.33,BTC-28JUN19-6500-P,87.7,0.0025,0.1,2,1560554420223,24183039,401
2019-06-15 09:58:22.916,7.0,sell,8667.21,BTC-28JUN19-6500-P,81.3,0.0015,7.0,2,1560592702916,24207048,402
2019-06-15 09:58:22.916,8.0,sell,8667.21,BTC-28JUN19-6500-P,81.3,0.0015,8.0,3,1560592702916,24207049,403
2019-06-15 10:00:47.401,2.0,buy,8662.52,BTC-28JUN19-6500-P,85.33,0.002,2.0,0,1560592847401,24207136,404
2019-06-15 15:37:02.810,15.0,sell,8796.23,BTC-28JUN19-6500-P,80.27,0.001,15.0,2,1560613022810,24220147,405
2019-06-15 15:37:02.810,4.0,sell,8796.23,BTC-28JUN19-6500-P,80.27,0.001,4.0,3,1560613022810,24220148,406
2019-06-15 16:32:29.192,1.0,buy,8822.83,BTC-28JUN19-6500-P,86.74,0.0015,1.0,0,1560616349192,24226858,407
2019-06-16 05:49:22.000,2.0,sell,9251.69,BTC-28JUN19-6500-P,86.7,0.0005,2.0,2,1560664162000,24296098,408
2019-06-16 07:49:15.436,2.0,sell,9327.45,BTC-28JUN19-6500-P,98.04,0.001,2.0,0,1560671355436,24314536,409
2019-06-16 08:02:50.700,8.0,sell,9346.07,BTC-28JUN19-6500-P,98.59,0.001,8.0,1,1560672170700,24315392,410
2019-06-16 08:02:50.700,2.0,sell,9346.07,BTC-28JUN19-6500-P,98.59,0.001,2.0,1,1560672170700,24315393,411
2019-06-16 08:03:00.956,10.0,sell,9352.8,BTC-28JUN19-6500-P,89.77,0.0005,10.0,2,1560672180956,24315556,412
2019-06-16 23:43:40.402,4.0,buy,9029.19,BTC-28JUN19-6500-P,99.51,0.0015,4.0,0,1560728620402,24436061,413
2019-06-17 00:38:52.307,4.0,sell,9183.61,BTC-28JUN19-6500-P,88.01,0.0005,4.0,2,1560731932307,24443950,414
2019-06-17 21:56:59.789,0.1,sell,9269.48,BTC-28JUN19-6500-P,93.97,0.0005,0.1,3,1560808619789,24569205,415
2019-06-18 15:33:46.872,1.0,buy,8994.18,BTC-28JUN19-6500-P,99.95,0.001,1.0,0,1560872026872,24663013,416
2019-06-19 04:19:56.883,0.4,buy,9192.27,BTC-28JUN19-6500-P,108.06,0.001,0.4,1,1560917996883,24717866,417
2019-06-19 04:19:56.883,0.1,buy,9192.27,BTC-28JUN19-6500-P,115.15,0.0015,0.1,0,1560917996883,24717867,418
2019-06-20 00:09:12.389,9.700000000000001,sell,9287.19,BTC-28JUN19-6500-P,106.21,0.0005,9.700000000000001,2,1560989352389,24778003,419
