date_utc,amount,direction,indexPrice,instrument,iv,price,quantity,tickDirection,timeStamp,tradeId,tradeSeq
2019-04-26 13:50:51.836,0.1,sell,5170.02,BTC-10MAY19-5750-C,56.1,0.01,0.1,1,1556286651836,18330062,1
2019-04-26 20:47:47.716,20.0,buy,5106.13,BTC-10MAY19-5750-C,60.83,0.01,20.0,1,1556311667716,18347371,2
2019-04-26 20:47:49.355,4.0,sell,5106.13,BTC-10MAY19-5750-C,60.83,0.01,4.0,1,1556311669355,18347372,3
2019-04-26 20:57:13.824,6.1000000000000005,buy,5089.31,BTC-10MAY19-5750-C,60.87,0.0095,6.1000000000000005,2,1556312233824,18348509,4
2019-04-26 21:13:40.258,20.0,buy,5099.59,BTC-10MAY19-5750-C,62.32,0.0105,20.0,0,1556313220258,18348794,5
2019-04-26 21:13:40.258,6.8,buy,5099.59,BTC-10MAY19-5750-C,62.32,0.0105,6.8,1,1556313220258,18348795,6
2019-04-26 21:14:49.098,18.4,buy,5097.82,BTC-10MAY19-5750-C,62.43,0.0105,18.4,1,1556313289098,18348842,7
2019-04-26 21:15:32.579,0.2,buy,5098.3,BTC-10MAY19-5750-C,62.4,0.0105,0.2,1,1556313332579,18348844,8
2019-04-27 00:14:32.654,0.5,sell,5168.83,BTC-10MAY19-5750-C,56.07,0.0095,0.5,2,1556324072654,18354392,9
2019-04-27 02:40:00.360,0.5,sell,5148.25,BTC-10MAY19-5750-C,56.57,0.009000000000000001,0.5,2,1556332800360,18355827,10
2019-04-27 07:59:02.398,0.1,buy,5173.57,BTC-10MAY19-5750-C,57.47,0.01,0.1,0,1556351942398,18360629,11
2019-04-27 08:01:54.464,0.1,sell,5173.2,BTC-10MAY19-5750-C,53.29,0.008,0.1,2,1556352114464,18360672,12
2019-04-27 08:02:27.426,0.1,buy,5173.2,BTC-10MAY19-5750-C,57.5,0.01,0.1,0,1556352147426,18360677,13
2019-04-27 08:04:42.773,0.1,buy,5173.61,BTC-10MAY19-5750-C,57.48,0.01,0.1,1,1556352282773,18360690,14
2019-04-27 09:42:48.465,0.2,sell,5145.55,BTC-10MAY19-5750-C,55.2,0.008,0.2,2,1556358168465,18361979,15
2019-04-27 12:28:21.086,0.3,buy,5151.25,BTC-10MAY19-5750-C,58.33,0.0095,0.3,0,1556368101086,18363683,16
2019-04-27 17:33:09.370,0.3,buy,5176.27,BTC-10MAY19-5750-C,58.19,0.01,0.3,0,1556386389370,18367980,17
2019-04-27 17:40:33.961,5.9,buy,5172.68,BTC-10MAY19-5750-C,58.45,0.01,5.9,1,1556386833961,18368091,18
2019-04-27 17:41:47.425,6.1000000000000005,buy,5172.26,BTC-10MAY19-5750-C,59.5,0.0105,6.1000000000000005,1,1556386907425,18368106,20
2019-04-27 17:41:47.425,20.0,buy,5172.26,BTC-10MAY19-5750-C,59.5,0.0105,20.0,0,1556386907425,18368105,19
2019-04-27 17:44:46.076,12.0,buy,5180.27,BTC-10MAY19-5750-C,59.96,0.011,12.0,0,1556387086076,18368282,21
2019-04-27 17:45:01.638,0.6,buy,5180.51,BTC-10MAY19-5750-C,59.95,0.011000000000000001,0.6,1,1556387101638,18368283,22
2019-04-27 21:10:57.096,6.0,buy,5205.53,BTC-10MAY19-5750-C,58.56,0.011000000000000001,6.0,1,1556399457096,18372984,23
2019-04-27 21:11:16.416,0.3,buy,5206.15,BTC-10MAY19-5750-C,58.52,0.011,0.3,1,1556399476416,18372985,24
2019-04-28 11:20:53.734,2.0,buy,5193.55,BTC-10MAY19-5750-C,59.82,0.0105,2.0,2,1556450453734,18383786,25
2019-04-28 11:21:16.769,20.0,buy,5193.5,BTC-10MAY19-5750-C,59.83,0.0105,20.0,3,1556450476769,18383793,26
2019-04-28 11:22:50.929,0.9,buy,5192.45,BTC-10MAY19-5750-C,60.93,0.011000000000000001,0.9,0,1556450570929,18383819,27
2019-04-28 11:27:09.169,2.5,sell,5195.3,BTC-10MAY19-5750-C,54.32,0.008,2.5,2,1556450829169,18383976,28
2019-04-28 11:30:06.061,2.5,sell,5193.86,BTC-10MAY19-5750-C,54.42,0.008,2.5,3,1556451006061,18383996,29
2019-04-28 23:04:51.112,6.0,sell,5154.76,BTC-10MAY19-5750-C,57.03,0.0075,6.0,2,1556492691112,18404011,30
2019-04-29 12:26:42.747,0.1,sell,5116.85,BTC-10MAY19-5750-C,61.09,0.0075,0.1,3,1556540802747,18417992,31
2019-04-29 22:25:05.004,1.9,sell,5110.74,BTC-10MAY19-5750-C,64.01,0.008,1.9,0,1556576705004,18439778,32
2019-04-30 10:16:19.448,2.0,buy,5192.98,BTC-10MAY19-5750-C,60.83,0.0085,2.0,0,1556619379448,18456578,33
2019-04-30 15:48:13.353,0.1,buy,5259.75,BTC-10MAY19-5750-C,59.95,0.01,0.1,0,1556639293353,18477751,34
2019-04-30 19:06:30.975,0.1,buy,5249.3,BTC-10MAY19-5750-C,61.2,0.01,0.1,1,1556651190975,18481918,35
2019-04-30 23:47:30.344,1.0,sell,5268.59,BTC-10MAY19-5750-C,58.01,0.009000000000000001,1.0,2,1556668050344,18488497,36
2019-04-30 23:47:40.193,1.0,sell,5268.0,BTC-10MAY19-5750-C,58.05,0.009000000000000001,1.0,3,1556668060193,18488498,37
2019-04-30 23:50:43.449,1.0,sell,5265.83,BTC-10MAY19-5750-C,57.05,0.0085,1.0,2,1556668243449,18488510,38
2019-04-30 23:51:32.050,5.0,sell,5265.92,BTC-10MAY19-5750-C,57.04,0.0085,5.0,3,1556668292050,18488523,39
2019-05-01 01:43:22.732,6.1000000000000005,sell,5303.25,BTC-10MAY19-5750-C,57.78,0.01,6.1000000000000005,0,1556675002732,18493635,40
2019-05-01 02:25:00.815,7.3,sell,5326.18,BTC-10MAY19-5750-C,56.01,0.01,7.3,1,1556677500815,18495181,41
2019-05-01 06:53:37.012,0.1,buy,5314.09,BTC-10MAY19-5750-C,57.58,0.01,0.1,1,1556693617012,18499164,42
2019-05-01 08:19:34.624,0.1,sell,5304.06,BTC-10MAY19-5750-C,58.59,0.01,0.1,1,1556698774624,18500479,43
2019-05-01 09:04:26.556,0.2,sell,5290.61,BTC-10MAY19-5750-C,56.29,0.0085,0.2,2,1556701466556,18502520,44
2019-05-01 10:24:05.175,3.2,sell,5298.71,BTC-10MAY19-5750-C,55.82,0.0085,3.2,3,1556706245175,18503797,45
2019-05-01 15:50:55.831,10.0,sell,5294.91,BTC-10MAY19-5750-C,56.85,0.0085,10.0,3,1556725855831,18509313,46
2019-05-01 16:01:40.898,1.0,sell,5296.28,BTC-10MAY19-5750-C,56.77,0.0085,1.0,3,1556726500898,18509352,47
2019-05-01 16:12:34.617,0.9,sell,5295.27,BTC-10MAY19-5750-C,55.64,0.008,0.9,3,1556727154617,18509404,49
2019-05-01 16:12:34.617,0.1,sell,5295.27,BTC-10MAY19-5750-C,55.64,0.008,0.1,2,1556727154617,18509403,48
2019-05-01 17:14:23.273,1.0,sell,5323.01,BTC-10MAY19-5750-C,55.94,0.009000000000000001,1.0,0,1556730863273,18511476,50
2019-05-01 17:14:32.026,1.0,sell,5320.56,BTC-10MAY19-5750-C,56.14,0.009000000000000001,1.0,1,1556730872026,18511568,51
2019-05-01 17:14:36.444,1.0,sell,5321.65,BTC-10MAY19-5750-C,56.05,0.009000000000000001,1.0,1,1556730876444,18511571,52
2019-05-01 17:16:11.472,1.0,sell,5324.71,BTC-10MAY19-5750-C,55.8,0.009000000000000001,1.0,1,1556730971472,18511725,53
2019-05-02 01:07:29.486,0.1,buy,5322.87,BTC-10MAY19-5750-C,57.05,0.009000000000000001,0.1,1,1556759249486,18527005,54
2019-05-02 04:50:51.694,0.1,buy,5315.12,BTC-10MAY19-5750-C,58.25,0.009000000000000001,0.1,1,1556772651694,18532438,55
2019-05-02 05:06:14.051,0.2,buy,5323.46,BTC-10MAY19-5750-C,57.58,0.009000000000000001,0.2,1,1556773574051,18532751,56
2019-05-02 05:07:22.635,15.0,buy,5323.17,BTC-10MAY19-5750-C,59.99,0.01,15.0,1,1556773642635,18532758,58
2019-05-02 05:07:22.635,20.0,buy,5323.17,BTC-10MAY19-5750-C,59.99,0.01,20.0,0,1556773642635,18532757,57
2019-05-02 07:55:52.155,0.5,buy,5332.09,BTC-10MAY19-5750-C,59.64,0.01,0.5,1,1556783752155,18537283,59
2019-05-02 14:14:18.954,0.5,buy,5364.41,BTC-10MAY19-5750-C,57.75,0.01,0.5,1,1556806458954,18552393,60
2019-05-02 14:17:55.508,5.5,sell,5367.54,BTC-10MAY19-5750-C,55.11,0.009000000000000001,5.5,2,1556806675508,18552470,61
2019-05-02 15:12:52.699,1.0,sell,5413.81,BTC-10MAY19-5750-C,53.39,0.01,1.0,0,1556809972699,18557554,62
2019-05-02 15:17:22.194,1.0,buy,5403.39,BTC-10MAY19-5750-C,54.36,0.01,1.0,1,1556810242194,18558085,63
2019-05-02 15:17:43.752,1.0,buy,5401.32,BTC-10MAY19-5750-C,54.55,0.01,1.0,1,1556810263752,18558224,64
2019-05-02 15:19:17.172,1.0,sell,5400.87,BTC-10MAY19-5750-C,53.45,0.0095,1.0,2,1556810357172,18558588,65
2019-05-02 15:19:17.174,1.0,sell,5400.87,BTC-10MAY19-5750-C,53.45,0.0095,1.0,3,1556810357174,18558589,66
2019-05-02 15:20:50.536,1.0,sell,5399.99,BTC-10MAY19-5750-C,53.53,0.0095,1.0,3,1556810450536,18558684,67
2019-05-02 15:23:05.135,1.0,sell,5399.4,BTC-10MAY19-5750-C,53.59,0.0095,1.0,3,1556810585135,18558720,68
2019-05-02 15:26:03.849,1.0,buy,5402.67,BTC-10MAY19-5750-C,54.45,0.01,1.0,0,1556810763849,18558837,69
2019-05-02 16:09:34.242,6.0,sell,5413.94,BTC-10MAY19-5750-C,53.52,0.01,6.0,1,1556813374242,18560419,70
2019-05-02 16:19:01.979,0.1,sell,5393.4,BTC-10MAY19-5750-C,54.27,0.0095,0.1,2,1556813941979,18561105,71
2019-05-02 19:15:24.053,1.0,sell,5391.3,BTC-10MAY19-5750-C,53.71,0.009000000000000001,1.0,2,1556824524053,18566103,72
2019-05-02 19:15:28.324,1.0,sell,5391.3,BTC-10MAY19-5750-C,53.71,0.009000000000000001,1.0,3,1556824528324,18566104,73
2019-05-02 20:54:25.562,9.6,buy,5403.95,BTC-10MAY19-5750-C,56.31,0.0105,9.6,1,1556830465562,18570478,75
2019-05-02 20:54:25.562,1.4,buy,5403.95,BTC-10MAY19-5750-C,56.31,0.0105,1.4,0,1556830465562,18570477,74
2019-05-03 00:23:39.681,0.1,buy,5378.47,BTC-10MAY19-5750-C,59.27,0.0105,0.1,1,1556843019681,18577821,76
2019-05-03 04:38:01.708,0.5,buy,5495.37,BTC-10MAY19-5750-C,54.98,0.0135,0.5,0,1556858281708,18595498,77
2019-05-03 05:57:30.877,2.0,sell,5491.09,BTC-10MAY19-5750-C,58.76,0.015,2.0,0,1556863050877,18599205,78
2019-05-03 06:38:42.216,4.0,sell,5543.81,BTC-10MAY19-5750-C,54.11,0.0155,4.0,0,1556865522216,18605821,79
2019-05-03 06:55:25.415,10.0,buy,5516.59,BTC-10MAY19-5750-C,59.2,0.0165,10.0,0,1556866525415,18609476,80
2019-05-03 07:37:05.569,3.0,sell,5557.44,BTC-10MAY19-5750-C,59.58,0.019,3.0,0,1556869025569,18612395,81
2019-05-03 08:00:19.474,0.2,sell,5583.7,BTC-10MAY19-5750-C,54.62,0.018000000000000002,0.2,2,1556870419474,18616817,82
2019-05-03 08:00:42.083,0.1,buy,5583.65,BTC-10MAY19-5750-C,58.46,0.02,0.1,0,1556870442083,18616849,83
2019-05-03 08:14:23.573,0.3,sell,5576.11,BTC-10MAY19-5750-C,54.59,0.0175,0.3,2,1556871263573,18618520,84
2019-05-03 08:15:10.494,2.0,sell,5574.88,BTC-10MAY19-5750-C,52.79,0.0165,2.0,2,1556871310494,18618672,85
2019-05-03 08:29:17.691,0.1,sell,5570.56,BTC-10MAY19-5750-C,52.35,0.016,0.1,2,1556872157691,18619245,86
2019-05-03 08:29:32.911,0.3,sell,5570.82,BTC-10MAY19-5750-C,59.12,0.0195,0.3,0,1556872172911,18619247,87
2019-05-03 08:38:58.177,2.9,buy,5621.74,BTC-10MAY19-5750-C,53.88,0.02,2.9,0,1556872738177,18622128,88
2019-05-03 08:44:16.258,1.0,buy,5623.15,BTC-10MAY19-5750-C,60.26,0.0235,1.0,0,1556873056258,18624216,89
2019-05-03 08:47:12.398,0.5,buy,5617.58,BTC-10MAY19-5750-C,60.98,0.0235,0.5,1,1556873232398,18624871,90
2019-05-03 08:47:12.398,5.5,buy,5617.58,BTC-10MAY19-5750-C,60.98,0.0235,5.5,1,1556873232398,18624872,91
2019-05-03 08:49:12.344,0.3,buy,5629.5,BTC-10MAY19-5750-C,56.66,0.022,0.3,2,1556873352344,18625949,92
2019-05-03 08:52:00.661,0.3,buy,5718.14,BTC-10MAY19-5750-C,59.21,0.03,0.3,0,1556873520661,18630745,93
2019-05-03 08:53:18.276,0.4,sell,5693.82,BTC-10MAY19-5750-C,57.24,0.027000000000000003,0.4,2,1556873598276,18632498,94
2019-05-03 08:53:40.791,1.7,sell,5681.97,BTC-10MAY19-5750-C,58.9,0.027000000000000003,1.7,3,1556873620791,18632803,95
2019-05-03 08:53:51.843,5.0,buy,5677.43,BTC-10MAY19-5750-C,60.44,0.0275,5.0,0,1556873631843,18632936,96
2019-05-03 09:16:40.210,0.2,buy,5691.79,BTC-10MAY19-5750-C,60.33,0.0285,0.2,0,1556875000210,18640577,97
2019-05-03 09:33:20.009,0.2,buy,5720.33,BTC-10MAY19-5750-C,57.19,0.029,0.2,0,1556876000009,18644460,98
2019-05-03 09:38:17.093,1.0,sell,5705.46,BTC-10MAY19-5750-C,60.27,0.0295,1.0,0,1556876297093,18646258,99
2019-05-03 09:41:24.679,0.2,buy,5731.82,BTC-10MAY19-5750-C,57.34,0.03,0.2,0,1556876484679,18647268,100
2019-05-03 09:41:33.256,0.5,buy,5737.6,BTC-10MAY19-5750-C,56.48,0.03,0.5,1,1556876493256,18647341,101
2019-05-03 09:57:07.860,0.2,sell,5795.1,BTC-10MAY19-5750-C,60.26,0.037000000000000005,0.2,0,1556877427860,18653659,102
2019-05-03 09:59:20.850,0.5,sell,5776.73,BTC-10MAY19-5750-C,56.83,0.0335,0.5,2,1556877560850,18654443,103
2019-05-03 10:22:15.280,0.1,buy,5729.95,BTC-10MAY19-5750-C,57.74,0.03,0.1,2,1556878935280,18661076,104
2019-05-03 10:41:42.710,0.1,sell,5727.71,BTC-10MAY19-5750-C,57.21,0.0295,0.1,2,1556880102710,18662851,105
2019-05-03 10:42:08.071,2.0,buy,5726.53,BTC-10MAY19-5750-C,63.78,0.033,2.0,0,1556880128071,18662871,106
2019-05-03 10:58:01.133,0.1,sell,5669.08,BTC-10MAY19-5750-C,59.21,0.026,0.1,2,1556881081133,18666004,107
2019-05-03 10:58:08.713,0.1,sell,5669.12,BTC-10MAY19-5750-C,59.2,0.026,0.1,3,1556881088713,18666012,108
2019-05-03 11:25:37.244,3.0,buy,5676.47,BTC-10MAY19-5750-C,59.19,0.0265,3.0,0,1556882737244,18669316,109
2019-05-03 11:34:08.246,1.0,buy,5700.11,BTC-10MAY19-5750-C,59.56,0.0285,1.0,0,1556883248246,18670459,110
2019-05-03 12:08:59.375,1.0,buy,5717.34,BTC-10MAY19-5750-C,62.67,0.0315,1.0,0,1556885339375,18673620,111
2019-05-03 12:22:51.109,0.1,buy,5721.33,BTC-10MAY19-5750-C,57.54,0.029,0.1,2,1556886171109,18674168,112
2019-05-03 12:40:37.791,6.0,buy,5742.17,BTC-10MAY19-5750-C,63.64,0.034,6.0,0,1556887237791,18675522,113
2019-05-03 12:40:37.791,4.0,buy,5742.17,BTC-10MAY19-5750-C,63.64,0.034,4.0,1,1556887237791,18675523,114
2019-05-03 13:29:39.703,0.7000000000000001,buy,5752.33,BTC-10MAY19-5750-C,58.55,0.032,0.7000000000000001,2,1556890179703,18678899,115
2019-05-03 13:30:41.300,5.0,buy,5748.17,BTC-10MAY19-5750-C,61.04,0.033,5.0,0,1556890241300,18679082,116
2019-05-03 13:32:19.224,1.0,buy,5745.63,BTC-10MAY19-5750-C,62.35,0.0335,1.0,0,1556890339224,18679266,117
2019-05-03 13:36:28.585,1.0,buy,5743.73,BTC-10MAY19-5750-C,58.05,0.031,1.0,2,1556890588585,18679751,118
2019-05-03 14:15:46.316,1.0,buy,5761.82,BTC-10MAY19-5750-C,61.82,0.0345,1.0,0,1556892946316,18682439,119
2019-05-03 14:17:14.845,2.0,buy,5757.91,BTC-10MAY19-5750-C,61.51,0.034,2.0,2,1556893034845,18682505,120
2019-05-03 14:18:02.210,1.0,sell,5758.34,BTC-10MAY19-5750-C,56.83,0.0315,1.0,2,1556893082210,18682540,121
2019-05-03 14:18:44.217,1.0,sell,5759.8,BTC-10MAY19-5750-C,56.6,0.0315,1.0,3,1556893124217,18682565,122
2019-05-03 14:52:21.792,1.7,sell,5744.99,BTC-10MAY19-5750-C,56.24,0.03,1.7,3,1556895141792,18684658,125
2019-05-03 14:52:21.792,6.0,sell,5744.99,BTC-10MAY19-5750-C,56.24,0.03,6.0,3,1556895141792,18684657,124
2019-05-03 14:52:21.792,6.3,sell,5744.99,BTC-10MAY19-5750-C,56.24,0.03,6.3,2,1556895141792,18684656,123
2019-05-03 15:08:11.639,5.0,sell,5697.84,BTC-10MAY19-5750-C,57.77,0.027000000000000003,5.0,2,1556896091639,18688043,126
2019-05-03 15:14:23.076,2.0,buy,5719.06,BTC-10MAY19-5750-C,62.09,0.031,2.0,0,1556896463076,18688699,127
2019-05-03 15:14:23.076,4.3,buy,5719.06,BTC-10MAY19-5750-C,62.09,0.031,4.3,1,1556896463076,18688700,128
2019-05-03 15:14:23.079,0.7000000000000001,sell,5719.06,BTC-10MAY19-5750-C,62.09,0.031,0.7000000000000001,1,1556896463079,18688701,129
2019-05-03 16:30:05.356,1.0,buy,5724.43,BTC-10MAY19-5750-C,59.67,0.03,1.0,2,1556901005356,18692949,130
2019-05-03 16:44:33.922,0.5,sell,5715.98,BTC-10MAY19-5750-C,56.33,0.0275,0.5,2,1556901873922,18693139,131
2019-05-03 17:17:00.024,1.0,sell,5661.06,BTC-10MAY19-5750-C,59.6,0.025,1.0,2,1556903820024,18697427,132
2019-05-03 17:17:22.707,1.0,sell,5661.15,BTC-10MAY19-5750-C,56.76,0.0235,1.0,2,1556903842707,18697436,133
2019-05-03 17:52:04.842,0.4,buy,5658.49,BTC-10MAY19-5750-C,58.18,0.024,0.4,0,1556905924842,18701053,134
2019-05-03 17:52:16.408,4.0,buy,5658.33,BTC-10MAY19-5750-C,55.36,0.0225,4.0,2,1556905936408,18701056,135
2019-05-03 18:48:40.236,0.1,buy,5684.72,BTC-10MAY19-5750-C,55.63,0.0245,0.1,0,1556909320236,18702798,136
2019-05-03 18:48:40.236,0.1,buy,5684.72,BTC-10MAY19-5750-C,55.63,0.0245,0.1,1,1556909320236,18702799,137
2019-05-03 18:49:03.906,0.9,buy,5686.35,BTC-10MAY19-5750-C,60.1,0.027000000000000003,0.9,0,1556909343906,18702815,138
2019-05-03 19:03:38.332,1.0,sell,5687.54,BTC-10MAY19-5750-C,54.33,0.024,1.0,2,1556910218332,18703604,139
2019-05-03 19:03:58.964,5.0,sell,5682.33,BTC-10MAY19-5750-C,54.13,0.0235,5.0,2,1556910238964,18703690,140
2019-05-03 19:04:42.783,2.0,sell,5683.47,BTC-10MAY19-5750-C,54.91,0.024,2.0,0,1556910282783,18703727,141
2019-05-03 19:04:58.425,2.0,sell,5684.08,BTC-10MAY19-5750-C,54.82,0.024,2.0,1,1556910298425,18703751,142
2019-05-03 19:09:55.531,4.0,sell,5677.76,BTC-10MAY19-5750-C,53.84,0.023,4.0,2,1556910595531,18704085,143
2019-05-03 19:10:03.817,0.1,sell,5677.97,BTC-10MAY19-5750-C,53.81,0.023,0.1,3,1556910603817,18704087,144
2019-05-03 19:11:38.681,1.0,sell,5673.84,BTC-10MAY19-5750-C,54.4,0.023,1.0,3,1556910698681,18704154,145
2019-05-03 20:35:40.770,2.0,buy,5694.52,BTC-10MAY19-5750-C,58.32,0.0265,2.0,0,1556915740770,18707114,146
2019-05-03 22:52:36.850,0.2,buy,5652.72,BTC-10MAY19-5750-C,58.0,0.023,0.2,2,1556923956850,18715614,147
2019-05-04 01:54:31.241,0.3,buy,5795.71,BTC-10MAY19-5750-C,58.45,0.0345,0.3,0,1556934871241,18733491,148
2019-05-04 01:54:41.722,1.0,buy,5797.79,BTC-10MAY19-5750-C,60.02,0.0355,1.0,0,1556934881722,18733540,149
2019-05-04 01:54:56.460,0.3,sell,5803.47,BTC-10MAY19-5750-C,54.18,0.033,0.3,2,1556934896460,18733740,150
2019-05-04 04:04:39.037,1.0,buy,5729.31,BTC-10MAY19-5750-C,54.44,0.0265,1.0,2,1556942679037,18744600,151
2019-05-04 07:33:12.449,0.3,sell,5750.79,BTC-10MAY19-5750-C,51.61,0.0265,0.3,3,1556955192449,18754885,152
2019-05-04 08:39:19.383,0.4,sell,5725.1,BTC-10MAY19-5750-C,52.05,0.0245,0.4,2,1556959159383,18756542,153
2019-05-04 08:58:38.103,2.0,buy,5729.14,BTC-10MAY19-5750-C,58.34,0.028,2.0,0,1556960318103,18756884,154
2019-05-04 09:54:51.363,2.0,sell,5710.9,BTC-10MAY19-5750-C,51.56,0.023,2.0,2,1556963691363,18758192,155
2019-05-04 10:31:40.832,2.0,buy,5725.34,BTC-10MAY19-5750-C,54.33,0.0255,2.0,0,1556965900832,18759718,156
2019-05-04 13:47:45.395,0.2,sell,5640.75,BTC-10MAY19-5750-C,56.64,0.02,0.2,2,1556977665395,18767913,157
2019-05-04 13:53:24.958,0.9,buy,5590.8,BTC-10MAY19-5750-C,59.3,0.018000000000000002,0.9,2,1556978004958,18774199,158
2019-05-04 13:57:27.779,1.0,sell,5561.1,BTC-10MAY19-5750-C,54.48,0.014,1.0,2,1556978247779,18775480,159
2019-05-04 14:07:51.865,3.0,sell,5568.45,BTC-10MAY19-5750-C,54.7,0.0145,3.0,0,1556978871865,18777851,160
2019-05-04 14:10:25.772,0.4,sell,5566.72,BTC-10MAY19-5750-C,53.82,0.014,0.4,2,1556979025772,18778201,161
2019-05-04 14:15:29.759,0.5,buy,5556.13,BTC-10MAY19-5750-C,59.56,0.016,0.5,0,1556979329759,18781018,162
2019-05-04 14:24:15.234,11.0,buy,5571.23,BTC-10MAY19-5750-C,58.76,0.0165,11.0,0,1556979855234,18782082,163
2019-05-04 14:30:58.582,0.5,buy,5576.45,BTC-10MAY19-5750-C,59.18,0.017,0.5,0,1556980258582,18782577,164
2019-05-04 14:34:56.748,0.3,buy,5586.58,BTC-10MAY19-5750-C,62.13,0.019,0.3,0,1556980496748,18782895,166
2019-05-04 14:34:56.748,0.7000000000000001,buy,5586.58,BTC-10MAY19-5750-C,61.07,0.0185,0.7000000000000001,0,1556980496748,18782894,165
2019-05-04 14:35:30.049,0.9,buy,5586.64,BTC-10MAY19-5750-C,62.12,0.019,0.9,1,1556980530049,18782918,167
2019-05-04 14:41:33.985,0.9,sell,5570.71,BTC-10MAY19-5750-C,56.72,0.0155,0.9,2,1556980893985,18783294,168
2019-05-04 14:50:22.558,1.0,buy,5580.29,BTC-10MAY19-5750-C,56.6,0.016,1.0,0,1556981422558,18783747,169
2019-05-04 14:54:11.057,2.0,sell,5575.76,BTC-10MAY19-5750-C,56.11,0.0155,2.0,2,1556981651057,18783803,170
2019-05-04 15:11:52.881,3.0,sell,5570.21,BTC-10MAY19-5750-C,55.79,0.015,3.0,2,1556982712881,18784492,171
2019-05-04 15:17:49.228,0.2,sell,5574.74,BTC-10MAY19-5750-C,56.33,0.0155,0.2,0,1556983069228,18784577,172
2019-05-04 15:18:05.084,0.4,sell,5577.37,BTC-10MAY19-5750-C,55.99,0.0155,0.4,1,1556983085084,18784606,173
2019-05-04 15:18:14.520,0.2,sell,5577.83,BTC-10MAY19-5750-C,55.93,0.0155,0.2,1,1556983094520,18784616,174
2019-05-04 15:53:16.324,0.2,buy,5554.36,BTC-10MAY19-5750-C,62.33,0.017,0.2,1,1556985196324,18785562,176
2019-05-04 15:53:16.324,0.3,buy,5554.36,BTC-10MAY19-5750-C,62.33,0.017,0.3,0,1556985196324,18785561,175
2019-05-04 16:20:04.431,1.0,sell,5578.06,BTC-10MAY19-5750-C,56.11,0.0155,1.0,2,1556986804431,18787098,177
2019-05-04 16:35:04.006,5.0,buy,5586.36,BTC-10MAY19-5750-C,61.55,0.0185,5.0,0,1556987704006,18787491,178
2019-05-04 17:49:20.241,1.0,sell,5586.67,BTC-10MAY19-5750-C,50.9,0.0135,1.0,2,1556992160241,18789500,179
2019-05-04 20:51:42.501,1.0,buy,5667.35,BTC-10MAY19-5750-C,53.19,0.0195,1.0,0,1557003102501,18798038,180
2019-05-04 20:52:15.848,0.7000000000000001,buy,5666.56,BTC-10MAY19-5750-C,53.31,0.0195,0.7000000000000001,1,1557003135848,18798153,181
2019-05-04 20:52:49.993,0.3,buy,5667.1,BTC-10MAY19-5750-C,53.23,0.0195,0.3,1,1557003169993,18798230,182
2019-05-04 21:00:32.437,2.0,buy,5691.02,BTC-10MAY19-5750-C,50.66,0.02,2.0,0,1557003632437,18799370,183
2019-05-04 21:07:13.986,0.1,buy,5747.06,BTC-10MAY19-5750-C,54.86,0.0265,0.1,0,1557004033986,18802709,184
2019-05-04 21:08:06.575,0.1,buy,5752.55,BTC-10MAY19-5750-C,55.97,0.0275,0.1,0,1557004086575,18803057,185
2019-05-04 21:10:23.656,0.3,buy,5777.08,BTC-10MAY19-5750-C,57.77,0.0305,0.3,0,1557004223656,18804943,186
2019-05-04 21:30:26.632,0.4,sell,5782.7,BTC-10MAY19-5750-C,51.64,0.028,0.4,2,1557005426632,18813426,187
2019-05-04 22:27:06.363,1.0,sell,5793.14,BTC-10MAY19-5750-C,56.11,0.031,1.0,0,1557008826363,18825542,188
2019-05-04 22:29:01.528,0.1,sell,5783.74,BTC-10MAY19-5750-C,57.87,0.031,0.1,1,1557008941528,18825821,189
2019-05-04 23:15:29.157,0.3,sell,5787.69,BTC-10MAY19-5750-C,57.31,0.031,0.3,1,1557011729157,18829751,194
2019-05-04 23:15:29.157,1.1,sell,5787.69,BTC-10MAY19-5750-C,57.31,0.031,1.1,1,1557011729157,18829753,196
2019-05-04 23:15:29.157,3.7,sell,5787.69,BTC-10MAY19-5750-C,57.31,0.031,3.7,1,1557011729157,18829754,197
2019-05-04 23:15:29.157,2.2,sell,5787.69,BTC-10MAY19-5750-C,57.31,0.031,2.2,1,1557011729157,18829750,193
2019-05-04 23:15:29.157,1.1,sell,5787.69,BTC-10MAY19-5750-C,57.31,0.031,1.1,1,1557011729157,18829748,191
2019-05-04 23:15:29.157,2.2,sell,5787.69,BTC-10MAY19-5750-C,57.31,0.031,2.2,1,1557011729157,18829752,195
2019-05-04 23:15:29.157,0.1,sell,5787.69,BTC-10MAY19-5750-C,57.31,0.031,0.1,1,1557011729157,18829747,190
2019-05-04 23:15:29.157,1.3,sell,5787.69,BTC-10MAY19-5750-C,57.31,0.031,1.3,1,1557011729157,18829749,192
2019-05-04 23:16:13.108,1.3,sell,5772.04,BTC-10MAY19-5750-C,60.2,0.031,1.3,1,1557011773108,18830044,198
2019-05-04 23:16:13.108,1.6,sell,5772.04,BTC-10MAY19-5750-C,60.2,0.031,1.6,1,1557011773108,18830046,200
2019-05-04 23:16:13.108,5.1000000000000005,sell,5772.04,BTC-10MAY19-5750-C,60.2,0.031,5.1000000000000005,1,1557011773108,18830045,199
2019-05-04 23:16:13.108,1.7,sell,5772.04,BTC-10MAY19-5750-C,60.2,0.031,1.7,1,1557011773108,18830049,203
2019-05-04 23:16:13.108,0.8,sell,5772.04,BTC-10MAY19-5750-C,60.2,0.031,0.8,1,1557011773108,18830047,201
2019-05-04 23:16:13.108,1.5,sell,5772.04,BTC-10MAY19-5750-C,60.2,0.031,1.5,1,1557011773108,18830048,202
2019-05-04 23:16:35.495,2.0,sell,5774.7,BTC-10MAY19-5750-C,59.72,0.031,2.0,1,1557011795495,18830406,204
2019-05-04 23:17:36.951,2.6,sell,5768.3,BTC-10MAY19-5750-C,60.88,0.031,2.6,1,1557011856951,18830719,207
2019-05-04 23:17:36.951,0.5,sell,5768.3,BTC-10MAY19-5750-C,60.88,0.031,0.5,1,1557011856951,18830717,205
2019-05-04 23:17:36.951,0.9,sell,5768.3,BTC-10MAY19-5750-C,60.88,0.031,0.9,1,1557011856951,18830718,206
2019-05-04 23:17:37.185,0.6,sell,5768.3,BTC-10MAY19-5750-C,60.88,0.031,0.6,1,1557011857185,18830721,208
2019-05-04 23:17:37.185,1.5,sell,5768.3,BTC-10MAY19-5750-C,60.88,0.031,1.5,1,1557011857185,18830722,209
2019-05-04 23:58:12.681,0.1,buy,5773.76,BTC-10MAY19-5750-C,61.09,0.0315,0.1,0,1557014292681,18834555,210
2019-05-05 00:19:02.836,0.1,buy,5714.61,BTC-10MAY19-5750-C,61.06,0.0265,0.1,2,1557015542836,18839685,211
2019-05-05 01:23:35.157,0.1,sell,5737.39,BTC-10MAY19-5750-C,55.38,0.0255,0.1,2,1557019415157,18845565,212
2019-05-05 02:34:10.824,0.1,buy,5753.85,BTC-10MAY19-5750-C,57.98,0.028,0.1,0,1557023650824,18848055,213
2019-05-05 02:36:08.466,0.9,buy,5749.73,BTC-10MAY19-5750-C,61.87,0.0295,0.9,0,1557023768466,18848083,214
2019-05-05 05:02:03.531,0.5,buy,5729.37,BTC-10MAY19-5750-C,61.82,0.0275,0.5,3,1557032523531,18853687,216
2019-05-05 05:02:03.531,0.5,buy,5729.37,BTC-10MAY19-5750-C,61.82,0.0275,0.5,2,1557032523531,18853686,215
2019-05-05 10:40:37.545,0.5,sell,5724.25,BTC-10MAY19-5750-C,54.44,0.023,0.5,2,1557052837545,18868398,217
2019-05-05 11:00:30.997,0.5,sell,5741.79,BTC-10MAY19-5750-C,54.65,0.0245,0.5,0,1557054030997,18869225,218
2019-05-05 14:13:51.782,0.5,buy,5697.43,BTC-10MAY19-5750-C,63.24,0.0245,0.5,1,1557065631782,18876451,219
2019-05-05 16:47:37.129,0.1,buy,5713.39,BTC-10MAY19-5750-C,57.84,0.023,0.1,2,1557074857129,18882933,220
2019-05-05 17:06:02.454,2.0,sell,5695.58,BTC-10MAY19-5750-C,54.29,0.02,2.0,2,1557075962454,18883401,221
2019-05-05 18:09:09.014,0.7000000000000001,buy,5660.46,BTC-10MAY19-5750-C,56.95,0.0185,0.7000000000000001,2,1557079749014,18889071,222
2019-05-05 18:09:31.601,5.3,buy,5657.66,BTC-10MAY19-5750-C,58.54,0.019,5.3,0,1557079771601,18889185,223
2019-05-05 18:10:47.830,7.1000000000000005,buy,5657.44,BTC-10MAY19-5750-C,58.58,0.019,7.1000000000000005,1,1557079847830,18889320,224
2019-05-05 19:23:38.810,0.1,sell,5705.19,BTC-10MAY19-5750-C,52.07,0.0195,0.1,0,1557084218810,18894946,225
2019-05-05 21:08:45.944,0.5,sell,5774.82,BTC-10MAY19-5750-C,52.98,0.0255,0.5,0,1557090525944,18901036,226
2019-05-05 21:44:09.885,1.0,sell,5733.78,BTC-10MAY19-5750-C,52.02,0.0215,1.0,2,1557092649885,18903264,227
2019-05-06 01:18:46.975,1.0,sell,5644.16,BTC-10MAY19-5750-C,51.97,0.0145,1.0,2,1557105526975,18917529,228
2019-05-06 01:34:54.503,5.5,buy,5592.62,BTC-10MAY19-5750-C,61.16,0.015,5.5,1,1557106494503,18923812,230
2019-05-06 01:34:54.503,3.0,buy,5592.62,BTC-10MAY19-5750-C,61.16,0.015,3.0,0,1557106494503,18923811,229
2019-05-06 01:35:07.500,2.4,buy,5592.86,BTC-10MAY19-5750-C,62.37,0.0155,2.4,0,1557106507500,18923815,231
2019-05-06 01:55:27.727,2.0,sell,5624.5,BTC-10MAY19-5750-C,55.18,0.0145,2.0,2,1557107727727,18926516,232
2019-05-06 06:14:32.168,0.1,buy,5643.74,BTC-10MAY19-5750-C,61.96,0.018000000000000002,0.1,0,1557123272168,18934553,233
2019-05-06 06:40:25.865,0.1,sell,5621.67,BTC-10MAY19-5750-C,59.48,0.0155,0.1,2,1557124825865,18935775,234
2019-05-06 06:42:06.621,0.1,sell,5625.52,BTC-10MAY19-5750-C,56.36,0.0145,0.1,2,1557124926621,18935838,235
2019-05-06 06:50:13.294,0.2,sell,5607.03,BTC-10MAY19-5750-C,58.02,0.014,0.2,2,1557125413294,18937513,236
2019-05-06 07:21:11.538,2.0,sell,5608.42,BTC-10MAY19-5750-C,59.24,0.0145,2.0,0,1557127271538,18938339,237
2019-05-06 07:24:38.066,1.0,buy,5607.61,BTC-10MAY19-5750-C,65.73,0.017,1.0,0,1557127478066,18938634,238
2019-05-06 08:51:46.528,0.1,sell,5604.16,BTC-10MAY19-5750-C,64.23,0.016,0.1,2,1557132706528,18943780,239
2019-05-06 08:58:53.304,0.2,buy,5598.05,BTC-10MAY19-5750-C,69.07,0.0175,0.2,0,1557133133304,18944045,240
2019-05-06 09:07:49.887,0.2,sell,5605.73,BTC-10MAY19-5750-C,61.5,0.015,0.2,2,1557133669887,18944441,241
2019-05-06 09:08:01.237,0.1,sell,5607.0,BTC-10MAY19-5750-C,61.3,0.015,0.1,3,1557133681237,18944443,243
2019-05-06 09:08:01.237,0.1,sell,5607.0,BTC-10MAY19-5750-C,61.3,0.015,0.1,3,1557133681237,18944442,242
2019-05-06 09:08:23.156,0.2,sell,5606.97,BTC-10MAY19-5750-C,61.31,0.015,0.2,3,1557133703156,18944450,244
2019-05-06 12:46:29.656,6.0,sell,5618.38,BTC-10MAY19-5750-C,58.06,0.014,6.0,2,1557146789656,18950958,245
2019-05-06 13:06:26.947,3.0,sell,5619.74,BTC-10MAY19-5750-C,57.95,0.014,3.0,3,1557147986947,18951370,246
2019-05-06 13:46:37.728,2.0,buy,5639.0,BTC-10MAY19-5750-C,61.47,0.0165,2.0,0,1557150397728,18952262,247
2019-05-06 14:26:02.326,0.1,buy,5648.34,BTC-10MAY19-5750-C,65.2,0.0185,0.1,0,1557152762326,18953826,248
2019-05-06 14:39:36.328,1.0,sell,5649.54,BTC-10MAY19-5750-C,59.96,0.0165,1.0,2,1557153576328,18954270,249
2019-05-06 14:41:24.220,5.0,buy,5647.23,BTC-10MAY19-5750-C,60.36,0.0165,5.0,3,1557153684220,18954325,250
2019-05-06 15:55:19.244,1.0,sell,5655.29,BTC-10MAY19-5750-C,59.38,0.0165,1.0,3,1557158119244,18957499,251
2019-05-06 15:58:10.827,0.3,sell,5657.44,BTC-10MAY19-5750-C,59.01,0.0165,0.3,3,1557158290827,18957649,252
2019-05-06 16:03:24.420,5.0,buy,5681.91,BTC-10MAY19-5750-C,61.0,0.019,5.0,0,1557158604420,18958174,253
2019-05-06 16:03:24.420,1.0,buy,5681.91,BTC-10MAY19-5750-C,61.0,0.019,1.0,1,1557158604420,18958175,254
2019-05-06 16:20:17.411,1.8,sell,5684.61,BTC-10MAY19-5750-C,59.33,0.0185,1.8,2,1557159617411,18960076,255
2019-05-06 16:25:03.635,0.7000000000000001,buy,5693.66,BTC-10MAY19-5750-C,63.98,0.021,0.7000000000000001,0,1557159903635,18960766,256
2019-05-06 17:03:38.061,1.0,buy,5717.06,BTC-10MAY19-5750-C,65.95,0.0235,1.0,0,1557162218061,18965013,257
2019-05-06 17:03:50.133,6.0,sell,5714.27,BTC-10MAY19-5750-C,66.51,0.0235,6.0,1,1557162230133,18965045,258
2019-05-06 17:12:58.572,0.1,sell,5710.28,BTC-10MAY19-5750-C,59.78,0.0205,0.1,2,1557162778572,18965618,259
2019-05-06 19:06:22.774,5.0,buy,5748.95,BTC-10MAY19-5750-C,66.44,0.026,5.0,0,1557169582774,18972555,260
2019-05-06 19:39:37.675,1.0,sell,5725.94,BTC-10MAY19-5750-C,63.86,0.023,1.0,2,1557171577675,18975035,261
2019-05-06 20:02:37.234,1.0,buy,5743.45,BTC-10MAY19-5750-C,65.44,0.025,1.0,0,1557172957234,18975992,262
2019-05-06 20:56:44.734,1.7,sell,5700.11,BTC-10MAY19-5750-C,59.25,0.019,1.7,2,1557176204734,18982799,263
2019-05-07 02:33:21.888,0.3,buy,5850.92,BTC-10MAY19-5750-C,62.85,0.033,0.3,0,1557196401888,19000300,264
2019-05-07 02:38:33.189,8.5,buy,5826.06,BTC-10MAY19-5750-C,65.58,0.0315,8.5,3,1557196713189,19003539,266
2019-05-07 02:38:33.189,7.2,buy,5826.06,BTC-10MAY19-5750-C,65.58,0.0315,7.2,2,1557196713189,19003538,265
2019-05-07 02:45:34.432,0.3,buy,5850.93,BTC-10MAY19-5750-C,62.94,0.033,0.3,0,1557197134432,19004611,267
2019-05-07 02:48:15.295,4.5,buy,5853.61,BTC-10MAY19-5750-C,62.18,0.033,4.5,1,1557197295295,19005550,268
2019-05-07 03:50:57.681,1.0,buy,5901.72,BTC-10MAY19-5750-C,66.83,0.0395,1.0,0,1557201057681,19021381,269
2019-05-07 06:22:37.524,5.0,sell,5883.8,BTC-10MAY19-5750-C,66.2,0.037000000000000005,5.0,2,1557210157524,19030226,270
2019-05-07 07:49:02.055,3.0,buy,5870.3,BTC-10MAY19-5750-C,72.49,0.0375,3.0,0,1557215342055,19032877,271
2019-05-07 07:52:04.115,1.0,buy,5876.34,BTC-10MAY19-5750-C,76.58,0.0395,1.0,0,1557215524115,19032960,272
2019-05-07 07:53:08.828,2.5,buy,5881.9,BTC-10MAY19-5750-C,76.4,0.04,2.5,0,1557215588828,19032999,273
2019-05-07 09:20:21.616,3.0,buy,5896.82,BTC-10MAY19-5750-C,75.55,0.041,3.0,0,1557220821616,19035241,274
2019-05-07 09:20:54.583,1.0,buy,5891.21,BTC-10MAY19-5750-C,75.81,0.0405,1.0,2,1557220854583,19035278,275
2019-05-07 09:44:58.115,1.0,sell,5908.74,BTC-10MAY19-5750-C,67.21,0.0395,1.0,2,1557222298115,19036220,276
2019-05-07 13:28:15.392,0.1,sell,5895.05,BTC-10MAY19-5750-C,65.82,0.037000000000000005,0.1,2,1557235695392,19042714,277
2019-05-07 13:59:07.837,1.0,buy,5942.25,BTC-10MAY19-5750-C,75.28,0.045,1.0,0,1557237547837,19045221,278
2019-05-07 14:14:58.679,4.0,sell,5802.08,BTC-10MAY19-5750-C,55.75,0.024,4.0,2,1557238498679,19056250,279
2019-05-07 18:03:53.076,0.5,sell,5880.83,BTC-10MAY19-5750-C,69.95,0.036000000000000004,0.5,0,1557252233076,19069913,280
2019-05-07 19:12:53.286,1.0,buy,5817.62,BTC-10MAY19-5750-C,73.4,0.0305,1.0,2,1557256373286,19073357,281
2019-05-07 21:52:18.359,1.0,buy,5872.79,BTC-10MAY19-5750-C,71.7,0.035,1.0,0,1557265938359,19081932,282
2019-05-07 22:34:45.076,3.8,sell,5875.02,BTC-10MAY19-5750-C,73.03,0.0355,3.8,0,1557268485076,19083590,283
2019-05-07 23:52:00.502,1.0,sell,5771.5,BTC-10MAY19-5750-C,69.3,0.024,1.0,2,1557273120502,19094757,284
2019-05-07 23:52:06.027,3.5,sell,5760.95,BTC-10MAY19-5750-C,72.22,0.024,3.5,3,1557273126027,19095133,285
2019-05-07 23:57:25.368,3.7,sell,5765.37,BTC-10MAY19-5750-C,64.77,0.022000000000000002,3.7,2,1557273445368,19100020,286
2019-05-07 23:57:25.412,0.1,sell,5765.37,BTC-10MAY19-5750-C,64.77,0.022000000000000002,0.1,3,1557273445412,19100022,287
2019-05-07 23:57:25.503,5.1000000000000005,sell,5765.37,BTC-10MAY19-5750-C,64.77,0.022000000000000002,5.1000000000000005,3,1557273445503,19100034,288
2019-05-07 23:57:25.530,3.7,sell,5765.37,BTC-10MAY19-5750-C,64.77,0.022000000000000002,3.7,3,1557273445530,19100038,289
2019-05-08 00:13:31.408,2.0,sell,5732.17,BTC-10MAY19-5750-C,67.5,0.02,2.0,2,1557274411408,19112379,290
2019-05-08 00:59:26.904,2.0,sell,5766.04,BTC-10MAY19-5750-C,71.53,0.024,2.0,0,1557277166904,19119972,291
2019-05-08 03:40:46.754,1.0,sell,5783.79,BTC-10MAY19-5750-C,68.16,0.024,1.0,1,1557286846754,19128426,292
2019-05-08 04:01:01.429,1.0,buy,5782.93,BTC-10MAY19-5750-C,80.12,0.0275,1.0,0,1557288061429,19128856,293
2019-05-08 11:54:10.056,0.2,buy,5853.07,BTC-10MAY19-5750-C,74.98,0.031,0.2,0,1557316450056,19145251,294
2019-05-08 14:00:46.463,0.1,buy,5860.51,BTC-10MAY19-5750-C,71.83,0.0305,0.1,2,1557324046463,19148270,295
2019-05-08 14:51:32.618,1.3,buy,5862.95,BTC-10MAY19-5750-C,71.52,0.0305,1.3,3,1557327092618,19151009,296
2019-05-08 21:20:37.788,2.0,buy,5893.18,BTC-10MAY19-5750-C,64.57,0.031,2.0,0,1557350437788,19171075,297
2019-05-08 21:21:13.906,0.4,buy,5894.44,BTC-10MAY19-5750-C,66.27,0.0315,0.4,0,1557350473906,19171078,298
2019-05-08 21:58:47.143,4.5,sell,5900.01,BTC-10MAY19-5750-C,53.08,0.0295,4.5,2,1557352727143,19172156,299
2019-05-08 22:25:18.833,1.0,buy,5895.98,BTC-10MAY19-5750-C,68.86,0.032,1.0,0,1557354318833,19173024,300
2019-05-08 22:29:55.045,2.0,buy,5902.98,BTC-10MAY19-5750-C,69.78,0.033,2.0,0,1557354595045,19173152,301
2019-05-08 22:35:01.277,0.4,buy,5928.77,BTC-10MAY19-5750-C,71.83,0.0365,0.4,0,1557354901277,19175167,302
2019-05-08 23:25:56.340,6.0,sell,5952.96,BTC-10MAY19-5750-C,63.85,0.038,6.0,0,1557357956340,19181344,303
2019-05-09 00:54:54.015,0.1,buy,5978.56,BTC-10MAY19-5750-C,62.43,0.040999999999999995,0.1,0,1557363294015,19198008,304
2019-05-09 01:15:00.263,10.0,sell,6057.26,BTC-10MAY19-5750-C,88.22,0.055,10.0,0,1557364500263,19210149,305
2019-05-09 02:58:36.049,6.0,sell,6040.34,BTC-10MAY19-5750-C,63.15,0.0495,6.0,2,1557370716049,19217308,306
2019-05-09 03:51:47.762,1.0,sell,6034.91,BTC-10MAY19-5750-C,61.59,0.0485,1.0,2,1557373907762,19219157,307
2019-05-09 04:59:28.352,1.0,buy,6056.96,BTC-10MAY19-5750-C,66.82,0.052000000000000005,1.0,0,1557377968352,19220488,308
2019-05-09 05:03:12.369,2.0,buy,6071.62,BTC-10MAY19-5750-C,65.33,0.054000000000000006,2.0,0,1557378192369,19220871,309
2019-05-09 06:38:21.680,3.0,buy,6057.22,BTC-10MAY19-5750-C,79.71,0.053,3.0,2,1557383901680,19225306,310
2019-05-09 06:54:36.113,1.0,buy,6072.52,BTC-10MAY19-5750-C,78.78,0.055,1.0,0,1557384876113,19225679,311
2019-05-09 06:56:50.692,2.0,sell,6071.12,BTC-10MAY19-5750-C,80.95,0.055,2.0,1,1557385010692,19225711,312
2019-05-09 09:03:21.648,6.0,buy,6028.92,BTC-10MAY19-5750-C,0.0,0.046,6.0,2,1557392601648,19230425,313
2019-05-09 14:32:07.507,1.0,buy,6010.61,BTC-10MAY19-5750-C,62.29,0.044000000000000004,1.0,2,1557412327507,19249558,314
2019-05-09 15:06:34.055,1.0,buy,5994.33,BTC-10MAY19-5750-C,76.97,0.0425,1.0,2,1557414394055,19250420,315
2019-05-09 15:19:34.659,1.0,buy,5988.83,BTC-10MAY19-5750-C,74.73,0.0415,1.0,2,1557415174659,19250876,316
2019-05-09 22:30:39.086,0.1,buy,6136.11,BTC-10MAY19-5750-C,0.0,0.0615,0.1,0,1557441039086,19273311,317
2019-05-09 22:42:08.146,0.5,buy,6144.71,BTC-10MAY19-5750-C,0.0,0.062,0.5,0,1557441728146,19274096,318
2019-05-09 23:00:03.984,1.0,buy,6163.78,BTC-10MAY19-5750-C,0.0,0.065,1.0,0,1557442803984,19276396,319
2019-05-09 23:56:36.957,0.4,sell,6146.16,BTC-10MAY19-5750-C,0.0,0.062,0.4,2,1557446196957,19281121,320
2019-05-10 00:21:44.023,6.0,buy,6160.51,BTC-10MAY19-5750-C,0.0,0.066,6.0,0,1557447704023,19282054,321
2019-05-10 00:24:44.043,6.0,buy,6155.68,BTC-10MAY19-5750-C,0.0,0.0655,6.0,2,1557447884043,19282126,322
2019-05-10 00:29:30.219,6.0,buy,6154.21,BTC-10MAY19-5750-C,0.0,0.065,6.0,2,1557448170219,19282182,323
2019-05-10 00:29:32.622,4.0,sell,6153.0,BTC-10MAY19-5750-C,0.0,0.065,4.0,3,1557448172622,19282186,324
2019-05-10 00:32:37.118,6.0,buy,6150.3,BTC-10MAY19-5750-C,0.0,0.065,6.0,3,1557448357118,19282288,325
2019-05-10 00:32:37.121,4.0,sell,6150.3,BTC-10MAY19-5750-C,0.0,0.065,4.0,3,1557448357121,19282289,326
2019-05-10 02:34:02.959,0.5,buy,6208.35,BTC-10MAY19-5750-C,140.91,0.07400000000000001,0.5,0,1557455642959,19295705,327
2019-05-10 03:11:51.193,1.0,buy,6275.33,BTC-10MAY19-5750-C,0.0,0.081,1.0,0,1557457911193,19302041,328
2019-05-10 03:11:54.658,1.0,sell,6281.54,BTC-10MAY19-5750-C,274.66,0.087,1.0,0,1557457914658,19302329,329
2019-05-10 03:59:20.892,0.1,buy,6278.48,BTC-10MAY19-5750-C,0.0,0.08,0.1,2,1557460760892,19311397,330
2019-05-10 04:08:59.919,4.1,sell,6235.22,BTC-10MAY19-5750-C,176.76,0.078,4.1,2,1557461339919,19313310,331
2019-05-10 04:08:59.919,0.1,sell,6235.22,BTC-10MAY19-5750-C,176.76,0.078,0.1,3,1557461339919,19313311,332
