date_utc,amount,direction,indexPrice,instrument,iv,price,quantity,tickDirection,timeStamp,tradeId,tradeSeq
2019-02-18 02:37:37.487,0.2,buy,3659.43,BTC-28JUN19-10000-C,68.71,0.0015,0.2,3,1550457457487,15483165,403
2019-02-18 16:16:31.329,18.0,sell,3823.04,BTC-28JUN19-10000-C,63.28,0.001,18.0,2,1550506591329,15549846,404
2019-02-18 18:43:04.555,5.0,buy,3885.51,BTC-28JUN19-10000-C,65.34,0.0015,5.0,1,1550515384555,15573783,406
2019-02-18 18:43:04.555,1.8,buy,3885.51,BTC-28JUN19-10000-C,65.34,0.0015,1.8,0,1550515384555,15573782,405
2019-02-20 08:41:38.388,10.0,buy,3905.7,BTC-28JUN19-10000-C,67.68,0.002,10.0,0,1550652098388,15681283,407
2019-02-20 09:59:29.448,5.0,buy,3913.86,BTC-28JUN19-10000-C,69.52,0.0025,5.0,0,1550656769448,15683967,408
2019-02-20 12:09:52.456,5.0,sell,3928.39,BTC-28JUN19-10000-C,67.23,0.002,5.0,2,1550664592456,15691430,409
2019-02-20 12:09:52.456,4.0,sell,3928.39,BTC-28JUN19-10000-C,67.23,0.002,4.0,3,1550664592456,15691431,410
2019-02-21 00:12:48.434,1.0,sell,3920.2,BTC-28JUN19-10000-C,67.57,0.002,1.0,3,1550707968434,15716657,411
2019-02-21 03:49:12.845,5.0,buy,3933.33,BTC-28JUN19-10000-C,69.45,0.0025,5.0,1,1550720952845,15719521,413
2019-02-21 03:49:12.845,5.0,buy,3933.33,BTC-28JUN19-10000-C,69.45,0.0025,5.0,0,1550720952845,15719520,412
2019-02-21 10:07:05.053,0.1,sell,3898.1,BTC-28JUN19-10000-C,67.9,0.002,0.1,2,1550743625053,15737888,414
2019-02-21 10:07:06.132,0.1,buy,3898.1,BTC-28JUN19-10000-C,67.9,0.002,0.1,3,1550743626132,15737889,415
2019-02-21 10:07:16.810,0.1,buy,3898.21,BTC-28JUN19-10000-C,67.9,0.002,0.1,3,1550743636810,15737898,416
2019-02-21 10:07:27.439,0.1,buy,3898.21,BTC-28JUN19-10000-C,67.9,0.002,0.1,3,1550743647439,15737902,417
2019-02-21 10:07:43.177,0.1,buy,3897.7,BTC-28JUN19-10000-C,67.91,0.002,0.1,3,1550743663177,15737912,418
2019-02-21 10:07:57.862,0.1,buy,3897.7,BTC-28JUN19-10000-C,67.9,0.002,0.1,3,1550743677862,15737919,419
2019-02-21 10:08:13.385,0.1,buy,3897.71,BTC-28JUN19-10000-C,67.9,0.002,0.1,3,1550743693385,15737926,420
2019-02-21 10:08:28.951,0.1,buy,3897.71,BTC-28JUN19-10000-C,67.9,0.002,0.1,3,1550743708951,15737933,421
2019-02-21 11:39:30.236,1.8,buy,3891.7,BTC-28JUN19-10000-C,67.93,0.002,1.8,3,1550749170236,15741477,423
2019-02-21 11:39:30.236,1.2,buy,3891.7,BTC-28JUN19-10000-C,67.93,0.002,1.2,3,1550749170236,15741476,422
2019-02-22 01:45:10.107,8.0,sell,3904.1,BTC-28JUN19-10000-C,67.95,0.002,8.0,3,1550799910107,15753257,424
2019-02-22 07:47:37.500,10.0,sell,3890.99,BTC-28JUN19-10000-C,65.94,0.0015,10.0,2,1550821657500,15759687,425
2019-02-22 15:33:12.456,1.0,buy,3923.46,BTC-28JUN19-10000-C,67.96,0.002,1.0,0,1550849592456,15781721,426
2019-02-22 15:55:35.917,10.0,buy,3930.81,BTC-28JUN19-10000-C,69.79,0.0025,10.0,0,1550850935917,15782595,427
2019-02-22 17:50:13.633,5.0,buy,3935.56,BTC-28JUN19-10000-C,69.69,0.0025,5.0,1,1550857813633,15785062,428
2019-02-22 17:50:13.633,2.0,buy,3935.56,BTC-28JUN19-10000-C,69.69,0.0025,2.0,1,1550857813633,15785063,429
2019-02-22 17:59:37.266,5.0,buy,3941.84,BTC-28JUN19-10000-C,69.61,0.0025,5.0,1,1550858377266,15785326,430
2019-02-23 17:54:43.788,0.5,buy,4074.81,BTC-28JUN19-10000-C,68.13,0.0025,0.5,1,1550944483788,15828139,431
2019-02-23 19:30:14.249,10.0,buy,4122.2,BTC-28JUN19-10000-C,67.5,0.0025,10.0,1,1550950214249,15841684,433
2019-02-23 19:30:14.249,4.5,buy,4122.2,BTC-28JUN19-10000-C,67.5,0.0025,4.5,1,1550950214249,15841683,432
2019-02-23 22:10:23.769,0.5,sell,4104.22,BTC-28JUN19-10000-C,67.58,0.0025,0.5,1,1550959823769,15851693,434
2019-02-24 06:04:57.033,0.1,buy,4159.48,BTC-28JUN19-10000-C,66.91,0.0025,0.1,1,1550988297033,15869785,435
2019-02-24 06:49:00.140,0.1,buy,4157.81,BTC-28JUN19-10000-C,67.03,0.0025,0.1,1,1550990940140,15870823,436
2019-02-24 06:58:19.525,5.0,buy,4159.57,BTC-28JUN19-10000-C,67.01,0.0025,5.0,1,1550991499525,15870936,439
2019-02-24 06:58:19.525,4.8,buy,4159.57,BTC-28JUN19-10000-C,67.01,0.0025,4.8,1,1550991499525,15870934,437
2019-02-24 06:58:19.525,10.0,buy,4159.57,BTC-28JUN19-10000-C,67.01,0.0025,10.0,1,1550991499525,15870935,438
2019-02-25 21:18:23.169,0.1,buy,3823.34,BTC-28JUN19-10000-C,72.98,0.0025,0.1,1,1551129503169,16010723,440
2019-02-25 21:30:13.888,0.1,sell,3819.44,BTC-28JUN19-10000-C,70.95,0.002,0.1,2,1551130213888,16010885,441
2019-02-27 21:27:33.305,0.6,sell,3741.68,BTC-28JUN19-10000-C,72.73,0.002,0.6,3,1551302853305,16079531,442
2019-02-27 21:27:34.460,0.6,sell,3741.68,BTC-28JUN19-10000-C,72.73,0.002,0.6,3,1551302854460,16079532,443
2019-02-27 22:06:41.827,4.3,sell,3746.11,BTC-28JUN19-10000-C,72.59,0.002,4.3,3,1551305201827,16081330,445
2019-02-27 22:06:41.827,8.700000000000001,sell,3746.11,BTC-28JUN19-10000-C,72.59,0.002,8.700000000000001,3,1551305201827,16081329,444
2019-03-05 06:52:28.801,17.400000000000002,sell,3709.2,BTC-28JUN19-10000-C,74.74,0.002,17.400000000000002,3,1551768748801,16250479,446
2019-03-05 06:52:35.244,19.9,sell,3709.18,BTC-28JUN19-10000-C,74.74,0.002,19.9,3,1551768755244,16250481,447
2019-03-05 06:53:02.352,19.9,sell,3709.21,BTC-28JUN19-10000-C,74.74,0.002,19.9,3,1551768782352,16250482,448
2019-03-05 06:53:14.669,19.8,sell,3709.21,BTC-28JUN19-10000-C,74.74,0.002,19.8,3,1551768794669,16250488,449
2019-03-05 07:03:33.686,17.1,sell,3707.91,BTC-28JUN19-10000-C,74.74,0.002,17.1,3,1551769413686,16250571,450
2019-03-05 07:03:42.290,17.0,sell,3707.91,BTC-28JUN19-10000-C,74.74,0.002,17.0,3,1551769422290,16250578,451
2019-03-05 07:04:11.970,11.9,sell,3708.25,BTC-28JUN19-10000-C,74.72,0.002,11.9,3,1551769451970,16250581,452
2019-03-05 10:26:18.031,10.0,sell,3718.52,BTC-28JUN19-10000-C,74.59,0.002,10.0,3,1551781578031,16254026,453
2019-03-07 09:02:27.979,0.3,sell,3838.93,BTC-28JUN19-10000-C,70.62,0.0015,0.3,2,1551949347979,16346067,454
2019-03-07 22:13:50.477,1.0,sell,3861.35,BTC-28JUN19-10000-C,70.44,0.0015,1.0,3,1551996830477,16363076,455
2019-03-07 22:13:54.456,1.0,buy,3861.64,BTC-28JUN19-10000-C,72.95,0.002,1.0,0,1551996834456,16363077,456
2019-03-08 13:14:37.254,8.700000000000001,sell,3875.05,BTC-28JUN19-10000-C,70.55,0.0015,8.700000000000001,2,1552050877254,16384141,457
2019-03-08 13:14:37.254,1.3,sell,3875.05,BTC-28JUN19-10000-C,70.55,0.0015,1.3,3,1552050877254,16384142,458
2019-03-08 19:40:14.018,2.0,buy,3890.56,BTC-28JUN19-10000-C,72.82,0.002,2.0,0,1552074014018,16391576,459
2019-03-08 22:13:44.317,12.0,sell,3824.29,BTC-28JUN19-10000-C,73.99,0.002,12.0,1,1552083224317,16403238,460
2019-03-09 07:51:42.148,4.9,buy,3889.58,BTC-28JUN19-10000-C,73.0,0.002,4.9,1,1552117902148,16420102,461
2019-03-09 17:06:24.281,0.3,sell,3888.45,BTC-28JUN19-10000-C,70.84,0.0015,0.3,2,1552151184281,16441667,462
2019-03-10 19:04:33.621,1.0,buy,3881.76,BTC-28JUN19-10000-C,75.9,0.0025,1.0,0,1552244673621,16465772,463
2019-03-11 09:07:40.543,0.3,buy,3855.04,BTC-28JUN19-10000-C,74.36,0.002,0.3,2,1552295260543,16481310,464
2019-03-11 12:06:32.861,0.3,buy,3837.91,BTC-28JUN19-10000-C,74.56,0.002,0.3,3,1552305992861,16486068,465
2019-03-16 04:17:38.594,0.3,buy,4000.44,BTC-28JUN19-10000-C,73.66,0.002,0.3,3,1552709858594,16617992,466
2019-03-18 16:37:10.240,0.1,buy,3966.44,BTC-28JUN19-10000-C,75.2,0.002,0.1,3,1552927030240,16691784,467
2019-03-18 16:37:10.240,4.0,buy,3966.44,BTC-28JUN19-10000-C,75.2,0.002,4.0,3,1552927030240,16691786,469
2019-03-18 16:37:10.240,1.0,buy,3966.44,BTC-28JUN19-10000-C,75.2,0.002,1.0,3,1552927030240,16691785,468
2019-03-18 17:52:37.159,10.0,sell,3963.36,BTC-28JUN19-10000-C,72.6,0.0015,10.0,2,1552931557159,16692214,470
2019-03-19 17:38:34.180,3.0,sell,3996.45,BTC-28JUN19-10000-C,72.35,0.0015,3.0,3,1553017114180,16713386,471
2019-03-21 14:58:24.831,5.0,sell,3934.76,BTC-28JUN19-10000-C,74.35,0.0015,5.0,3,1553180304831,16762407,472
2019-03-21 20:37:08.263,2.0,sell,3972.72,BTC-28JUN19-10000-C,73.78,0.0015,2.0,3,1553200628263,16771031,473
2019-03-22 08:02:27.684,6.9,sell,3966.57,BTC-28JUN19-10000-C,74.04,0.0015,6.9,3,1553241747684,16775510,474
2019-03-22 08:02:30.151,3.1,sell,3966.57,BTC-28JUN19-10000-C,74.04,0.0015,3.1,3,1553241750151,16775516,475
2019-03-22 20:13:34.098,6.9,buy,3988.09,BTC-28JUN19-10000-C,73.94,0.0015,6.9,3,1553285614098,16781394,476
2019-03-23 13:23:55.437,10.0,sell,3960.99,BTC-28JUN19-10000-C,74.47,0.0015,10.0,3,1553347435437,16793269,477
2019-03-25 18:03:24.546,10.0,buy,3947.29,BTC-28JUN19-10000-C,75.66,0.0015,10.0,3,1553537004546,16815979,478
2019-03-27 01:17:38.814,0.3,buy,3944.65,BTC-28JUN19-10000-C,76.25,0.0015,0.3,3,1553649458814,16846775,479
2019-03-27 14:45:45.470,0.1,sell,4009.25,BTC-28JUN19-10000-C,71.96,0.001,0.1,2,1553697945470,16864325,480
2019-03-27 18:03:58.175,4.7,buy,4010.26,BTC-28JUN19-10000-C,75.42,0.0015,4.7,0,1553709838175,16867301,481
2019-03-27 18:03:58.175,6.9,buy,4010.26,BTC-28JUN19-10000-C,75.42,0.0015,6.9,1,1553709838175,16867302,482
2019-03-29 10:03:53.681,1.0,buy,4073.42,BTC-28JUN19-10000-C,74.96,0.0015,1.0,1,1553853833681,16946535,483
2019-03-29 10:04:10.108,4.0,sell,4073.34,BTC-28JUN19-10000-C,74.97,0.0015,4.0,1,1553853850108,16946536,484
2019-03-29 10:14:23.860,3.0,buy,4078.74,BTC-28JUN19-10000-C,77.65,0.002,3.0,0,1553854463860,16947924,485
2019-03-29 10:14:23.860,2.0,buy,4078.74,BTC-28JUN19-10000-C,77.65,0.002,2.0,1,1553854463860,16947925,486
2019-03-29 10:44:11.675,5.0,sell,4081.71,BTC-28JUN19-10000-C,74.85,0.0015,5.0,2,1553856251675,16953400,487
2019-03-29 14:06:35.512,1.0,buy,4077.43,BTC-28JUN19-10000-C,74.82,0.0015,1.0,3,1553868395512,16958566,488
2019-03-29 14:45:57.636,3.1,buy,4075.51,BTC-28JUN19-10000-C,77.61,0.002,3.1,0,1553870757636,16959041,489
2019-03-29 19:00:57.950,1.0,buy,4094.51,BTC-28JUN19-10000-C,77.33,0.002,1.0,1,1553886057950,16960946,490
2019-04-01 12:51:19.026,1.0,buy,4127.13,BTC-28JUN19-10000-C,78.17,0.002,1.0,1,1554123079026,17004965,491
2019-04-01 12:51:19.026,6.9,buy,4127.13,BTC-28JUN19-10000-C,78.17,0.002,6.9,1,1554123079026,17004966,492
2019-04-02 05:19:19.670,14.1,buy,4901.59,BTC-28JUN19-10000-C,67.29,0.0025,14.1,0,1554182359670,17056615,493
2019-04-02 08:49:41.961,0.2,buy,4711.46,BTC-28JUN19-10000-C,75.47,0.004,0.2,0,1554194981961,17095185,494
2019-04-03 00:16:51.962,5.0,sell,4931.74,BTC-28JUN19-10000-C,67.34,0.0025,5.0,2,1554250611962,17155132,495
2019-04-03 14:20:31.997,0.2,buy,5027.28,BTC-28JUN19-10000-C,76.66,0.0065,0.2,0,1554301231997,17202781,496
2019-04-03 19:49:08.436,0.3,buy,5140.63,BTC-28JUN19-10000-C,77.69,0.008,0.3,0,1554320948436,17227161,497
2019-04-03 20:26:14.267,2.0,buy,5243.92,BTC-28JUN19-10000-C,81.66,0.0115,2.0,0,1554323174267,17234490,498
2019-04-03 20:46:08.955,1.0,sell,5244.22,BTC-28JUN19-10000-C,69.89,0.005,1.0,2,1554324368955,17236989,499
2019-04-03 20:54:21.574,1.2,buy,5277.89,BTC-28JUN19-10000-C,77.24,0.009000000000000001,1.2,0,1554324861574,17237556,500
2019-04-03 21:02:22.216,0.2,sell,5322.75,BTC-28JUN19-10000-C,69.78,0.0055,0.2,2,1554325342216,17238508,501
2019-04-04 16:42:42.300,5.0,buy,4948.33,BTC-28JUN19-10000-C,81.44,0.008,5.0,0,1554396162300,17315033,502
2019-04-04 18:39:22.197,0.1,sell,4873.06,BTC-28JUN19-10000-C,76.23,0.005,0.1,2,1554403162197,17324433,503
2019-04-07 08:41:57.106,2.0,sell,5156.95,BTC-28JUN19-10000-C,76.86,0.006999999999999999,2.0,0,1554626517106,17460875,504
2019-04-07 12:50:13.503,0.1,buy,5139.48,BTC-28JUN19-10000-C,82.58,0.01,0.1,0,1554641413503,17466686,505
2019-04-07 12:50:13.503,0.5,buy,5139.48,BTC-28JUN19-10000-C,82.58,0.01,0.5,1,1554641413503,17466687,506
2019-04-07 12:50:42.120,5.0,buy,5139.45,BTC-28JUN19-10000-C,83.37,0.0105,5.0,0,1554641442120,17466695,507
2019-04-08 15:58:29.002,1.0,buy,5234.47,BTC-28JUN19-10000-C,82.26,0.0105,1.0,1,1554739109002,17535116,508
2019-04-08 21:52:47.812,1.0,sell,5267.25,BTC-28JUN19-10000-C,80.23,0.0095,1.0,2,1554760367812,17544553,509
2019-04-09 00:01:16.437,0.3,sell,5282.26,BTC-28JUN19-10000-C,78.35,0.0085,0.3,2,1554768076437,17549791,510
2019-04-09 00:47:36.936,0.8,sell,5257.94,BTC-28JUN19-10000-C,78.88,0.0085,0.8,3,1554770856936,17551768,511
2019-04-09 20:14:29.889,1.0,sell,5210.97,BTC-28JUN19-10000-C,80.22,0.0085,1.0,3,1554840869889,17580725,512
2019-04-09 20:14:58.363,1.0,sell,5211.14,BTC-28JUN19-10000-C,80.21,0.0085,1.0,3,1554840898363,17580728,513
2019-04-09 20:20:07.516,1.0,sell,5212.26,BTC-28JUN19-10000-C,80.21,0.0085,1.0,3,1554841207516,17580735,514
2019-04-10 07:33:44.174,10.0,sell,5261.75,BTC-28JUN19-10000-C,79.19,0.0085,10.0,3,1554881624174,17594665,516
2019-04-10 07:33:44.174,0.9,sell,5261.75,BTC-28JUN19-10000-C,79.19,0.0085,0.9,3,1554881624174,17594664,515
2019-04-10 14:36:43.980,1.0,sell,5266.34,BTC-28JUN19-10000-C,77.64,0.0075,1.0,2,1554907003980,17602065,517
2019-04-11 09:32:16.413,10.0,sell,5170.15,BTC-28JUN19-10000-C,80.92,0.008,10.0,0,1554975136413,17675637,518
2019-04-11 10:12:08.027,12.0,sell,5056.02,BTC-28JUN19-10000-C,82.0,0.0075,12.0,2,1554977528027,17687264,519
2019-04-11 10:12:10.214,5.0,sell,5055.49,BTC-28JUN19-10000-C,82.0,0.0075,5.0,3,1554977530214,17687266,520
2019-04-11 10:12:10.214,7.0,sell,5055.49,BTC-28JUN19-10000-C,82.0,0.0075,7.0,3,1554977530214,17687267,521
2019-04-11 14:01:12.559,1.0,sell,5038.98,BTC-28JUN19-10000-C,82.63,0.0075,1.0,3,1554991272559,17701567,522
2019-04-11 15:05:09.752,2.0,sell,5049.62,BTC-28JUN19-10000-C,82.41,0.0075,2.0,3,1554995109752,17703826,523
2019-04-11 18:34:44.110,28.1,sell,5069.99,BTC-28JUN19-10000-C,80.18,0.0065,28.1,2,1555007684110,17710496,524
2019-04-12 05:42:31.015,5.6000000000000005,sell,5008.22,BTC-28JUN19-10000-C,78.97,0.0055,5.6000000000000005,2,1555047751015,17738244,525
2019-04-19 07:51:32.857,10.0,sell,5246.89,BTC-28JUN19-10000-C,74.48,0.004,10.0,2,1555660292857,17947535,526
2019-04-19 10:26:19.531,0.9,sell,5254.65,BTC-28JUN19-10000-C,72.86,0.0035,0.9,2,1555669579531,17949352,527
2019-04-19 10:45:52.862,0.1,buy,5243.04,BTC-28JUN19-10000-C,76.02,0.0045,0.1,0,1555670752862,17949485,528
2019-04-20 11:21:35.361,2.5,buy,5310.1,BTC-28JUN19-10000-C,76.81,0.005,2.5,0,1555759295361,17982382,529
2019-04-20 11:21:35.361,12.0,buy,5310.1,BTC-28JUN19-10000-C,76.81,0.005,12.0,1,1555759295361,17982383,530
2019-04-21 15:06:28.041,2.0,buy,5268.39,BTC-28JUN19-10000-C,76.92,0.0045,2.0,2,1555859188041,18016206,531
2019-04-22 13:46:35.343,12.0,buy,5304.53,BTC-28JUN19-10000-C,78.04,0.005,12.0,0,1555940795343,18037602,532
2019-04-22 13:46:35.343,8.0,buy,5304.53,BTC-28JUN19-10000-C,78.04,0.005,8.0,1,1555940795343,18037603,533
2019-04-23 03:15:01.143,8.0,sell,5419.14,BTC-28JUN19-10000-C,73.54,0.004,8.0,2,1555989301143,18074920,534
2019-04-23 10:27:04.404,0.1,buy,5548.49,BTC-28JUN19-10000-C,76.55,0.006,0.1,0,1556015224404,18105889,535
2019-04-23 12:11:05.757,0.1,sell,5562.03,BTC-28JUN19-10000-C,76.4,0.006,0.1,1,1556021465757,18107833,536
2019-04-23 15:03:21.797,0.3,sell,5576.99,BTC-28JUN19-10000-C,76.25,0.006,0.3,1,1556031801797,18112745,537
2019-04-23 18:17:41.903,2.0,sell,5596.04,BTC-28JUN19-10000-C,70.84,0.004,2.0,2,1556043461903,18120216,538
2019-04-23 18:17:41.903,10.0,sell,5596.04,BTC-28JUN19-10000-C,70.84,0.004,10.0,3,1556043461903,18120217,539
2019-04-23 21:31:23.929,12.0,buy,5584.48,BTC-28JUN19-10000-C,76.28,0.006,12.0,0,1556055083929,18123902,540
2019-04-24 05:36:28.768,5.0,sell,5594.68,BTC-28JUN19-10000-C,72.77,0.0045,5.0,2,1556084188768,18145063,541
2019-04-24 13:26:23.520,0.5,sell,5463.53,BTC-28JUN19-10000-C,75.52,0.0045,0.5,3,1556112383520,18177598,542
2019-04-24 18:10:11.743,9.1,sell,5418.84,BTC-28JUN19-10000-C,69.61,0.0025,9.1,2,1556129411743,18188125,543
2019-04-24 18:10:21.134,8.1,sell,5416.41,BTC-28JUN19-10000-C,69.63,0.0025,8.1,3,1556129421134,18188136,544
2019-04-24 18:10:31.436,1.1,buy,5416.55,BTC-28JUN19-10000-C,77.68,0.005,1.1,0,1556129431436,18188137,545
2019-04-24 18:11:49.596,1.1,sell,5408.74,BTC-28JUN19-10000-C,67.57,0.002,1.1,2,1556129509596,18188301,546
2019-04-24 18:12:12.100,1.1,sell,5412.62,BTC-28JUN19-10000-C,67.51,0.002,1.1,3,1556129532100,18188409,547
2019-04-24 18:12:21.314,1.2,buy,5413.85,BTC-28JUN19-10000-C,74.91,0.004,1.2,0,1556129541314,18188411,548
2019-04-24 22:05:59.299,18.0,buy,5436.98,BTC-28JUN19-10000-C,74.59,0.004,18.0,1,1556143559299,18198912,549
2019-04-25 07:59:21.934,10.0,sell,5429.05,BTC-28JUN19-10000-C,69.89,0.0025,10.0,2,1556179161934,18211932,550
2019-04-25 07:59:21.934,5.0,sell,5429.05,BTC-28JUN19-10000-C,69.89,0.0025,5.0,3,1556179161934,18211933,551
2019-04-26 08:40:53.068,0.1,sell,5189.41,BTC-28JUN19-10000-C,72.19,0.002,0.1,2,1556268053068,18320473,552
2019-04-28 17:22:45.401,2.0,buy,5186.66,BTC-28JUN19-10000-C,83.72,0.0045,2.0,0,1556472165401,18391796,553
2019-04-29 17:26:11.410,3.0,buy,5158.81,BTC-28JUN19-10000-C,79.84,0.003,3.0,2,1556558771410,18431763,554
2019-05-02 14:55:26.360,0.1,sell,5377.01,BTC-28JUN19-10000-C,76.03,0.0025,0.1,2,1556808926360,18554891,555
2019-05-03 04:52:16.005,11.0,buy,5481.31,BTC-28JUN19-10000-C,76.27,0.003,11.0,1,1556859136005,18596954,558
2019-05-03 04:52:16.005,10.0,buy,5481.31,BTC-28JUN19-10000-C,76.27,0.003,10.0,1,1556859136005,18596953,557
2019-05-03 04:52:16.005,4.0,buy,5481.31,BTC-28JUN19-10000-C,76.27,0.003,4.0,0,1556859136005,18596952,556
2019-05-03 04:52:18.939,9.0,buy,5483.03,BTC-28JUN19-10000-C,76.26,0.003,9.0,1,1556859138939,18596956,559
2019-05-03 09:35:42.632,0.1,buy,5720.99,BTC-28JUN19-10000-C,73.32,0.0035,0.1,0,1556876142632,18645305,560
2019-05-03 09:47:10.762,9.9,buy,5742.7,BTC-28JUN19-10000-C,72.99,0.0035,9.9,1,1556876830762,18650943,561
2019-05-03 13:40:25.056,0.2,buy,5745.2,BTC-28JUN19-10000-C,76.06,0.0045,0.2,0,1556890825056,18680125,562
2019-05-03 14:17:28.924,1.0,buy,5758.08,BTC-28JUN19-10000-C,75.69,0.0045,1.0,1,1556893048924,18682521,564
2019-05-03 14:17:28.924,9.8,buy,5758.08,BTC-28JUN19-10000-C,75.69,0.0045,9.8,1,1556893048924,18682520,563
2019-05-04 00:49:15.632,1.0,buy,5735.57,BTC-28JUN19-10000-C,76.35,0.0045,1.0,1,1556930955632,18728450,565
2019-05-04 06:28:44.672,0.7000000000000001,sell,5710.5,BTC-28JUN19-10000-C,72.21,0.003,0.7000000000000001,2,1556951324672,18752661,566
2019-05-04 06:28:44.672,0.3,sell,5710.5,BTC-28JUN19-10000-C,72.21,0.003,0.3,3,1556951324672,18752662,567
2019-05-04 14:20:25.085,3.0,sell,5571.86,BTC-28JUN19-10000-C,74.85,0.003,3.0,3,1556979625085,18781914,568
2019-05-04 23:36:56.937,0.1,sell,5762.21,BTC-28JUN19-10000-C,71.59,0.003,0.1,3,1557013016937,18832801,569
2019-05-06 13:35:27.822,0.1,buy,5631.37,BTC-28JUN19-10000-C,78.65,0.004,0.1,0,1557149727822,18952127,570
2019-05-07 03:01:26.479,0.1,buy,5934.43,BTC-28JUN19-10000-C,76.0,0.005,0.1,1,1557198086479,19010845,572
2019-05-07 03:01:26.479,10.0,buy,5934.43,BTC-28JUN19-10000-C,76.0,0.005,10.0,0,1557198086479,19010844,571
2019-05-08 19:24:09.753,5.0,buy,5886.97,BTC-28JUN19-10000-C,79.05,0.005,5.0,1,1557343449753,19165677,573
2019-05-08 19:24:28.259,5.0,buy,5889.16,BTC-28JUN19-10000-C,79.01,0.005,5.0,1,1557343468259,19165693,574
2019-05-08 22:42:17.469,0.1,buy,5932.48,BTC-28JUN19-10000-C,76.8,0.0045,0.1,2,1557355337469,19176359,575
2019-05-08 23:24:56.910,0.1,buy,5965.21,BTC-28JUN19-10000-C,77.53,0.005,0.1,0,1557357896910,19179475,576
2019-05-09 00:54:19.334,1.0,buy,5976.27,BTC-28JUN19-10000-C,76.07,0.0045,1.0,2,1557363259334,19197841,577
2019-05-09 02:37:02.485,0.1,buy,6053.21,BTC-28JUN19-10000-C,77.28,0.0055,0.1,0,1557369422485,19216462,578
2019-05-09 18:19:33.348,23.9,buy,6042.87,BTC-28JUN19-10000-C,78.25,0.0055,23.9,1,1557425973348,19258109,581
2019-05-09 18:19:33.348,10.0,buy,6042.87,BTC-28JUN19-10000-C,78.25,0.0055,10.0,1,1557425973348,19258107,579
2019-05-09 18:19:33.348,0.1,buy,6042.87,BTC-28JUN19-10000-C,78.25,0.0055,0.1,1,1557425973348,19258108,580
2019-05-09 23:56:24.107,0.1,buy,6147.38,BTC-28JUN19-10000-C,77.97,0.006,0.1,0,1557446184107,19281110,582
2019-05-10 00:02:26.421,10.0,buy,6157.84,BTC-28JUN19-10000-C,78.96,0.0065,10.0,0,1557446546421,19281411,583
2019-05-10 00:02:26.421,0.2,buy,6157.84,BTC-28JUN19-10000-C,78.96,0.0065,0.2,1,1557446546421,19281412,584
2019-05-10 02:08:37.526,0.5,buy,6178.8,BTC-28JUN19-10000-C,78.71,0.0065,0.5,1,1557454117526,19289577,585
2019-05-10 02:29:09.888,0.2,buy,6220.44,BTC-28JUN19-10000-C,78.92,0.006999999999999999,0.2,0,1557455349888,19294562,586
2019-05-10 04:45:52.818,0.1,buy,6271.4,BTC-28JUN19-10000-C,79.28,0.0075,0.1,0,1557463552818,19319575,587
2019-05-10 04:52:43.057,0.1,buy,6283.07,BTC-28JUN19-10000-C,79.08,0.0075,0.1,1,1557463963057,19320763,589
2019-05-10 04:52:43.057,0.1,buy,6283.07,BTC-28JUN19-10000-C,79.08,0.0075,0.1,1,1557463963057,19320762,588
2019-05-10 04:52:43.057,0.2,buy,6283.07,BTC-28JUN19-10000-C,79.08,0.0075,0.2,1,1557463963057,19320764,590
2019-05-10 08:21:52.952,4.0,buy,6281.27,BTC-28JUN19-10000-C,79.23,0.0075,4.0,1,1557476512952,19340758,591
2019-05-10 08:21:54.846,4.0,buy,6281.73,BTC-28JUN19-10000-C,79.23,0.0075,4.0,1,1557476514846,19340759,592
2019-05-10 08:21:57.517,2.8000000000000003,buy,6282.85,BTC-28JUN19-10000-C,79.2,0.0075,2.8000000000000003,1,1557476517517,19340760,593
2019-05-10 10:38:49.973,1.0,buy,6293.93,BTC-28JUN19-10000-C,80.37,0.008,1.0,0,1557484729973,19349059,594
2019-05-10 10:38:49.973,0.3,buy,6293.93,BTC-28JUN19-10000-C,80.37,0.008,0.3,1,1557484729973,19349060,595
2019-05-10 10:38:49.973,2.0,buy,6293.93,BTC-28JUN19-10000-C,80.37,0.008,2.0,1,1557484729973,19349061,596
2019-05-10 10:38:49.973,10.0,buy,6293.93,BTC-28JUN19-10000-C,80.37,0.008,10.0,1,1557484729973,19349062,597
2019-05-10 10:41:04.607,6.7,sell,6288.91,BTC-28JUN19-10000-C,80.54,0.008,6.7,1,1557484864607,19349306,598
2019-05-10 14:26:12.454,0.5,sell,6257.39,BTC-28JUN19-10000-C,78.73,0.006999999999999999,0.5,2,1557498372454,19361354,599
2019-05-10 14:27:08.294,10.0,sell,6257.73,BTC-28JUN19-10000-C,77.69,0.0065,10.0,2,1557498428294,19361434,600
2019-05-10 15:53:11.822,25.0,sell,6278.47,BTC-28JUN19-10000-C,78.45,0.006999999999999999,25.0,0,1557503591822,19366253,601
2019-05-10 16:11:48.986,17.3,buy,6330.2,BTC-28JUN19-10000-C,78.38,0.0075,17.3,0,1557504708986,19370015,602
2019-05-10 16:11:49.006,7.8,buy,6330.2,BTC-28JUN19-10000-C,78.38,0.0075,7.8,1,1557504709006,19370016,603
2019-05-10 16:11:49.017,6.9,buy,6330.2,BTC-28JUN19-10000-C,78.38,0.0075,6.9,1,1557504709017,19370017,604
2019-05-10 16:11:49.082,2.3000000000000003,sell,6330.2,BTC-28JUN19-10000-C,78.38,0.0075,2.3000000000000003,1,1557504709082,19370025,612
2019-05-10 16:11:49.082,2.8000000000000003,sell,6330.2,BTC-28JUN19-10000-C,78.38,0.0075,2.8000000000000003,1,1557504709082,19370024,611
2019-05-10 16:11:49.082,3.1,sell,6330.2,BTC-28JUN19-10000-C,78.38,0.0075,3.1,1,1557504709082,19370021,608
2019-05-10 16:11:49.082,4.1,sell,6330.2,BTC-28JUN19-10000-C,78.38,0.0075,4.1,1,1557504709082,19370018,605
2019-05-10 16:11:49.082,3.9,sell,6330.2,BTC-28JUN19-10000-C,78.38,0.0075,3.9,1,1557504709082,19370020,607
2019-05-10 16:11:49.082,5.7,sell,6330.2,BTC-28JUN19-10000-C,78.38,0.0075,5.7,1,1557504709082,19370023,610
2019-05-10 16:11:49.082,5.4,sell,6330.2,BTC-28JUN19-10000-C,78.38,0.0075,5.4,1,1557504709082,19370019,606
2019-05-10 16:11:49.082,4.7,sell,6330.2,BTC-28JUN19-10000-C,78.38,0.0075,4.7,1,1557504709082,19370022,609
2019-05-10 16:11:58.230,7.0,buy,6338.58,BTC-28JUN19-10000-C,80.3,0.0085,7.0,1,1557504718230,19370140,616
2019-05-10 16:11:58.230,0.3,buy,6338.58,BTC-28JUN19-10000-C,80.3,0.0085,0.3,0,1557504718230,19370137,613
2019-05-10 16:11:58.230,0.1,buy,6338.58,BTC-28JUN19-10000-C,80.3,0.0085,0.1,1,1557504718230,19370138,614
2019-05-10 16:11:58.230,10.0,buy,6338.58,BTC-28JUN19-10000-C,80.3,0.0085,10.0,1,1557504718230,19370139,615
2019-05-10 16:11:58.243,13.0,buy,6338.58,BTC-28JUN19-10000-C,80.3,0.0085,13.0,1,1557504718243,19370141,617
2019-05-10 16:11:58.246,1.4,sell,6338.58,BTC-28JUN19-10000-C,80.3,0.0085,1.4,1,1557504718246,19370142,618
2019-05-10 16:11:59.617,7.5,sell,6339.36,BTC-28JUN19-10000-C,80.24,0.0085,7.5,1,1557504719617,19370155,621
2019-05-10 16:11:59.617,17.3,sell,6339.36,BTC-28JUN19-10000-C,80.24,0.0085,17.3,1,1557504719617,19370154,620
2019-05-10 16:11:59.617,1.5,sell,6339.36,BTC-28JUN19-10000-C,80.24,0.0085,1.5,1,1557504719617,19370156,622
2019-05-10 16:11:59.617,5.7,sell,6339.36,BTC-28JUN19-10000-C,80.24,0.0085,5.7,1,1557504719617,19370153,619
2019-05-10 16:12:06.885,3.9,sell,6342.96,BTC-28JUN19-10000-C,80.2,0.0085,3.9,1,1557504726885,19370232,627
2019-05-10 16:12:06.885,2.6,sell,6342.96,BTC-28JUN19-10000-C,80.2,0.0085,2.6,1,1557504726885,19370236,631
2019-05-10 16:12:06.885,2.8000000000000003,sell,6342.96,BTC-28JUN19-10000-C,80.2,0.0085,2.8000000000000003,1,1557504726885,19370229,624
2019-05-10 16:12:06.885,5.2,sell,6342.96,BTC-28JUN19-10000-C,80.2,0.0085,5.2,1,1557504726885,19370233,628
2019-05-10 16:12:06.885,3.9,sell,6342.96,BTC-28JUN19-10000-C,80.2,0.0085,3.9,1,1557504726885,19370228,623
2019-05-10 16:12:06.885,4.7,sell,6342.96,BTC-28JUN19-10000-C,80.2,0.0085,4.7,1,1557504726885,19370231,626
2019-05-10 16:12:06.885,11.0,sell,6342.96,BTC-28JUN19-10000-C,80.2,0.0085,11.0,1,1557504726885,19370235,630
2019-05-10 16:12:06.885,1.1,sell,6342.96,BTC-28JUN19-10000-C,80.2,0.0085,1.1,1,1557504726885,19370234,629
2019-05-10 16:12:06.885,7.8,sell,6342.96,BTC-28JUN19-10000-C,80.2,0.0085,7.8,1,1557504726885,19370230,625
2019-05-10 16:12:48.416,3.9,sell,6344.85,BTC-28JUN19-10000-C,80.14,0.0085,3.9,1,1557504768416,19370437,633
2019-05-10 16:12:48.416,1.3,sell,6344.85,BTC-28JUN19-10000-C,80.14,0.0085,1.3,1,1557504768416,19370436,632
2019-05-10 16:12:48.416,3.1,sell,6344.85,BTC-28JUN19-10000-C,80.14,0.0085,3.1,1,1557504768416,19370438,634
2019-05-10 16:44:11.580,0.3,buy,6374.52,BTC-28JUN19-10000-C,81.56,0.0095,0.3,1,1557506651580,19375618,639
2019-05-10 16:44:11.580,0.1,buy,6374.52,BTC-28JUN19-10000-C,81.56,0.0095,0.1,0,1557506651580,19375615,636
2019-05-10 16:44:11.580,0.2,buy,6374.52,BTC-28JUN19-10000-C,81.56,0.0095,0.2,1,1557506651580,19375616,637
2019-05-10 16:44:11.580,0.1,buy,6374.52,BTC-28JUN19-10000-C,81.56,0.0095,0.1,1,1557506651580,19375617,638
2019-05-10 16:44:11.580,0.3,buy,6374.52,BTC-28JUN19-10000-C,80.62,0.009000000000000001,0.3,0,1557506651580,19375614,635
2019-05-10 18:29:20.719,6.0,sell,6400.48,BTC-28JUN19-10000-C,78.32,0.008,6.0,2,1557512960719,19389484,640
2019-05-10 18:37:10.352,19.5,buy,6398.69,BTC-28JUN19-10000-C,80.33,0.009000000000000001,19.5,1,1557513430352,19389793,642
2019-05-10 18:37:10.352,0.5,buy,6398.69,BTC-28JUN19-10000-C,80.33,0.009000000000000001,0.5,0,1557513430352,19389792,641
2019-05-10 22:37:50.815,0.1,buy,6353.72,BTC-28JUN19-10000-C,82.29,0.0095,0.1,0,1557527870815,19412454,643
2019-05-11 02:06:21.333,0.5,buy,6477.97,BTC-28JUN19-10000-C,78.84,0.009000000000000001,0.5,2,1557540381333,19426431,644
2019-05-11 03:25:50.604,0.3,sell,6529.84,BTC-28JUN19-10000-C,75.66,0.008,0.3,2,1557545150604,19438003,645
2019-05-11 04:46:09.892,0.5,buy,6662.83,BTC-28JUN19-10000-C,75.89,0.0095,0.5,0,1557549969892,19449752,646
2019-05-11 04:49:12.923,0.2,buy,6703.56,BTC-28JUN19-10000-C,75.89,0.01,0.2,0,1557550152923,19452307,647
2019-05-11 05:19:38.882,0.2,buy,6700.07,BTC-28JUN19-10000-C,75.82,0.01,0.2,1,1557551978882,19465750,649
2019-05-11 05:19:38.882,0.3,buy,6700.07,BTC-28JUN19-10000-C,75.82,0.01,0.3,1,1557551978882,19465749,648
2019-05-11 06:09:09.076,10.0,buy,6813.43,BTC-28JUN19-10000-C,73.82,0.01,10.0,1,1557554949076,19481158,650
2019-05-11 06:12:00.399,0.5,buy,6857.45,BTC-28JUN19-10000-C,74.48,0.011000000000000001,0.5,0,1557555120399,19484013,651
2019-05-11 06:41:09.449,0.9,buy,6853.41,BTC-28JUN19-10000-C,73.21,0.01,0.9,2,1557556869449,19506144,652
2019-05-11 07:36:01.110,1.0,buy,6834.31,BTC-28JUN19-10000-C,75.02,0.011000000000000001,1.0,0,1557560161110,19526235,653
2019-05-11 08:04:30.338,2.0,buy,6810.69,BTC-28JUN19-10000-C,74.58,0.0105,2.0,2,1557561870338,19530312,654
2019-05-11 09:21:34.401,1.0,buy,6737.55,BTC-28JUN19-10000-C,77.63,0.0115,1.0,0,1557566494401,19543381,655
2019-05-11 09:21:58.952,1.0,buy,6740.7,BTC-28JUN19-10000-C,77.59,0.0115,1.0,1,1557566518952,19543398,656
2019-05-11 09:25:44.026,1.0,buy,6725.58,BTC-28JUN19-10000-C,77.88,0.0115,1.0,1,1557566744026,19543728,657
2019-05-11 09:40:27.317,1.0,buy,6798.84,BTC-28JUN19-10000-C,76.42,0.0115,1.0,1,1557567627317,19544878,658
2019-05-11 09:46:52.663,1.0,buy,6804.41,BTC-28JUN19-10000-C,76.38,0.0115,1.0,1,1557568012663,19545639,659
2019-05-11 10:17:05.047,2.0,buy,6833.5,BTC-28JUN19-10000-C,75.51,0.0115,2.0,1,1557569825047,19549206,660
2019-05-11 10:52:42.942,1.0,buy,6832.99,BTC-28JUN19-10000-C,78.7,0.0135,1.0,0,1557571962942,19553513,661
2019-05-11 10:58:49.554,10.0,buy,6841.25,BTC-28JUN19-10000-C,80.75,0.015,10.0,1,1557572329554,19554040,663
2019-05-11 10:58:49.554,0.5,buy,6841.25,BTC-28JUN19-10000-C,80.75,0.015,0.5,0,1557572329554,19554039,662
2019-05-11 11:30:58.100,0.1,buy,6813.16,BTC-28JUN19-10000-C,83.93,0.017,0.1,0,1557574258100,19556768,664
2019-05-11 14:05:53.535,2.0,sell,6809.33,BTC-28JUN19-10000-C,77.91,0.013000000000000001,2.0,2,1557583553535,19569937,665
2019-05-11 14:15:52.790,1.0,buy,6805.93,BTC-28JUN19-10000-C,80.43,0.0145,1.0,0,1557584152790,19571487,666
2019-05-11 14:42:02.295,1.0,sell,6787.77,BTC-28JUN19-10000-C,82.73,0.016,1.0,0,1557585722295,19574519,667
2019-05-11 16:13:50.894,1.0,buy,6980.44,BTC-28JUN19-10000-C,81.21,0.018000000000000002,1.0,0,1557591230894,19595485,668
2019-05-11 16:16:06.110,20.0,buy,6991.19,BTC-28JUN19-10000-C,82.75,0.0195,20.0,0,1557591366110,19596785,669
2019-05-11 16:17:33.998,1.0,buy,6993.29,BTC-28JUN19-10000-C,83.35,0.02,1.0,0,1557591453998,19597665,670
2019-05-11 16:18:44.009,1.0,buy,6991.15,BTC-28JUN19-10000-C,85.79,0.022000000000000002,1.0,0,1557591524009,19598212,671
2019-05-11 16:18:44.009,0.4,buy,6991.15,BTC-28JUN19-10000-C,86.36,0.0225,0.4,0,1557591524009,19598213,672
2019-05-11 16:20:03.686,24.0,sell,6984.5,BTC-28JUN19-10000-C,86.67,0.0225,24.0,1,1557591603686,19600002,673
2019-05-11 16:20:13.915,25.0,sell,6976.91,BTC-28JUN19-10000-C,86.83,0.0225,25.0,1,1557591613915,19600096,674
2019-05-11 16:22:21.926,24.0,sell,6990.31,BTC-28JUN19-10000-C,86.48,0.0225,24.0,1,1557591741926,19601768,675
2019-05-11 16:26:11.000,0.1,sell,6989.13,BTC-28JUN19-10000-C,86.5,0.0225,0.1,1,1557591971000,19602952,676
2019-05-11 16:26:53.023,5.0,sell,6983.53,BTC-28JUN19-10000-C,86.54,0.0225,5.0,1,1557592013023,19603191,677
2019-05-11 16:29:57.491,5.0,sell,6958.88,BTC-28JUN19-10000-C,86.96,0.0225,5.0,1,1557592197491,19604060,678
2019-05-11 16:30:04.730,5.0,sell,6947.6,BTC-28JUN19-10000-C,87.25,0.0225,5.0,1,1557592204730,19604203,679
2019-05-11 16:50:06.881,10.5,sell,6911.76,BTC-28JUN19-10000-C,88.02,0.0225,10.5,1,1557593406881,19608311,680
2019-05-11 16:51:40.982,22.0,buy,6923.93,BTC-28JUN19-10000-C,88.84,0.0235,22.0,1,1557593500982,19609757,683
2019-05-11 16:51:40.982,24.0,buy,6923.93,BTC-28JUN19-10000-C,88.84,0.0235,24.0,1,1557593500982,19609756,682
2019-05-11 16:51:40.982,4.0,buy,6923.93,BTC-28JUN19-10000-C,88.84,0.0235,4.0,0,1557593500982,19609755,681
2019-05-11 19:24:47.739,4.0,buy,6943.95,BTC-28JUN19-10000-C,89.11,0.024,4.0,0,1557602687739,19631124,684
2019-05-11 21:33:04.415,2.0,sell,6934.22,BTC-28JUN19-10000-C,80.95,0.017,2.0,2,1557610384415,19639928,685
2019-05-11 22:06:19.705,1.0,buy,7204.45,BTC-28JUN19-10000-C,83.87,0.025,1.0,0,1557612379705,19654161,686
2019-05-11 22:34:40.171,0.4,buy,7325.67,BTC-28JUN19-10000-C,83.02,0.0275,0.4,0,1557614080171,19673667,687
2019-05-11 22:35:03.047,1.0,sell,7308.25,BTC-28JUN19-10000-C,83.77,0.0275,1.0,1,1557614103047,19674300,688
2019-05-12 04:56:28.862,1.0,sell,7188.3,BTC-28JUN19-10000-C,81.34,0.0215,1.0,2,1557636988862,19808163,689
2019-05-12 07:08:24.260,3.0,buy,7441.64,BTC-28JUN19-10000-C,88.03,0.033,3.0,0,1557644904260,19828704,690
2019-05-12 07:27:07.734,17.0,buy,7518.54,BTC-28JUN19-10000-C,86.4,0.033,17.0,1,1557646027734,19835764,691
2019-05-12 07:48:04.742,0.8,buy,7522.26,BTC-28JUN19-10000-C,88.11,0.035,0.8,0,1557647284742,19840438,692
2019-05-12 08:12:09.137,0.2,sell,7458.43,BTC-28JUN19-10000-C,89.92,0.035,0.2,1,1557648729137,19846012,693
2019-05-12 08:12:51.059,12.8,sell,7333.25,BTC-28JUN19-10000-C,91.08,0.033,12.8,2,1557648771059,19848131,694
2019-05-12 08:18:01.214,70.2,sell,7343.0,BTC-28JUN19-10000-C,90.42,0.033,70.2,3,1557649081214,19854902,695
2019-05-12 09:22:59.383,0.1,buy,7503.99,BTC-28JUN19-10000-C,88.66,0.035,0.1,0,1557652979383,19874900,696
2019-05-12 09:29:36.564,0.9,sell,7503.7,BTC-28JUN19-10000-C,88.72,0.035,0.9,1,1557653376564,19877355,697
2019-05-12 09:32:41.075,0.8,sell,7520.36,BTC-28JUN19-10000-C,86.93,0.0335,0.8,2,1557653561075,19878317,698
2019-05-12 09:51:26.707,12.8,sell,7330.79,BTC-28JUN19-10000-C,91.13,0.0335,12.8,3,1557654686707,19890987,699
2019-05-12 09:51:31.004,12.8,sell,7326.73,BTC-28JUN19-10000-C,91.24,0.0335,12.8,3,1557654691004,19891085,700
2019-05-12 10:01:59.283,12.8,buy,7371.34,BTC-28JUN19-10000-C,95.11,0.0385,12.8,0,1557655319283,19896745,701
2019-05-12 10:02:16.520,2.0,sell,7366.23,BTC-28JUN19-10000-C,95.27,0.0385,2.0,1,1557655336520,19896839,702
2019-05-12 10:02:20.753,2.0,sell,7366.84,BTC-28JUN19-10000-C,95.25,0.0385,2.0,1,1557655340753,19896875,703
2019-05-12 10:03:13.195,2.0,sell,7360.6,BTC-28JUN19-10000-C,95.39,0.0385,2.0,1,1557655393195,19897422,704
2019-05-12 10:05:33.374,25.0,sell,7366.7,BTC-28JUN19-10000-C,95.17,0.0385,25.0,1,1557655533374,19898427,705
2019-05-12 10:05:41.978,25.0,sell,7368.08,BTC-28JUN19-10000-C,95.12,0.0385,25.0,1,1557655541978,19898428,706
2019-05-12 10:05:50.336,6.2,sell,7367.16,BTC-28JUN19-10000-C,95.14,0.0385,6.2,1,1557655550336,19898449,707
2019-05-12 10:44:23.980,5.0,buy,7373.71,BTC-28JUN19-10000-C,94.16,0.0375,5.0,2,1557657863980,19911830,708
2019-05-12 10:57:11.242,3.0,buy,7300.61,BTC-28JUN19-10000-C,88.56,0.03,3.0,2,1557658631242,19916060,709
2019-05-12 10:59:18.295,3.0,buy,7262.94,BTC-28JUN19-10000-C,89.3,0.03,3.0,3,1557658758295,19918088,710
2019-05-12 13:48:15.466,5.0,buy,7166.14,BTC-28JUN19-10000-C,86.06,0.025,5.0,2,1557668895466,19977060,711
2019-05-12 14:04:17.547,2.0,sell,7079.63,BTC-28JUN19-10000-C,87.94,0.025,2.0,3,1557669857547,19981859,712
2019-05-12 14:10:20.685,0.1,buy,7122.51,BTC-28JUN19-10000-C,89.59,0.0275,0.1,0,1557670220685,19982890,713
2019-05-12 15:00:02.092,1.0,sell,6956.24,BTC-28JUN19-10000-C,85.94,0.021,1.0,2,1557673202092,19998386,714
2019-05-12 15:01:03.983,1.0,sell,6936.08,BTC-28JUN19-10000-C,86.37,0.021,1.0,3,1557673263983,19998702,715
2019-05-12 15:46:32.745,1.0,sell,6817.51,BTC-28JUN19-10000-C,76.61,0.012,1.0,2,1557675992745,20014593,716
2019-05-12 18:43:59.906,2.0,buy,7048.66,BTC-28JUN19-10000-C,79.6,0.0175,2.0,0,1557686639906,20053342,717
2019-05-12 23:13:11.544,0.1,sell,6922.98,BTC-28JUN19-10000-C,81.5,0.0165,0.1,2,1557702791544,20103901,718
2019-05-13 04:35:24.267,10.0,buy,7028.69,BTC-28JUN19-10000-C,86.65,0.0225,10.0,0,1557722124267,20129003,719
2019-05-13 09:14:00.785,1.0,sell,7090.2,BTC-28JUN19-10000-C,86.72,0.0235,1.0,0,1557738840785,20147848,720
2019-05-13 11:35:50.252,10.2,buy,7253.77,BTC-28JUN19-10000-C,84.95,0.025,10.2,0,1557747350252,20160666,721
2019-05-13 11:37:55.804,10.4,buy,7263.91,BTC-28JUN19-10000-C,84.79,0.025,10.4,1,1557747475804,20161370,722
2019-05-13 11:38:08.591,2.3000000000000003,buy,7271.83,BTC-28JUN19-10000-C,84.63,0.025,2.3000000000000003,1,1557747488591,20161460,723
2019-05-13 11:38:12.449,12.1,buy,7273.31,BTC-28JUN19-10000-C,84.6,0.025,12.1,1,1557747492449,20161474,724
2019-05-13 11:38:14.218,0.9,buy,7276.07,BTC-28JUN19-10000-C,84.54,0.025,0.9,1,1557747494218,20161485,725
2019-05-13 11:38:21.116,10.0,buy,7285.04,BTC-28JUN19-10000-C,84.34,0.025,10.0,1,1557747501116,20161523,726
2019-05-13 11:40:02.816,4.1,buy,7287.82,BTC-28JUN19-10000-C,84.31,0.025,4.1,1,1557747602816,20162066,727
2019-05-13 14:38:39.665,1.0,sell,7515.11,BTC-28JUN19-10000-C,82.99,0.028999999999999998,1.0,0,1557758319665,20196264,728
2019-05-13 14:44:19.043,9.0,buy,7518.71,BTC-28JUN19-10000-C,84.05,0.03,9.0,0,1557758659043,20198380,729
2019-05-13 14:45:03.652,0.3,buy,7534.7,BTC-28JUN19-10000-C,83.52,0.03,0.3,1,1557758703652,20198962,730
2019-05-13 15:01:17.140,2.0,buy,7495.21,BTC-28JUN19-10000-C,83.03,0.0285,2.0,2,1557759677140,20204143,731
2019-05-13 15:08:14.112,12.8,buy,7600.33,BTC-28JUN19-10000-C,81.84,0.03,12.8,0,1557760094112,20206927,732
2019-05-13 15:08:17.320,5.0,buy,7608.59,BTC-28JUN19-10000-C,81.62,0.03,5.0,1,1557760097320,20207066,733
2019-05-13 15:08:18.061,12.8,buy,7608.59,BTC-28JUN19-10000-C,81.59,0.03,12.8,1,1557760098061,20207088,734
2019-05-13 15:08:29.806,10.9,buy,7627.78,BTC-28JUN19-10000-C,81.09,0.03,10.9,1,1557760109806,20207592,735
2019-05-13 15:08:30.213,0.5,buy,7627.43,BTC-28JUN19-10000-C,81.09,0.03,0.5,1,1557760110213,20207664,736
2019-05-13 15:08:30.353,0.5,buy,7627.43,BTC-28JUN19-10000-C,81.09,0.03,0.5,1,1557760110353,20207687,737
2019-05-13 15:08:30.387,0.6,buy,7627.43,BTC-28JUN19-10000-C,81.09,0.03,0.6,1,1557760110387,20207689,738
2019-05-13 15:08:30.755,0.9,buy,7627.43,BTC-28JUN19-10000-C,81.09,0.03,0.9,1,1557760110755,20207727,739
2019-05-13 15:08:30.782,0.9,buy,7627.43,BTC-28JUN19-10000-C,81.09,0.03,0.9,1,1557760110782,20207731,740
2019-05-13 15:08:32.251,0.5,buy,7635.54,BTC-28JUN19-10000-C,80.97,0.03,0.5,1,1557760112251,20207821,741
2019-05-13 15:08:32.272,0.4,buy,7635.54,BTC-28JUN19-10000-C,80.97,0.03,0.4,1,1557760112272,20207823,742
2019-05-13 15:08:32.387,4.2,buy,7635.54,BTC-28JUN19-10000-C,80.97,0.03,4.2,1,1557760112387,20207834,743
2019-05-13 15:10:55.065,0.5,buy,7668.74,BTC-28JUN19-10000-C,87.54,0.038,0.5,0,1557760255065,20212346,744
2019-05-13 15:10:55.065,1.5,buy,7668.74,BTC-28JUN19-10000-C,87.54,0.038,1.5,1,1557760255065,20212347,745
2019-05-13 15:14:56.240,0.1,buy,7876.63,BTC-28JUN19-10000-C,82.86,0.04,0.1,1,1557760496240,20221234,747
2019-05-13 15:14:56.240,1.0,buy,7876.63,BTC-28JUN19-10000-C,82.86,0.04,1.0,0,1557760496240,20221233,746
2019-05-13 15:15:05.861,0.4,sell,7841.2,BTC-28JUN19-10000-C,85.76,0.0425,0.4,0,1557760505861,20221463,748
2019-05-13 15:15:05.993,6.7,sell,7841.2,BTC-28JUN19-10000-C,85.76,0.0425,6.7,1,1557760505993,20221468,749
2019-05-13 15:15:05.996,4.6000000000000005,sell,7841.2,BTC-28JUN19-10000-C,85.76,0.0425,4.6000000000000005,1,1557760505996,20221469,750
2019-05-13 16:00:12.592,1.0,buy,7830.64,BTC-28JUN19-10000-C,92.38,0.048,1.0,0,1557763212592,20248055,751
2019-05-13 16:04:45.889,1.0,buy,7883.99,BTC-28JUN19-10000-C,92.69,0.05,1.0,0,1557763485889,20249709,752
2019-05-13 16:09:47.852,0.1,buy,7881.5,BTC-28JUN19-10000-C,92.44,0.05,0.1,1,1557763787852,20253691,753
2019-05-13 16:23:45.940,1.0,sell,7858.01,BTC-28JUN19-10000-C,89.34,0.0455,1.0,2,1557764625940,20259398,754
2019-05-13 16:35:39.260,25.0,buy,7863.99,BTC-28JUN19-10000-C,96.88,0.0545,25.0,0,1557765339260,20262774,755
2019-05-13 16:37:47.604,0.2,buy,7879.23,BTC-28JUN19-10000-C,96.76,0.055,0.2,0,1557765467604,20263287,756
2019-05-13 17:03:56.838,4.0,buy,7905.09,BTC-28JUN19-10000-C,92.1,0.05,4.0,2,1557767036838,20272337,757
2019-05-13 17:05:54.697,0.1,buy,7882.72,BTC-28JUN19-10000-C,92.75,0.05,0.1,3,1557767154697,20272923,758
2019-05-13 17:11:41.141,0.1,buy,7906.37,BTC-28JUN19-10000-C,92.02,0.05,0.1,3,1557767501141,20273988,759
2019-05-13 17:13:14.990,5.0,buy,7957.18,BTC-28JUN19-10000-C,90.57,0.05,5.0,3,1557767594990,20274595,760
2019-05-13 17:22:40.398,0.6,buy,7900.03,BTC-28JUN19-10000-C,95.45,0.054000000000000006,0.6,0,1557768160398,20277921,761
2019-05-13 17:29:07.698,2.8000000000000003,buy,7856.8,BTC-28JUN19-10000-C,97.55,0.055,2.8000000000000003,0,1557768547698,20280196,762
2019-05-13 17:29:07.698,22.8,buy,7856.8,BTC-28JUN19-10000-C,99.17,0.057,22.8,0,1557768547698,20280197,763
2019-05-13 17:42:27.395,11.9,buy,7841.44,BTC-28JUN19-10000-C,98.07,0.0555,11.9,2,1557769347395,20284948,764
2019-05-13 19:44:25.216,11.7,sell,7930.27,BTC-28JUN19-10000-C,95.0,0.0545,11.7,2,1557776665216,20299113,765
2019-05-13 19:44:44.087,0.9,sell,7945.23,BTC-28JUN19-10000-C,94.96,0.055,0.9,0,1557776684087,20299338,766
2019-05-13 19:53:36.575,12.4,sell,7912.53,BTC-28JUN19-10000-C,94.63,0.0535,12.4,2,1557777216575,20301032,767
2019-05-13 20:55:40.041,0.1,buy,7872.07,BTC-28JUN19-10000-C,98.25,0.0565,0.1,0,1557780940041,20309391,768
2019-05-13 20:58:37.602,10.1,sell,7851.9,BTC-28JUN19-10000-C,96.67,0.054000000000000006,10.1,2,1557781117602,20309672,769
2019-05-13 21:00:22.337,12.8,sell,7869.0,BTC-28JUN19-10000-C,96.98,0.055,12.8,0,1557781222337,20309776,770
2019-05-13 21:05:18.760,4.9,buy,7889.04,BTC-28JUN19-10000-C,97.76,0.0565,4.9,0,1557781518760,20310088,771
2019-05-13 21:05:18.762,12.1,sell,7889.04,BTC-28JUN19-10000-C,97.76,0.0565,12.1,1,1557781518762,20310089,772
2019-05-13 21:32:36.983,2.0,buy,8097.41,BTC-28JUN19-10000-C,94.69,0.0595,2.0,0,1557783156983,20321033,773
2019-05-13 21:33:04.569,0.5,buy,8124.42,BTC-28JUN19-10000-C,94.12,0.06,0.5,1,1557783184569,20321750,777
2019-05-13 21:33:04.569,1.0,buy,8124.42,BTC-28JUN19-10000-C,94.12,0.06,1.0,0,1557783184569,20321747,774
2019-05-13 21:33:04.569,1.0,buy,8124.42,BTC-28JUN19-10000-C,94.12,0.06,1.0,1,1557783184569,20321749,776
2019-05-13 21:33:04.569,2.0,buy,8124.42,BTC-28JUN19-10000-C,94.12,0.06,2.0,1,1557783184569,20321751,778
2019-05-13 21:33:04.569,1.0,buy,8124.42,BTC-28JUN19-10000-C,94.12,0.06,1.0,1,1557783184569,20321748,775
2019-05-13 21:43:13.265,12.8,buy,8106.85,BTC-28JUN19-10000-C,99.62,0.066,12.8,0,1557783793265,20327329,779
2019-05-13 21:43:13.265,3.9,buy,8106.85,BTC-28JUN19-10000-C,99.62,0.066,3.9,1,1557783793265,20327330,780
2019-05-13 23:25:50.740,22.0,sell,7745.86,BTC-28JUN19-10000-C,103.83,0.06,22.0,2,1557789950740,20363278,781
2019-05-13 23:25:51.088,3.0,sell,7745.86,BTC-28JUN19-10000-C,103.83,0.06,3.0,3,1557789951088,20363279,782
2019-05-13 23:26:05.171,21.9,sell,7758.03,BTC-28JUN19-10000-C,103.98,0.0605,21.9,0,1557789965171,20363382,783
2019-05-13 23:26:05.430,3.1,sell,7758.03,BTC-28JUN19-10000-C,103.98,0.0605,3.1,1,1557789965430,20363384,784
2019-05-13 23:28:41.110,1.0,buy,7781.51,BTC-28JUN19-10000-C,107.62,0.0655,1.0,0,1557790121110,20363933,785
2019-05-13 23:31:15.471,1.0,sell,7791.04,BTC-28JUN19-10000-C,103.64,0.061,1.0,2,1557790275471,20364633,786
2019-05-14 00:39:02.581,1.0,sell,7918.47,BTC-28JUN19-10000-C,103.67,0.065,1.0,0,1557794342581,20378436,787
2019-05-14 00:41:45.608,20.4,sell,7968.57,BTC-28JUN19-10000-C,104.99,0.0685,20.4,0,1557794505608,20379318,788
2019-05-14 00:41:46.097,4.6000000000000005,sell,7968.57,BTC-28JUN19-10000-C,104.99,0.0685,4.6000000000000005,1,1557794506097,20379319,789
2019-05-14 00:41:51.639,4.0,sell,7969.57,BTC-28JUN19-10000-C,104.96,0.0685,4.0,1,1557794511639,20379378,790
2019-05-14 00:55:52.629,0.1,sell,7922.43,BTC-28JUN19-10000-C,97.25,0.057,0.1,2,1557795352629,20382092,791
2019-05-14 01:50:40.059,0.2,buy,7989.28,BTC-28JUN19-10000-C,104.18,0.068,0.2,0,1557798640059,20394145,792
2019-05-14 02:11:16.278,20.0,sell,7993.65,BTC-28JUN19-10000-C,102.96,0.0665,20.0,2,1557799876278,20397457,793
2019-05-14 02:13:44.368,20.0,sell,8003.07,BTC-28JUN19-10000-C,102.84,0.067,20.0,0,1557800024368,20397895,794
2019-05-14 02:14:52.624,5.0,sell,8000.68,BTC-28JUN19-10000-C,103.18,0.067,5.0,1,1557800092624,20398142,795
2019-05-14 03:31:43.649,4.0,buy,7946.84,BTC-28JUN19-10000-C,100.13,0.062,4.0,2,1557804703649,20408806,796
2019-05-14 03:39:56.073,0.4,sell,7953.66,BTC-28JUN19-10000-C,94.49,0.055,0.4,2,1557805196073,20409655,797
2019-05-14 04:50:03.485,5.0,buy,8027.98,BTC-28JUN19-10000-C,100.19,0.065,5.0,0,1557809403485,20417377,798
2019-05-14 05:50:47.737,10.0,buy,8010.99,BTC-28JUN19-10000-C,101.5,0.0665,10.0,0,1557813047737,20429817,799
2019-05-14 06:04:03.792,1.0,buy,7991.41,BTC-28JUN19-10000-C,101.03,0.065,1.0,2,1557813843792,20432664,800
2019-05-14 06:39:11.752,1.0,buy,8043.48,BTC-28JUN19-10000-C,99.68,0.065,1.0,3,1557815951752,20436579,801
2019-05-14 07:05:00.426,1.0,buy,8119.26,BTC-28JUN19-10000-C,101.32,0.07,1.0,0,1557817500426,20439993,802
2019-05-14 07:24:01.267,10.0,buy,8114.43,BTC-28JUN19-10000-C,103.09,0.0715,10.0,0,1557818641267,20446659,803
2019-05-14 07:24:01.267,12.8,buy,8114.43,BTC-28JUN19-10000-C,106.14,0.0755,12.8,0,1557818641267,20446660,804
2019-05-14 07:24:01.279,7.2,sell,8114.43,BTC-28JUN19-10000-C,106.14,0.0755,7.2,1,1557818641279,20446661,805
2019-05-14 08:27:25.703,3.0,sell,8248.15,BTC-28JUN19-10000-C,100.53,0.0725,3.0,2,1557822445703,20468770,806
2019-05-14 08:29:02.599,4.0,sell,8236.76,BTC-28JUN19-10000-C,100.85,0.0725,4.0,3,1557822542599,20468980,807
2019-05-14 08:30:06.160,3.0,sell,8207.73,BTC-28JUN19-10000-C,101.84,0.0725,3.0,3,1557822606160,20469168,808
2019-05-14 10:31:03.849,3.0,buy,7967.56,BTC-28JUN19-10000-C,105.65,0.0695,3.0,2,1557829863849,20500841,809
2019-05-14 10:37:00.114,1.0,buy,7991.84,BTC-28JUN19-10000-C,105.56,0.07,1.0,0,1557830220114,20502266,810
2019-05-14 11:14:52.398,1.0,sell,8079.07,BTC-28JUN19-10000-C,100.58,0.0665,1.0,2,1557832492398,20505757,811
2019-05-14 11:15:59.687,1.0,buy,8095.26,BTC-28JUN19-10000-C,100.1,0.0665,1.0,3,1557832559687,20505794,812
2019-05-14 11:16:31.204,1.0,buy,8096.1,BTC-28JUN19-10000-C,100.42,0.067,1.0,0,1557832591204,20505809,813
2019-05-14 12:16:24.069,0.1,buy,8165.59,BTC-28JUN19-10000-C,104.63,0.075,0.1,0,1557836184069,20511821,814
2019-05-14 12:22:49.723,0.1,buy,8211.22,BTC-28JUN19-10000-C,103.31,0.075,0.1,1,1557836569723,20513325,816
2019-05-14 12:22:49.723,0.9,buy,8211.22,BTC-28JUN19-10000-C,103.31,0.075,0.9,1,1557836569723,20513324,815
2019-05-14 14:03:12.099,0.2,sell,8157.44,BTC-28JUN19-10000-C,101.51,0.07,0.2,2,1557842592099,20524909,817
2019-05-14 14:40:15.943,10.0,sell,8040.65,BTC-28JUN19-10000-C,100.25,0.064,10.0,2,1557844815943,20531025,818
2019-05-14 15:07:42.031,2.0,buy,8030.16,BTC-28JUN19-10000-C,97.53,0.06,2.0,2,1557846462031,20537272,819
2019-05-14 19:00:38.205,1.0,sell,7810.86,BTC-28JUN19-10000-C,100.13,0.0565,1.0,2,1557860438205,20589503,820
2019-05-15 00:45:48.302,1.0,sell,7965.5,BTC-28JUN19-10000-C,93.75,0.0535,1.0,2,1557881148302,20651478,821
2019-05-15 06:45:37.070,0.5,buy,8019.8,BTC-28JUN19-10000-C,102.96,0.0665,0.5,0,1557902737070,20671853,822
2019-05-15 07:40:51.113,0.1,sell,7922.14,BTC-28JUN19-10000-C,102.02,0.062,0.1,2,1557906051113,20677345,823
2019-05-15 07:40:52.052,0.1,sell,7922.03,BTC-28JUN19-10000-C,102.01,0.062,0.1,3,1557906052052,20677346,824
2019-05-15 07:40:53.616,0.1,sell,7922.77,BTC-28JUN19-10000-C,101.99,0.062,0.1,3,1557906053616,20677347,825
2019-05-15 07:54:33.933,0.7000000000000001,sell,7867.37,BTC-28JUN19-10000-C,103.56,0.062,0.7000000000000001,3,1557906873933,20679068,826
2019-05-15 08:35:11.371,1.0,sell,7964.78,BTC-28JUN19-10000-C,97.46,0.0575,1.0,2,1557909311371,20683623,827
2019-05-15 08:57:13.607,2.0,buy,7906.2,BTC-28JUN19-10000-C,97.01,0.055,2.0,2,1557910633607,20684484,828
2019-05-15 11:00:10.998,1.0,buy,8061.62,BTC-28JUN19-10000-C,103.28,0.068,1.0,0,1557918010998,20699062,829
2019-05-15 12:06:48.421,1.0,sell,7941.05,BTC-28JUN19-10000-C,104.13,0.065,1.0,2,1557922008421,20705986,830
2019-05-15 12:13:32.416,1.0,buy,7908.09,BTC-28JUN19-10000-C,104.95,0.065,1.0,3,1557922412416,20707156,831
2019-05-15 14:51:02.697,0.2,sell,7950.4,BTC-28JUN19-10000-C,103.51,0.064,0.2,2,1557931862697,20726660,832
2019-05-15 15:02:04.992,0.8,sell,7947.81,BTC-28JUN19-10000-C,103.6,0.064,0.8,3,1557932524992,20727591,833
2019-05-15 17:16:45.303,3.0,buy,8056.95,BTC-28JUN19-10000-C,99.4,0.062,3.0,2,1557940605303,20743231,834
2019-05-15 17:31:15.640,3.0,buy,8101.62,BTC-28JUN19-10000-C,99.42,0.0635,3.0,0,1557941475640,20745074,835
2019-05-15 20:18:33.295,3.9,buy,8200.62,BTC-28JUN19-10000-C,97.47,0.0645,3.9,0,1557951513295,20775079,836
2019-05-15 20:18:37.989,0.1,sell,8201.64,BTC-28JUN19-10000-C,97.46,0.0645,0.1,1,1557951517989,20775093,837
2019-05-15 21:36:33.034,0.1,buy,8148.63,BTC-28JUN19-10000-C,93.82,0.057999999999999996,0.1,2,1557956193034,20783997,838
2019-05-16 03:18:07.754,4.0,buy,8292.29,BTC-28JUN19-10000-C,97.48,0.0685,4.0,0,1557976687754,20835335,839
2019-05-16 05:30:54.296,16.0,buy,7986.46,BTC-28JUN19-10000-C,99.9,0.0615,16.0,2,1557984654296,20869512,840
2019-05-16 10:14:55.466,1.0,sell,7836.75,BTC-28JUN19-10000-C,101.43,0.0575,1.0,2,1558001695466,20900531,841
2019-05-16 10:20:13.189,0.2,sell,7805.89,BTC-28JUN19-10000-C,100.95,0.055999999999999994,0.2,2,1558002013189,20905373,842
2019-05-16 10:24:21.515,1.8,sell,7853.16,BTC-28JUN19-10000-C,99.7,0.055999999999999994,1.8,3,1558002261515,20906742,843
2019-05-16 11:46:15.630,1.2,buy,7901.54,BTC-28JUN19-10000-C,97.62,0.055,1.2,2,1558007175630,20920149,844
2019-05-16 12:29:24.749,10.0,buy,7900.5,BTC-28JUN19-10000-C,100.2,0.057999999999999996,10.0,0,1558009764749,20923591,845
2019-05-16 14:22:49.287,4.0,buy,7940.39,BTC-28JUN19-10000-C,100.84,0.06,4.0,0,1558016569287,20936688,846
2019-05-16 14:44:27.970,1.0,buy,7937.49,BTC-28JUN19-10000-C,98.08,0.057,1.0,2,1558017867970,20940248,847
2019-05-16 19:06:54.801,1.5,buy,7908.82,BTC-28JUN19-10000-C,99.52,0.057,1.5,3,1558033614801,20965651,848
2019-05-16 19:07:54.120,1.0,buy,7904.1,BTC-28JUN19-10000-C,99.66,0.057,1.0,3,1558033674120,20965688,849
2019-05-16 21:00:01.398,0.1,sell,7674.53,BTC-28JUN19-10000-C,102.55,0.053,0.1,2,1558040401398,20980711,850
2019-05-16 21:27:50.638,19.5,buy,7918.12,BTC-28JUN19-10000-C,99.01,0.057,19.5,0,1558042070638,20986812,851
2019-05-17 03:00:35.852,1.0,sell,7326.56,BTC-28JUN19-10000-C,103.51,0.046,1.0,2,1558062035852,21026672,852
2019-05-17 06:02:11.887,0.1,buy,7141.19,BTC-28JUN19-10000-C,101.99,0.038,0.1,2,1558072931887,21117943,853
2019-05-17 06:02:39.216,0.1,buy,7161.41,BTC-28JUN19-10000-C,103.37,0.04,0.1,0,1558072959216,21118040,854
2019-05-17 08:51:37.615,3.0,sell,7292.06,BTC-28JUN19-10000-C,101.43,0.0405,3.0,0,1558083097615,21135059,855
2019-05-17 09:44:24.422,1.0,sell,7301.98,BTC-28JUN19-10000-C,102.33,0.0415,1.0,0,1558086264422,21138441,856
2019-05-17 09:45:00.767,1.0,sell,7292.09,BTC-28JUN19-10000-C,102.07,0.040999999999999995,1.0,2,1558086300767,21138741,857
2019-05-17 09:51:08.642,5.0,buy,7278.79,BTC-28JUN19-10000-C,104.15,0.043,5.0,0,1558086668642,21139322,858
2019-05-17 12:08:16.748,2.0,buy,7070.62,BTC-28JUN19-10000-C,106.17,0.04,2.0,2,1558094896748,21158207,859
2019-05-17 19:53:39.205,0.1,sell,7068.71,BTC-28JUN19-10000-C,102.11,0.035,0.1,2,1558122819205,21225004,860
2019-05-17 22:32:48.792,4.2,sell,7228.88,BTC-28JUN19-10000-C,101.61,0.038,4.2,0,1558132368792,21243731,861
2019-05-17 22:35:27.218,0.8,buy,7239.34,BTC-28JUN19-10000-C,101.3,0.038,0.8,1,1558132527218,21243992,862
2019-05-17 22:35:27.218,3.2,buy,7239.34,BTC-28JUN19-10000-C,101.3,0.038,3.2,1,1558132527218,21243993,863
2019-05-17 22:45:01.201,1.8,buy,7252.44,BTC-28JUN19-10000-C,101.09,0.038,1.8,1,1558133101201,21244273,864
2019-05-17 22:45:01.201,2.2,buy,7252.44,BTC-28JUN19-10000-C,101.09,0.038,2.2,1,1558133101201,21244274,865
2019-05-17 22:45:11.451,12.8,buy,7253.05,BTC-28JUN19-10000-C,101.05,0.038,12.8,1,1558133111451,21244283,866
2019-05-17 22:49:57.325,5.0,buy,7247.32,BTC-28JUN19-10000-C,101.21,0.038,5.0,1,1558133397325,21244595,867
2019-05-18 03:26:37.696,3.0,sell,7348.07,BTC-28JUN19-10000-C,101.9,0.0405,3.0,0,1558149997696,21262470,868
2019-05-18 05:36:45.409,0.1,buy,7448.98,BTC-28JUN19-10000-C,104.11,0.045,0.1,0,1558157805409,21273407,869
2019-05-18 15:25:17.316,3.4,sell,7403.13,BTC-28JUN19-10000-C,104.64,0.0435,3.4,2,1558193117316,21304266,870
2019-05-18 15:25:47.475,2.8000000000000003,buy,7398.76,BTC-28JUN19-10000-C,103.39,0.042,2.8000000000000003,2,1558193147475,21304348,871
2019-05-18 15:35:44.151,2.0,buy,7389.29,BTC-28JUN19-10000-C,103.66,0.042,2.0,3,1558193744151,21304518,872
2019-05-18 15:47:03.964,2.0,buy,7370.66,BTC-28JUN19-10000-C,104.23,0.042,2.0,3,1558194423964,21304742,873
2019-05-18 19:02:52.899,0.1,buy,7283.49,BTC-28JUN19-10000-C,101.05,0.0365,0.1,2,1558206172899,21314236,874
2019-05-19 05:09:50.101,1.0,buy,8009.56,BTC-28JUN19-10000-C,102.25,0.057999999999999996,1.0,0,1558242590101,21374258,875
2019-05-19 09:55:50.102,20.0,buy,8081.3,BTC-28JUN19-10000-C,103.6,0.062,20.0,0,1558259750102,21391663,876
2019-05-19 10:14:30.553,10.1,sell,8093.52,BTC-28JUN19-10000-C,105.05,0.064,10.1,0,1558260870553,21394040,877
2019-05-19 12:15:30.099,4.0,sell,7982.02,BTC-28JUN19-10000-C,99.01,0.053,4.0,2,1558268130099,21405414,878
2019-05-19 17:37:25.832,0.1,buy,7997.74,BTC-28JUN19-10000-C,105.49,0.063,0.1,0,1558287445832,21439530,879
2019-05-19 21:13:31.763,0.2,buy,8051.2,BTC-28JUN19-10000-C,100.48,0.0585,0.2,2,1558300411763,21456603,880
2019-05-19 22:38:47.344,0.4,buy,8176.22,BTC-28JUN19-10000-C,99.63,0.0615,0.4,0,1558305527344,21462899,881
2019-05-19 22:48:09.250,2.0,buy,8211.58,BTC-28JUN19-10000-C,103.34,0.0675,2.0,0,1558306089250,21469042,882
2019-05-19 22:48:47.441,0.1,sell,8203.15,BTC-28JUN19-10000-C,103.24,0.067,0.1,2,1558306127441,21469255,883
2019-05-19 22:50:55.339,1.0,sell,8206.33,BTC-28JUN19-10000-C,103.01,0.067,1.0,3,1558306255339,21469798,884
2019-05-19 22:52:10.718,4.0,sell,8184.0,BTC-28JUN19-10000-C,101.24,0.064,4.0,2,1558306330718,21470226,885
2019-05-20 00:40:20.843,1.0,sell,7980.32,BTC-28JUN19-10000-C,103.8,0.061,1.0,2,1558312820843,21499659,886
2019-05-20 00:42:07.758,1.0,sell,7964.89,BTC-28JUN19-10000-C,102.07,0.0585,1.0,2,1558312927758,21501399,887
2019-05-20 04:47:47.908,10.0,buy,8071.87,BTC-28JUN19-10000-C,102.09,0.061,10.0,0,1558327667908,21528339,888
2019-05-20 04:47:57.789,10.0,buy,8072.57,BTC-28JUN19-10000-C,102.49,0.0615,10.0,0,1558327677789,21528363,889
2019-05-20 05:14:23.952,10.0,buy,7987.85,BTC-28JUN19-10000-C,102.07,0.0585,10.0,2,1558329263952,21530251,890
2019-05-20 07:11:54.569,1.4,sell,7861.98,BTC-28JUN19-10000-C,102.65,0.055,1.4,2,1558336314569,21537919,891
2019-05-20 13:12:25.603,0.2,buy,7661.9,BTC-28JUN19-10000-C,105.57,0.052000000000000005,0.2,2,1558357945603,21583886,892
2019-05-20 14:37:53.767,10.0,sell,7714.69,BTC-28JUN19-10000-C,104.51,0.052000000000000005,10.0,3,1558363073767,21593756,893
2019-05-20 14:37:58.918,40.0,sell,7715.26,BTC-28JUN19-10000-C,104.5,0.052000000000000005,40.0,3,1558363078918,21593757,894
2019-05-20 15:07:28.506,0.5,buy,7813.06,BTC-28JUN19-10000-C,105.31,0.056,0.5,0,1558364848506,21596181,895
2019-05-20 16:13:59.240,0.1,sell,7849.51,BTC-28JUN19-10000-C,101.82,0.053,0.1,2,1558368839240,21600402,896
2019-05-20 16:26:44.781,5.0,buy,7864.39,BTC-28JUN19-10000-C,104.11,0.055999999999999994,5.0,0,1558369604781,21601692,897
2019-05-20 17:25:22.809,0.1,buy,7837.05,BTC-28JUN19-10000-C,105.41,0.0565,0.1,0,1558373122809,21604397,899
2019-05-20 17:25:22.809,1.0,buy,7837.05,BTC-28JUN19-10000-C,104.97,0.056,1.0,1,1558373122809,21604396,898
2019-05-20 18:01:31.454,1.0,sell,7738.95,BTC-28JUN19-10000-C,103.56,0.0515,1.0,2,1558375291454,21607398,900
2019-05-20 19:01:41.834,1.0,buy,7752.1,BTC-28JUN19-10000-C,103.96,0.052000000000000005,1.0,0,1558378901834,21611901,901
2019-05-21 00:19:19.964,1.5,buy,8013.24,BTC-28JUN19-10000-C,100.83,0.056,1.5,0,1558397959964,21654089,902
2019-05-21 01:47:53.063,0.5,sell,7928.32,BTC-28JUN19-10000-C,102.55,0.055,0.5,2,1558403273063,21659400,903
2019-05-21 07:51:57.823,0.2,buy,7934.41,BTC-28JUN19-10000-C,97.46,0.0495,0.2,2,1558425117823,21675982,904
2019-05-21 08:29:18.101,1.0,buy,7968.83,BTC-28JUN19-10000-C,97.37,0.0505,1.0,0,1558427358101,21676946,905
2019-05-21 14:48:15.557,3.0,buy,7920.47,BTC-28JUN19-10000-C,97.08,0.048,3.0,2,1558450095557,21701562,906
2019-05-21 14:48:38.205,3.0,buy,7917.73,BTC-28JUN19-10000-C,98.09,0.049,3.0,0,1558450118205,21701580,907
2019-05-21 15:40:58.032,10.0,sell,7913.15,BTC-28JUN19-10000-C,99.37,0.0505,10.0,0,1558453258032,21704774,908
2019-05-21 15:40:59.094,10.0,sell,7911.33,BTC-28JUN19-10000-C,99.47,0.0505,10.0,1,1558453259094,21704785,909
2019-05-21 17:14:18.128,3.0,buy,7942.04,BTC-28JUN19-10000-C,98.9,0.0505,3.0,1,1558458858128,21709582,910
2019-05-21 19:27:09.889,1.0,sell,8004.98,BTC-28JUN19-10000-C,96.89,0.05,1.0,2,1558466829889,21719471,911
2019-05-21 19:57:38.196,3.0,buy,8020.1,BTC-28JUN19-10000-C,96.99,0.0505,3.0,0,1558468658196,21720291,912
2019-05-21 19:57:39.237,1.5,buy,8020.59,BTC-28JUN19-10000-C,96.96,0.0505,1.5,1,1558468659237,21720292,913
2019-05-21 21:02:05.220,10.0,buy,8099.21,BTC-28JUN19-10000-C,96.05,0.052000000000000005,10.0,0,1558472525220,21725495,914
2019-05-22 00:52:13.314,10.0,buy,8020.32,BTC-28JUN19-10000-C,95.91,0.049,10.0,2,1558486333314,21738452,915
2019-05-22 02:09:30.730,1.0,sell,7934.49,BTC-28JUN19-10000-C,96.15,0.047,1.0,2,1558490970730,21741001,916
2019-05-22 04:03:01.552,2.0,sell,7918.75,BTC-28JUN19-10000-C,96.17,0.046,2.0,2,1558497781552,21744300,917
2019-05-22 04:25:13.041,10.0,buy,7928.18,BTC-28JUN19-10000-C,96.75,0.047,10.0,0,1558499113041,21746687,918
2019-05-22 07:40:53.392,5.0,buy,7913.86,BTC-28JUN19-10000-C,96.76,0.0465,5.0,2,1558510853392,21751339,919
2019-05-22 08:33:51.538,0.2,buy,7940.92,BTC-28JUN19-10000-C,96.86,0.0475,0.2,0,1558514031538,21752651,920
2019-05-22 09:23:09.676,0.5,buy,7938.25,BTC-28JUN19-10000-C,95.95,0.0465,0.5,2,1558516989676,21753632,921
2019-05-22 09:23:18.481,0.3,buy,7938.36,BTC-28JUN19-10000-C,95.95,0.0465,0.3,3,1558516998481,21753637,922
2019-05-22 12:01:41.285,0.3,sell,7824.65,BTC-28JUN19-10000-C,94.33,0.0415,0.3,2,1558526501285,21768617,923
2019-05-22 12:01:57.495,0.7000000000000001,sell,7827.37,BTC-28JUN19-10000-C,94.25,0.0415,0.7000000000000001,3,1558526517495,21768628,924
2019-05-22 12:27:06.126,2.0,buy,7843.05,BTC-28JUN19-10000-C,94.48,0.042,2.0,0,1558528026126,21770427,925
2019-05-22 13:36:42.294,0.4,sell,7833.83,BTC-28JUN19-10000-C,94.27,0.0415,0.4,2,1558532202294,21773497,926
2019-05-23 01:54:51.327,1.0,sell,7591.44,BTC-28JUN19-10000-C,94.03,0.034,1.0,2,1558576491327,21860850,927
2019-05-23 07:01:37.693,0.3,buy,7649.91,BTC-28JUN19-10000-C,94.29,0.0355,0.3,0,1558594897693,21876243,928
2019-05-23 07:15:37.867,0.3,buy,7631.33,BTC-28JUN19-10000-C,95.4,0.036000000000000004,0.3,0,1558595737867,21876664,929
2019-05-23 07:15:37.867,0.1,buy,7631.33,BTC-28JUN19-10000-C,95.4,0.036000000000000004,0.1,1,1558595737867,21876665,930
2019-05-23 07:42:42.731,1.0,sell,7611.17,BTC-28JUN19-10000-C,93.88,0.034,1.0,2,1558597362731,21877462,931
2019-05-23 07:43:29.416,2.0,sell,7613.86,BTC-28JUN19-10000-C,93.81,0.034,2.0,3,1558597409416,21877478,932
2019-05-23 07:55:48.281,1.0,sell,7595.62,BTC-28JUN19-10000-C,93.92,0.0335,1.0,2,1558598148281,21878179,933
2019-05-23 09:28:55.162,0.4,buy,7515.82,BTC-28JUN19-10000-C,94.19,0.032,0.4,2,1558603735162,21887654,934
2019-05-23 11:17:25.224,5.0,sell,7604.94,BTC-28JUN19-10000-C,92.98,0.033,5.0,0,1558610245224,21893477,935
2019-05-23 13:32:48.189,0.1,sell,7649.95,BTC-28JUN19-10000-C,93.58,0.0345,0.1,0,1558618368189,21901089,936
2019-05-23 14:04:35.445,4.7,buy,7701.79,BTC-28JUN19-10000-C,92.8,0.035,4.7,0,1558620275445,21902578,937
2019-05-23 14:04:35.445,5.5,buy,7701.79,BTC-28JUN19-10000-C,92.8,0.035,5.5,1,1558620275445,21902579,938
2019-05-23 14:04:40.451,3.4,buy,7710.8,BTC-28JUN19-10000-C,92.58,0.035,3.4,1,1558620280451,21902629,941
2019-05-23 14:04:40.451,0.2,buy,7710.8,BTC-28JUN19-10000-C,92.58,0.035,0.2,1,1558620280451,21902630,942
2019-05-23 14:04:40.451,4.3,buy,7710.8,BTC-28JUN19-10000-C,92.58,0.035,4.3,1,1558620280451,21902628,940
2019-05-23 14:04:40.451,4.9,buy,7710.8,BTC-28JUN19-10000-C,92.58,0.035,4.9,1,1558620280451,21902627,939
2019-05-23 14:04:40.759,2.8000000000000003,buy,7710.8,BTC-28JUN19-10000-C,92.58,0.035,2.8000000000000003,1,1558620280759,21902634,944
2019-05-23 14:04:40.759,1.2,buy,7710.8,BTC-28JUN19-10000-C,92.58,0.035,1.2,1,1558620280759,21902636,946
2019-05-23 14:04:40.759,1.2,buy,7710.8,BTC-28JUN19-10000-C,92.58,0.035,1.2,1,1558620280759,21902635,945
2019-05-23 14:04:40.759,3.0,buy,7710.8,BTC-28JUN19-10000-C,92.58,0.035,3.0,1,1558620280759,21902633,943
2019-05-23 14:04:40.759,4.6000000000000005,buy,7710.8,BTC-28JUN19-10000-C,92.58,0.035,4.6000000000000005,1,1558620280759,21902637,947
2019-05-23 14:04:40.803,1.9,buy,7710.8,BTC-28JUN19-10000-C,92.58,0.035,1.9,1,1558620280803,21902644,954
2019-05-23 14:04:40.803,2.3000000000000003,buy,7710.8,BTC-28JUN19-10000-C,92.58,0.035,2.3000000000000003,1,1558620280803,21902639,949
2019-05-23 14:04:40.803,0.3,buy,7710.8,BTC-28JUN19-10000-C,92.58,0.035,0.3,1,1558620280803,21902641,951
2019-05-23 14:04:40.803,1.7,buy,7710.8,BTC-28JUN19-10000-C,92.58,0.035,1.7,1,1558620280803,21902640,950
2019-05-23 14:04:40.803,1.6,buy,7710.8,BTC-28JUN19-10000-C,92.58,0.035,1.6,1,1558620280803,21902642,952
2019-05-23 14:04:40.803,2.3000000000000003,buy,7710.8,BTC-28JUN19-10000-C,92.58,0.035,2.3000000000000003,1,1558620280803,21902643,953
2019-05-23 14:04:40.803,1.3,buy,7710.8,BTC-28JUN19-10000-C,92.58,0.035,1.3,1,1558620280803,21902638,948
2019-05-23 14:08:11.125,10.7,buy,7712.02,BTC-28JUN19-10000-C,92.65,0.035,10.7,1,1558620491125,21902949,955
2019-05-23 14:08:42.902,5.1000000000000005,buy,7724.16,BTC-28JUN19-10000-C,92.3,0.035,5.1000000000000005,1,1558620522902,21903074,957
2019-05-23 14:08:42.902,3.5,buy,7724.16,BTC-28JUN19-10000-C,92.3,0.035,3.5,1,1558620522902,21903075,958
2019-05-23 14:08:42.902,1.4,buy,7724.16,BTC-28JUN19-10000-C,92.3,0.035,1.4,1,1558620522902,21903073,956
2019-05-23 14:14:34.747,3.3000000000000003,buy,7744.44,BTC-28JUN19-10000-C,91.72,0.035,3.3000000000000003,1,1558620874747,21903835,961
2019-05-23 14:14:34.747,0.8,buy,7744.44,BTC-28JUN19-10000-C,91.72,0.035,0.8,1,1558620874747,21903836,962
2019-05-23 14:14:34.747,0.5,buy,7744.44,BTC-28JUN19-10000-C,91.72,0.035,0.5,1,1558620874747,21903833,959
2019-05-23 14:14:34.747,5.5,buy,7744.44,BTC-28JUN19-10000-C,91.72,0.035,5.5,1,1558620874747,21903834,960
2019-05-23 14:35:33.651,0.1,buy,7730.08,BTC-28JUN19-10000-C,92.32,0.035,0.1,1,1558622133651,21906789,963
2019-05-23 15:13:01.722,6.9,buy,7774.42,BTC-28JUN19-10000-C,91.22,0.035,6.9,1,1558624381722,21909446,967
2019-05-23 15:13:01.722,1.4,buy,7774.42,BTC-28JUN19-10000-C,91.22,0.035,1.4,1,1558624381722,21909445,966
2019-05-23 15:13:01.722,0.2,buy,7774.42,BTC-28JUN19-10000-C,91.22,0.035,0.2,1,1558624381722,21909447,968
2019-05-23 15:13:01.722,0.5,buy,7774.42,BTC-28JUN19-10000-C,91.22,0.035,0.5,1,1558624381722,21909443,964
2019-05-23 15:13:01.722,3.8,buy,7774.42,BTC-28JUN19-10000-C,91.22,0.035,3.8,1,1558624381722,21909444,965
2019-05-23 15:13:01.799,1.8,buy,7774.42,BTC-28JUN19-10000-C,91.22,0.035,1.8,1,1558624381799,21909452,973
2019-05-23 15:13:01.799,2.8000000000000003,buy,7774.42,BTC-28JUN19-10000-C,91.22,0.035,2.8000000000000003,1,1558624381799,21909451,972
2019-05-23 15:13:01.799,0.4,buy,7774.42,BTC-28JUN19-10000-C,91.22,0.035,0.4,1,1558624381799,21909450,971
2019-05-23 15:13:01.799,2.4,buy,7774.42,BTC-28JUN19-10000-C,91.22,0.035,2.4,1,1558624381799,21909448,969
2019-05-23 15:13:01.799,2.0,buy,7774.42,BTC-28JUN19-10000-C,91.22,0.035,2.0,1,1558624381799,21909449,970
2019-05-23 15:13:01.799,2.2,buy,7774.42,BTC-28JUN19-10000-C,91.22,0.035,2.2,1,1558624381799,21909453,974
2019-05-23 20:07:01.413,0.1,buy,7846.67,BTC-28JUN19-10000-C,91.96,0.037000000000000005,0.1,0,1558642021413,21930361,975
2019-05-23 20:07:04.726,0.1,buy,7849.24,BTC-28JUN19-10000-C,92.94,0.038,0.1,0,1558642024726,21930380,976
2019-05-23 21:39:48.495,0.2,buy,7913.7,BTC-28JUN19-10000-C,91.56,0.0385,0.2,0,1558647588495,21937361,977
2019-05-23 22:25:30.935,1.0,buy,7940.12,BTC-28JUN19-10000-C,92.42,0.04,1.0,0,1558650330935,21942643,978
2019-05-24 04:38:48.749,0.1,buy,7861.79,BTC-28JUN19-10000-C,92.19,0.038,0.1,2,1558672728749,21962140,979
2019-05-24 05:07:07.208,0.1,sell,7838.37,BTC-28JUN19-10000-C,92.41,0.0375,0.1,2,1558674427208,21962609,980
2019-05-24 07:04:25.201,0.5,buy,7885.16,BTC-28JUN19-10000-C,90.98,0.0375,0.5,3,1558681465201,21966498,981
2019-05-24 08:03:43.922,0.5,buy,7903.13,BTC-28JUN19-10000-C,91.19,0.038,0.5,0,1558685023922,21969258,982
2019-05-24 08:03:43.922,0.3,buy,7903.13,BTC-28JUN19-10000-C,91.69,0.0385,0.3,0,1558685023922,21969259,983
2019-05-24 11:14:56.654,1.5,buy,8009.57,BTC-28JUN19-10000-C,92.16,0.042,1.5,0,1558696496654,21982041,984
2019-05-24 14:49:52.353,0.2,buy,8036.31,BTC-28JUN19-10000-C,89.41,0.04,0.2,2,1558709392353,21992261,985
2019-05-24 14:57:37.579,0.8,buy,8061.12,BTC-28JUN19-10000-C,88.72,0.04,0.8,3,1558709857579,21993169,988
2019-05-24 14:57:37.579,3.8,buy,8061.12,BTC-28JUN19-10000-C,88.72,0.04,3.8,3,1558709857579,21993167,986
2019-05-24 14:57:37.579,5.4,buy,8061.12,BTC-28JUN19-10000-C,88.72,0.04,5.4,3,1558709857579,21993168,987
2019-05-24 14:58:23.222,10.0,buy,8067.57,BTC-28JUN19-10000-C,88.56,0.04,10.0,3,1558709903222,21993348,989
2019-05-24 15:00:00.782,1.3,buy,8066.84,BTC-28JUN19-10000-C,88.55,0.04,1.3,3,1558710000782,21993445,990
2019-05-24 15:00:00.782,0.7000000000000001,buy,8066.84,BTC-28JUN19-10000-C,88.55,0.04,0.7000000000000001,3,1558710000782,21993446,991
2019-05-24 15:00:33.316,5.0,sell,8067.69,BTC-28JUN19-10000-C,88.07,0.0395,5.0,2,1558710033316,21993498,992
2019-05-24 15:00:33.316,11.0,sell,8067.69,BTC-28JUN19-10000-C,87.58,0.039,11.0,2,1558710033316,21993500,994
2019-05-24 15:00:33.316,4.0,sell,8067.69,BTC-28JUN19-10000-C,88.07,0.0395,4.0,3,1558710033316,21993499,993
2019-05-24 15:01:28.370,4.3,buy,8081.53,BTC-28JUN19-10000-C,88.03,0.04,4.3,0,1558710088370,21993828,995
2019-05-24 15:01:28.370,1.3,buy,8081.53,BTC-28JUN19-10000-C,88.03,0.04,1.3,1,1558710088370,21993830,997
2019-05-24 15:01:28.370,3.3000000000000003,buy,8081.53,BTC-28JUN19-10000-C,88.03,0.04,3.3000000000000003,1,1558710088370,21993829,996
2019-05-24 15:01:28.370,1.8,buy,8081.53,BTC-28JUN19-10000-C,88.03,0.04,1.8,1,1558710088370,21993831,998
2019-05-24 15:01:29.869,2.0,buy,8081.53,BTC-28JUN19-10000-C,88.03,0.04,2.0,1,1558710089869,21993855,999
2019-05-24 15:01:29.869,1.3,buy,8081.53,BTC-28JUN19-10000-C,88.03,0.04,1.3,1,1558710089869,21993856,1000
2019-05-24 15:01:29.869,6.7,buy,8081.53,BTC-28JUN19-10000-C,88.03,0.04,6.7,1,1558710089869,21993857,1001
2019-05-24 15:01:36.392,0.2,buy,8082.45,BTC-28JUN19-10000-C,87.98,0.04,0.2,1,1558710096392,21993878,1002
2019-05-24 15:01:36.392,0.3,buy,8082.45,BTC-28JUN19-10000-C,87.98,0.04,0.3,1,1558710096392,21993881,1005
2019-05-24 15:01:36.392,2.6,buy,8082.45,BTC-28JUN19-10000-C,87.98,0.04,2.6,1,1558710096392,21993879,1003
2019-05-24 15:01:36.392,1.9,buy,8082.45,BTC-28JUN19-10000-C,87.98,0.04,1.9,1,1558710096392,21993880,1004
2019-05-24 15:01:37.332,0.1,buy,8082.48,BTC-28JUN19-10000-C,87.98,0.04,0.1,1,1558710097332,21993883,1006
2019-05-24 15:01:37.332,0.4,buy,8082.48,BTC-28JUN19-10000-C,87.98,0.04,0.4,1,1558710097332,21993884,1007
2019-05-24 15:02:22.504,1.4,buy,8084.86,BTC-28JUN19-10000-C,87.91,0.04,1.4,1,1558710142504,21994010,1008
2019-05-24 15:02:22.504,2.7,buy,8084.86,BTC-28JUN19-10000-C,87.91,0.04,2.7,1,1558710142504,21994011,1009
2019-05-24 15:02:22.504,2.1,buy,8084.86,BTC-28JUN19-10000-C,87.91,0.04,2.1,1,1558710142504,21994012,1010
2019-05-24 15:20:23.199,1.0,buy,8138.24,BTC-28JUN19-10000-C,89.43,0.043,1.0,0,1558711223199,21997556,1011
2019-05-24 18:21:17.495,0.2,sell,8080.77,BTC-28JUN19-10000-C,91.29,0.043,0.2,1,1558722077495,22010675,1012
2019-05-24 23:09:45.493,5.0,sell,7974.26,BTC-28JUN19-10000-C,92.64,0.041,5.0,2,1558739385493,22025798,1013
2019-05-24 23:28:05.509,2.0,sell,7942.81,BTC-28JUN19-10000-C,92.53,0.04,2.0,2,1558740485509,22028050,1014
2019-05-25 08:51:45.380,0.2,buy,8025.52,BTC-28JUN19-10000-C,90.21,0.0395,0.2,2,1558774305380,22043626,1015
2019-05-25 10:08:52.387,1.0,buy,8121.75,BTC-28JUN19-10000-C,88.55,0.040999999999999995,1.0,0,1558778932387,22047610,1016
2019-05-25 11:25:18.546,5.0,sell,8129.49,BTC-28JUN19-10000-C,88.56,0.041,5.0,1,1558783518546,22051714,1017
2019-05-25 19:16:02.787,1.2,sell,8046.56,BTC-28JUN19-10000-C,89.27,0.0385,1.2,2,1558811762787,22069282,1018
2019-05-25 19:16:02.787,0.1,sell,8046.56,BTC-28JUN19-10000-C,89.27,0.0385,0.1,3,1558811762787,22069283,1019
2019-05-25 20:34:58.193,16.0,sell,8042.81,BTC-28JUN19-10000-C,86.26,0.0355,16.0,3,1558816498193,22072883,1021
2019-05-25 20:34:58.193,10.0,sell,8042.81,BTC-28JUN19-10000-C,86.26,0.0355,10.0,2,1558816498193,22072882,1020
2019-05-25 20:42:28.709,7.1000000000000005,sell,8051.74,BTC-28JUN19-10000-C,84.9,0.0345,7.1000000000000005,2,1558816948709,22072977,1022
2019-05-25 21:42:28.043,16.0,buy,8067.7,BTC-28JUN19-10000-C,92.96,0.043,16.0,0,1558820548043,22075019,1025
2019-05-25 21:42:28.043,4.3,buy,8067.7,BTC-28JUN19-10000-C,94.91,0.045,4.3,1,1558820548043,22075021,1027
2019-05-25 21:42:28.043,0.1,buy,8067.7,BTC-28JUN19-10000-C,90.01,0.04,0.1,0,1558820548043,22075017,1023
2019-05-25 21:42:28.043,10.0,buy,8067.7,BTC-28JUN19-10000-C,91.0,0.041,10.0,0,1558820548043,22075018,1024
2019-05-25 21:42:28.043,1.6,buy,8067.7,BTC-28JUN19-10000-C,99.69,0.05,1.6,0,1558820548043,22075022,1028
2019-05-25 21:42:28.043,1.0,buy,8067.7,BTC-28JUN19-10000-C,94.91,0.045,1.0,0,1558820548043,22075020,1026
2019-05-26 13:33:58.713,1.0,buy,7964.05,BTC-28JUN19-10000-C,90.98,0.037000000000000005,1.0,2,1558877638713,22103638,1029
2019-05-26 18:28:46.690,0.1,buy,8008.23,BTC-28JUN19-10000-C,89.75,0.0365,0.1,2,1558895326690,22111552,1030
2019-05-26 18:37:15.563,0.8,sell,8019.29,BTC-28JUN19-10000-C,89.42,0.0365,0.8,3,1558895835563,22111769,1031
2019-05-26 18:37:22.916,0.1,sell,8019.33,BTC-28JUN19-10000-C,89.43,0.0365,0.1,3,1558895842916,22111789,1032
2019-05-26 19:10:25.796,0.1,buy,8065.52,BTC-28JUN19-10000-C,88.22,0.0365,0.1,3,1558897825796,22113463,1033
2019-05-26 19:27:57.102,5.0,buy,8164.46,BTC-28JUN19-10000-C,85.52,0.037000000000000005,5.0,0,1558898877102,22117582,1034
2019-05-26 19:28:10.892,1.0,buy,8176.92,BTC-28JUN19-10000-C,84.85,0.037000000000000005,1.0,1,1558898890892,22118517,1035
2019-05-26 19:28:42.184,11.0,buy,8199.47,BTC-28JUN19-10000-C,83.73,0.037000000000000005,11.0,1,1558898922184,22119598,1036
2019-05-26 19:30:54.742,6.0,buy,8285.94,BTC-28JUN19-10000-C,84.63,0.042,6.0,0,1558899054742,22124216,1037
2019-05-26 19:38:30.118,3.4,buy,8550.63,BTC-28JUN19-10000-C,82.76,0.05,3.4,0,1558899510118,22141404,1038
2019-05-26 20:01:25.534,0.1,buy,8625.72,BTC-28JUN19-10000-C,84.72,0.055,0.1,0,1558900885534,22164734,1039
2019-05-26 20:01:45.532,0.5,buy,8646.87,BTC-28JUN19-10000-C,85.22,0.0565,0.5,0,1558900905532,22165237,1040
2019-05-26 20:06:11.539,1.0,buy,8714.02,BTC-28JUN19-10000-C,84.34,0.058,1.0,0,1558901171539,22170755,1041
2019-05-26 20:07:14.456,1.0,buy,8770.44,BTC-28JUN19-10000-C,83.88,0.06,1.0,0,1558901234456,22172796,1042
2019-05-26 22:11:08.774,0.1,buy,8673.96,BTC-28JUN19-10000-C,89.73,0.063,0.1,0,1558908668774,22213505,1043
2019-05-26 22:21:31.970,0.9,buy,8732.0,BTC-28JUN19-10000-C,88.02,0.063,0.9,1,1558909291970,22218035,1044
2019-05-26 22:21:51.879,0.1,buy,8734.95,BTC-28JUN19-10000-C,89.68,0.065,0.1,0,1558909311879,22218147,1045
2019-05-26 22:31:43.431,1.0,sell,8690.43,BTC-28JUN19-10000-C,86.95,0.06,1.0,2,1558909903431,22221711,1046
2019-05-26 22:42:48.865,25.0,sell,8664.7,BTC-28JUN19-10000-C,88.14,0.0605,25.0,0,1558910568865,22223729,1047
2019-05-26 22:43:49.679,1.0,sell,8650.92,BTC-28JUN19-10000-C,92.57,0.065,1.0,0,1558910629679,22223909,1048
2019-05-26 22:44:26.873,0.2,sell,8648.47,BTC-28JUN19-10000-C,92.69,0.065,0.2,1,1558910666873,22224036,1049
2019-05-26 22:44:57.852,0.5,sell,8647.48,BTC-28JUN19-10000-C,92.65,0.065,0.5,1,1558910697852,22224087,1050
2019-05-26 22:49:44.836,0.2,buy,8651.69,BTC-28JUN19-10000-C,96.53,0.07,0.2,0,1558910984836,22224596,1051
2019-05-26 22:49:56.823,15.0,sell,8653.71,BTC-28JUN19-10000-C,92.48,0.0655,15.0,2,1558910996823,22224634,1052
2019-05-26 22:50:40.998,10.0,sell,8661.01,BTC-28JUN19-10000-C,92.16,0.0655,10.0,3,1558911040998,22224692,1053
2019-05-26 23:22:32.105,5.0,sell,8697.4,BTC-28JUN19-10000-C,91.19,0.065,5.0,2,1558912952105,22228082,1054
2019-05-26 23:22:36.273,1.0,sell,8698.13,BTC-28JUN19-10000-C,91.27,0.065,1.0,3,1558912956273,22228088,1055
2019-05-26 23:32:41.914,20.0,sell,8734.85,BTC-28JUN19-10000-C,88.99,0.0635,20.0,2,1558913561914,22229527,1056
2019-05-26 23:35:01.922,1.0,sell,8754.12,BTC-28JUN19-10000-C,88.36,0.0635,1.0,3,1558913701922,22229865,1057
2019-05-27 00:08:48.179,4.8,buy,8836.43,BTC-28JUN19-10000-C,92.3,0.07,4.8,0,1558915728179,22236781,1058
2019-05-27 00:21:16.653,0.2,buy,8903.52,BTC-28JUN19-10000-C,95.73,0.077,0.2,0,1558916476653,22242234,1059
2019-05-27 00:23:39.668,10.0,sell,8906.59,BTC-28JUN19-10000-C,95.9,0.077,10.0,1,1558916619668,22243401,1060
2019-05-27 00:27:19.928,5.0,sell,8894.77,BTC-28JUN19-10000-C,96.57,0.077,5.0,1,1558916839928,22244946,1061
2019-05-27 00:28:45.550,0.5,sell,8886.65,BTC-28JUN19-10000-C,95.74,0.076,0.5,2,1558916925550,22245769,1062
2019-05-27 00:32:34.031,9.5,sell,8870.81,BTC-28JUN19-10000-C,96.53,0.076,9.5,3,1558917154031,22246809,1063
2019-05-27 00:51:08.295,0.3,buy,8881.0,BTC-28JUN19-10000-C,97.13,0.077,0.3,0,1558918268295,22251499,1064
2019-05-27 01:00:53.540,2.0,buy,8909.45,BTC-28JUN19-10000-C,96.26,0.077,2.0,1,1558918853540,22253923,1065
2019-05-27 01:36:54.788,8.1,sell,8839.3,BTC-28JUN19-10000-C,96.93,0.075,8.1,2,1558921014788,22260123,1066
2019-05-27 01:36:55.173,3.2,sell,8839.36,BTC-28JUN19-10000-C,96.93,0.075,3.2,3,1558921015173,22260124,1067
2019-05-27 01:37:07.388,0.1,sell,8839.53,BTC-28JUN19-10000-C,96.87,0.075,0.1,3,1558921027388,22260135,1069
2019-05-27 01:37:07.388,13.7,sell,8839.53,BTC-28JUN19-10000-C,96.87,0.075,13.7,3,1558921027388,22260134,1068
2019-05-27 04:38:00.937,1.0,buy,8700.5,BTC-28JUN19-10000-C,98.34,0.07200000000000001,1.0,2,1558931880937,22274602,1070
2019-05-27 05:57:40.309,0.2,buy,8735.4,BTC-28JUN19-10000-C,95.24,0.07,0.2,2,1558936660309,22276964,1071
2019-05-27 07:21:10.207,10.0,buy,8804.31,BTC-28JUN19-10000-C,96.59,0.07400000000000001,10.0,0,1558941670207,22279221,1072
2019-05-27 08:37:06.154,1.0,sell,8752.05,BTC-28JUN19-10000-C,94.14,0.069,1.0,2,1558946226154,22281797,1073
2019-05-27 08:59:02.436,0.3,buy,8729.77,BTC-28JUN19-10000-C,98.7,0.0735,0.3,0,1558947542436,22282354,1074
2019-05-27 08:59:17.537,0.2,buy,8728.37,BTC-28JUN19-10000-C,98.73,0.0735,0.2,1,1558947557537,22282362,1075
2019-05-27 09:33:48.967,0.7000000000000001,buy,8765.48,BTC-28JUN19-10000-C,97.46,0.0735,0.7000000000000001,1,1558949628967,22283570,1076
2019-05-27 10:31:13.154,5.0,buy,8730.16,BTC-28JUN19-10000-C,98.23,0.073,5.0,2,1558953073154,22286195,1077
2019-05-27 11:25:43.367,0.3,sell,8681.75,BTC-28JUN19-10000-C,97.05,0.07,0.3,2,1558956343367,22288893,1078
2019-05-27 11:25:43.367,0.1,sell,8681.75,BTC-28JUN19-10000-C,97.05,0.07,0.1,3,1558956343367,22288894,1079
2019-05-27 13:02:05.674,2.7,buy,8844.82,BTC-28JUN19-10000-C,97.74,0.077,2.7,0,1558962125674,22299679,1080
2019-05-27 13:16:26.903,0.1,buy,8818.75,BTC-28JUN19-10000-C,99.06,0.077,0.1,1,1558962986903,22301385,1081
2019-05-27 14:07:39.519,1.0,sell,8771.74,BTC-28JUN19-10000-C,97.98,0.07400000000000001,1.0,2,1558966059519,22305081,1082
2019-05-27 14:07:53.533,1.0,sell,8772.71,BTC-28JUN19-10000-C,97.98,0.07400000000000001,1.0,3,1558966073533,22305098,1083
2019-05-27 14:24:20.934,0.1,sell,8794.19,BTC-28JUN19-10000-C,95.91,0.0725,0.1,2,1558967060934,22305979,1084
2019-05-27 15:13:00.114,5.0,buy,8858.79,BTC-28JUN19-10000-C,95.88,0.0755,5.0,0,1558969980114,22310118,1085
2019-05-27 15:48:15.813,2.5,sell,8867.25,BTC-28JUN19-10000-C,94.7,0.0745,2.5,2,1558972095813,22316632,1086
2019-05-27 16:21:21.823,0.1,buy,8869.84,BTC-28JUN19-10000-C,99.05,0.0785,0.1,0,1558974081823,22320426,1087
2019-05-27 16:43:12.884,1.7,sell,8701.72,BTC-28JUN19-10000-C,94.06,0.067,1.7,2,1558975392884,22325908,1089
2019-05-27 16:43:12.884,0.4,sell,8701.72,BTC-28JUN19-10000-C,98.89,0.0725,0.4,2,1558975392884,22325907,1088
2019-05-27 16:53:03.656,1.0,buy,8719.92,BTC-28JUN19-10000-C,99.83,0.07400000000000001,1.0,0,1558975983656,22334373,1090
2019-05-27 17:26:17.415,10.0,buy,8733.76,BTC-28JUN19-10000-C,100.56,0.075,10.0,0,1558977977415,22341883,1091
2019-05-27 17:26:17.415,4.0,buy,8733.76,BTC-28JUN19-10000-C,100.56,0.075,4.0,1,1558977977415,22341884,1092
2019-05-27 18:56:59.084,1.0,sell,8809.33,BTC-28JUN19-10000-C,98.94,0.076,1.0,0,1558983419084,22348902,1093
2019-05-27 18:57:09.421,1.0,sell,8805.15,BTC-28JUN19-10000-C,99.1,0.076,1.0,1,1558983429421,22348978,1094
2019-05-27 18:57:09.802,1.0,sell,8805.15,BTC-28JUN19-10000-C,99.1,0.076,1.0,1,1558983429802,22348979,1095
2019-05-27 18:57:10.106,2.0,sell,8805.15,BTC-28JUN19-10000-C,99.1,0.076,2.0,1,1558983430106,22348981,1096
2019-05-27 19:55:38.643,0.1,sell,8811.31,BTC-28JUN19-10000-C,94.83,0.071,0.1,2,1558986938643,22352708,1097
2019-05-27 23:10:23.511,6.0,sell,8809.74,BTC-28JUN19-10000-C,96.17,0.07200000000000001,6.0,0,1558998623511,22361942,1098
2019-05-28 00:35:40.495,5.0,sell,8766.29,BTC-28JUN19-10000-C,93.98,0.0685,5.0,2,1559003740495,22369532,1099
2019-05-28 00:40:55.829,5.0,sell,8785.41,BTC-28JUN19-10000-C,93.42,0.0685,5.0,3,1559004055829,22369879,1100
2019-05-28 00:57:35.940,6.7,sell,8761.13,BTC-28JUN19-10000-C,92.41,0.0665,6.7,2,1559005055940,22370338,1101
2019-05-28 08:46:46.730,1.0,buy,8716.93,BTC-28JUN19-10000-C,92.4,0.0635,1.0,2,1559033206730,22391692,1102
2019-05-28 10:07:30.988,1.0,sell,8694.18,BTC-28JUN19-10000-C,92.37,0.063,1.0,2,1559038050988,22394866,1103
2019-05-28 12:14:06.621,5.0,buy,8741.72,BTC-28JUN19-10000-C,92.31,0.064,5.0,0,1559045646621,22402405,1104
2019-05-28 16:25:11.745,1.0,sell,8659.0,BTC-28JUN19-10000-C,92.72,0.06,1.0,2,1559060711745,22425558,1105
2019-05-28 17:47:51.174,3.0,sell,8756.07,BTC-28JUN19-10000-C,92.87,0.064,3.0,0,1559065671174,22433477,1106
2019-05-28 18:46:56.566,0.1,sell,8735.42,BTC-28JUN19-10000-C,92.55,0.063,0.1,2,1559069216566,22437597,1107
2019-05-28 20:12:45.196,4.0,buy,8705.29,BTC-28JUN19-10000-C,91.69,0.061,4.0,2,1559074365196,22445945,1108
2019-05-29 05:33:25.107,3.0,buy,8545.15,BTC-28JUN19-10000-C,95.14,0.0555,3.0,2,1559108005107,22473991,1109
2019-05-29 06:22:07.042,0.2,sell,8523.99,BTC-28JUN19-10000-C,91.42,0.0505,0.2,2,1559110927042,22482036,1110
2019-05-29 06:22:26.539,0.2,sell,8524.43,BTC-28JUN19-10000-C,91.44,0.0505,0.2,3,1559110946539,22482045,1111
2019-05-29 06:58:17.109,0.1,buy,8513.2,BTC-28JUN19-10000-C,95.31,0.054000000000000006,0.1,0,1559113097109,22484558,1112
2019-05-29 10:16:16.859,1.0,buy,8644.9,BTC-28JUN19-10000-C,92.12,0.055,1.0,0,1559124976859,22498940,1113
2019-05-29 10:17:50.159,5.0,sell,8641.61,BTC-28JUN19-10000-C,91.19,0.054000000000000006,5.0,2,1559125070159,22499000,1114
2019-05-29 10:17:50.316,1.0,buy,8641.61,BTC-28JUN19-10000-C,91.19,0.054000000000000006,1.0,3,1559125070316,22499001,1115
2019-05-29 10:22:18.803,13.0,sell,8639.67,BTC-28JUN19-10000-C,90.68,0.0535,13.0,2,1559125338803,22499241,1116
2019-05-29 13:17:42.689,1.0,buy,8671.95,BTC-28JUN19-10000-C,91.16,0.055,1.0,0,1559135862689,22508527,1117
2019-05-29 13:30:16.656,0.1,buy,8722.71,BTC-28JUN19-10000-C,92.44,0.058,0.1,0,1559136616656,22510660,1118
2019-05-29 13:30:21.141,0.1,buy,8722.24,BTC-28JUN19-10000-C,92.46,0.058,0.1,1,1559136621141,22510675,1119
2019-05-29 14:54:15.742,4.0,sell,8702.83,BTC-28JUN19-10000-C,88.97,0.054000000000000006,4.0,2,1559141655742,22520778,1120
2019-05-29 16:01:30.135,1.0,sell,8676.36,BTC-28JUN19-10000-C,90.91,0.055,1.0,0,1559145690135,22525246,1121
2019-05-29 20:10:24.992,0.1,buy,8716.26,BTC-28JUN19-10000-C,89.35,0.054000000000000006,0.1,2,1559160624992,22536418,1122
2019-05-30 05:07:33.555,17.900000000000006,buy,8735.28,BTC-28JUN19-10000-C,90.55,0.0565,17.900000000000006,0,1559192853555,22578824,1123
2019-05-30 05:07:33.655,7.1000000000000005,buy,8735.28,BTC-28JUN19-10000-C,90.55,0.0565,7.1000000000000005,1,1559192853655,22578826,1124
2019-05-30 05:35:31.628,0.5,buy,8745.49,BTC-28JUN19-10000-C,91.85,0.0585,0.5,0,1559194531628,22583234,1125
2019-05-30 05:35:31.628,5.5,buy,8745.49,BTC-28JUN19-10000-C,91.85,0.0585,5.5,1,1559194531628,22583235,1126
2019-05-30 07:19:49.677,2.5,sell,8708.06,BTC-28JUN19-10000-C,92.86,0.058,2.5,2,1559200789677,22587261,1127
2019-05-30 07:20:46.836,2.5,sell,8701.49,BTC-28JUN19-10000-C,93.06,0.058,2.5,3,1559200846836,22587299,1128
2019-05-30 07:22:02.202,1.0,sell,8702.13,BTC-28JUN19-10000-C,93.16,0.058,1.0,3,1559200922202,22587318,1129
2019-05-30 07:51:04.524,4.0,sell,8706.89,BTC-28JUN19-10000-C,93.01,0.058,4.0,3,1559202664524,22588265,1130
2019-05-30 15:48:53.707,3.0,sell,8837.21,BTC-28JUN19-10000-C,90.66,0.0595,3.0,0,1559231333707,22614474,1131
2019-05-30 16:04:05.773,0.3,buy,9083.29,BTC-28JUN19-10000-C,92.54,0.0715,0.3,0,1559232245773,22624460,1132
2019-05-30 16:17:14.722,10.0,sell,8610.48,BTC-28JUN19-10000-C,92.56,0.0515,10.0,2,1559233034722,22638584,1133
2019-05-30 17:03:35.545,0.2,sell,8645.71,BTC-28JUN19-10000-C,89.49,0.0505,0.2,2,1559235815545,22659610,1134
2019-05-30 18:06:06.006,0.8,sell,8616.27,BTC-28JUN19-10000-C,89.52,0.049,0.8,2,1559239566006,22671392,1135
2019-05-30 18:22:16.142,0.3,buy,8633.47,BTC-28JUN19-10000-C,88.39,0.0485,0.3,2,1559240536142,22672424,1136
2019-05-30 18:38:46.033,0.2,buy,8619.25,BTC-28JUN19-10000-C,89.1,0.0485,0.2,3,1559241526033,22672980,1137
2019-05-30 18:41:26.732,0.2,buy,8633.33,BTC-28JUN19-10000-C,88.6,0.0485,0.2,3,1559241686732,22673075,1138
2019-05-30 18:57:57.626,0.2,buy,8651.6,BTC-28JUN19-10000-C,88.69,0.049,0.2,0,1559242677626,22673749,1139
2019-05-30 21:27:58.311,4.1,sell,8013.55,BTC-28JUN19-10000-C,97.87,0.037000000000000005,4.1,2,1559251678311,22719278,1140
2019-05-30 23:36:44.454,5.0,sell,8300.06,BTC-28JUN19-10000-C,94.98,0.043,5.0,0,1559259404454,22751314,1141
2019-05-31 04:25:26.039,0.5,buy,8247.9,BTC-28JUN19-10000-C,96.53,0.042,0.5,2,1559276726039,22767735,1142
2019-05-31 04:39:55.065,1.0,sell,8174.89,BTC-28JUN19-10000-C,94.31,0.038,1.0,2,1559277595065,22769154,1143
2019-05-31 04:52:21.070,1.0,sell,8158.94,BTC-28JUN19-10000-C,94.3,0.0375,1.0,2,1559278341070,22770335,1144
2019-05-31 08:08:35.715,0.3,sell,8273.56,BTC-28JUN19-10000-C,90.42,0.037000000000000005,0.3,2,1559290115715,22782779,1145
2019-05-31 10:09:40.216,0.2,sell,8307.42,BTC-28JUN19-10000-C,87.17,0.0345,0.2,2,1559297380216,22788308,1146
2019-05-31 10:14:14.447,0.2,buy,8321.5,BTC-28JUN19-10000-C,92.68,0.04,0.2,0,1559297654447,22788442,1147
2019-05-31 10:56:17.869,1.0,sell,8270.57,BTC-28JUN19-10000-C,88.99,0.0355,1.0,2,1559300177869,22790400,1148
2019-05-31 12:58:59.095,5.0,sell,8292.6,BTC-28JUN19-10000-C,91.03,0.038,5.0,0,1559307539095,22797700,1149
2019-05-31 13:06:41.534,0.1,buy,8374.75,BTC-28JUN19-10000-C,91.65,0.041,0.1,0,1559308001534,22799569,1150
2019-05-31 13:06:41.536,9.9,sell,8374.75,BTC-28JUN19-10000-C,91.65,0.041,9.9,1,1559308001536,22799570,1151
2019-05-31 13:09:55.031,1.0,buy,8396.26,BTC-28JUN19-10000-C,92.23,0.042,1.0,0,1559308195031,22800569,1152
2019-05-31 16:41:28.813,1.0,sell,8427.09,BTC-28JUN19-10000-C,85.99,0.037000000000000005,1.0,2,1559320888813,22821022,1153
2019-05-31 16:42:32.056,1.0,sell,8429.94,BTC-28JUN19-10000-C,85.78,0.037000000000000005,1.0,3,1559320952056,22821114,1154
2019-05-31 18:10:42.286,5.0,sell,8433.07,BTC-28JUN19-10000-C,86.09,0.0375,5.0,0,1559326242286,22827874,1155
2019-05-31 18:20:18.139,5.0,buy,8433.72,BTC-28JUN19-10000-C,87.21,0.0385,5.0,0,1559326818139,22828438,1156
2019-05-31 18:57:59.086,3.7,sell,8394.22,BTC-28JUN19-10000-C,85.94,0.0365,3.7,3,1559329079086,22832667,1158
2019-05-31 18:57:59.086,19.3,sell,8394.22,BTC-28JUN19-10000-C,85.94,0.0365,19.3,2,1559329079086,22832666,1157
2019-05-31 19:16:49.552,0.1,sell,8413.62,BTC-28JUN19-10000-C,85.88,0.037000000000000005,0.1,0,1559330209552,22833276,1159
2019-05-31 19:16:56.623,0.9,buy,8413.58,BTC-28JUN19-10000-C,85.89,0.037000000000000005,0.9,1,1559330216623,22833277,1160
2019-05-31 19:36:49.975,5.0,buy,8413.73,BTC-28JUN19-10000-C,87.5,0.0385,5.0,0,1559331409975,22833738,1161
2019-05-31 20:48:24.615,6.0,buy,8468.95,BTC-28JUN19-10000-C,87.2,0.0405,6.0,1,1559335704615,22839663,1163
2019-05-31 20:48:24.615,10.0,buy,8468.95,BTC-28JUN19-10000-C,87.2,0.0405,10.0,0,1559335704615,22839662,1162
2019-06-01 00:46:30.087,2.0,buy,8535.14,BTC-28JUN19-10000-C,87.18,0.0425,2.0,0,1559349990087,22855116,1164
2019-06-01 00:48:53.797,1.0,buy,8540.19,BTC-28JUN19-10000-C,86.88,0.0425,1.0,1,1559350133797,22855284,1165
2019-06-01 01:41:39.985,2.0,sell,8537.88,BTC-28JUN19-10000-C,85.46,0.0415,2.0,2,1559353299985,22859229,1166
2019-06-01 04:04:14.997,0.4,buy,8532.08,BTC-28JUN19-10000-C,87.54,0.043,0.4,0,1559361854997,22862733,1167
2019-06-01 04:05:03.481,0.2,buy,8534.78,BTC-28JUN19-10000-C,87.38,0.043,0.2,1,1559361903481,22862758,1168
2019-06-01 04:28:03.131,1.4,buy,8527.49,BTC-28JUN19-10000-C,87.73,0.043,1.4,1,1559363283131,22863442,1169
2019-06-01 05:48:00.122,12.5,buy,8521.1,BTC-28JUN19-10000-C,89.25,0.044,12.5,0,1559368080122,22865971,1170
2019-06-01 10:11:32.227,10.0,buy,8595.14,BTC-28JUN19-10000-C,89.13,0.0455,10.0,0,1559383892227,22877636,1171
2019-06-01 10:23:40.183,5.0,sell,8591.9,BTC-28JUN19-10000-C,89.23,0.0455,5.0,1,1559384620183,22877974,1172
2019-06-01 12:49:30.013,2.0,buy,8555.43,BTC-28JUN19-10000-C,89.42,0.044,2.0,2,1559393370013,22882108,1173
2019-06-01 22:52:11.885,2.5,buy,8580.57,BTC-28JUN19-10000-C,84.93,0.04,2.5,2,1559429531885,22903631,1174
2019-06-01 22:52:13.857,2.5,buy,8580.57,BTC-28JUN19-10000-C,84.93,0.04,2.5,3,1559429533857,22903632,1175
2019-06-01 22:52:16.949,2.5,buy,8580.51,BTC-28JUN19-10000-C,84.92,0.04,2.5,3,1559429536949,22903635,1176
2019-06-01 23:06:13.550,2.5,buy,8590.93,BTC-28JUN19-10000-C,84.71,0.04,2.5,3,1559430373550,22903964,1177
2019-06-02 00:15:41.346,10.0,buy,8573.82,BTC-28JUN19-10000-C,86.88,0.041,10.0,0,1559434541346,22906522,1178
2019-06-02 00:16:47.859,7.5,buy,8572.01,BTC-28JUN19-10000-C,87.48,0.0415,7.5,0,1559434607859,22906529,1179
2019-06-02 00:16:55.655,2.5,sell,8571.6,BTC-28JUN19-10000-C,87.49,0.0415,2.5,1,1559434615655,22906530,1180
2019-06-02 00:17:32.119,2.0,buy,8572.45,BTC-28JUN19-10000-C,87.99,0.042,2.0,0,1559434652119,22906531,1181
2019-06-02 00:49:41.046,1.0,sell,8574.53,BTC-28JUN19-10000-C,83.63,0.038,1.0,2,1559436581046,22907413,1182
2019-06-02 01:01:47.458,2.0,buy,8570.07,BTC-28JUN19-10000-C,87.95,0.042,2.0,1,1559437307458,22907632,1184
2019-06-02 01:01:47.458,8.0,buy,8570.07,BTC-28JUN19-10000-C,87.95,0.042,8.0,0,1559437307458,22907631,1183
2019-06-02 01:17:28.669,4.0,buy,8587.7,BTC-28JUN19-10000-C,88.43,0.043,4.0,0,1559438248669,22908369,1185
2019-06-02 01:55:30.379,4.0,sell,8573.58,BTC-28JUN19-10000-C,86.5,0.0405,4.0,2,1559440530379,22909839,1186
2019-06-02 02:08:58.109,5.0,buy,8578.88,BTC-28JUN19-10000-C,88.51,0.0425,5.0,0,1559441338109,22910080,1187
2019-06-02 07:40:49.236,2.0,buy,8719.03,BTC-28JUN19-10000-C,84.47,0.043,2.0,0,1559461249236,22919975,1188
2019-06-02 07:43:46.878,2.0,buy,8721.68,BTC-28JUN19-10000-C,84.34,0.043,2.0,1,1559461426878,22920521,1189
2019-06-02 07:44:46.685,2.0,buy,8724.98,BTC-28JUN19-10000-C,84.3,0.043,2.0,1,1559461486685,22920713,1190
2019-06-02 08:31:17.675,0.1,buy,8736.92,BTC-28JUN19-10000-C,84.76,0.044,0.1,0,1559464277675,22924694,1191
2019-06-02 08:32:31.465,0.1,buy,8736.67,BTC-28JUN19-10000-C,84.62,0.044,0.1,1,1559464351465,22925081,1192
2019-06-02 08:36:39.037,7.5,buy,8743.65,BTC-28JUN19-10000-C,84.4,0.044,7.5,1,1559464599037,22925396,1193
2019-06-02 08:36:43.807,2.0,buy,8747.55,BTC-28JUN19-10000-C,84.22,0.044,2.0,1,1559464603807,22925440,1194
2019-06-02 08:36:44.437,0.3,buy,8747.69,BTC-28JUN19-10000-C,84.19,0.044,0.3,1,1559464604437,22925442,1195
2019-06-02 12:07:31.036,1.0,buy,8815.95,BTC-28JUN19-10000-C,91.16,0.053,1.0,0,1559477251036,22934035,1196
2019-06-02 12:08:45.703,1.0,buy,8792.78,BTC-28JUN19-10000-C,89.74,0.0505,1.0,2,1559477325703,22934251,1197
2019-06-02 12:29:33.960,0.1,buy,8806.06,BTC-28JUN19-10000-C,89.47,0.0505,0.1,3,1559478573960,22935895,1198
2019-06-02 12:29:33.960,2.4,buy,8806.06,BTC-28JUN19-10000-C,90.98,0.052000000000000005,2.4,0,1559478573960,22935896,1199
2019-06-02 14:47:55.807,0.1,sell,8681.97,BTC-28JUN19-10000-C,85.42,0.042,0.1,2,1559486875807,22949494,1200
2019-06-02 18:46:45.983,0.8,sell,8684.76,BTC-28JUN19-10000-C,82.73,0.0395,0.8,2,1559501205983,22956678,1201
2019-06-02 22:25:48.511,2.0,sell,8712.43,BTC-28JUN19-10000-C,83.19,0.0405,2.0,0,1559514348511,22962368,1202
2019-06-03 01:01:14.077,5.0,sell,8640.99,BTC-28JUN19-10000-C,84.36,0.0395,5.0,3,1559523674077,22969795,1204
2019-06-03 01:01:14.077,9.2,sell,8640.99,BTC-28JUN19-10000-C,84.36,0.0395,9.2,2,1559523674077,22969794,1203
2019-06-03 04:20:36.438,1.0,sell,8685.55,BTC-28JUN19-10000-C,83.76,0.04,1.0,0,1559535636438,22978609,1205
2019-06-03 06:04:15.325,0.2,sell,8598.48,BTC-28JUN19-10000-C,82.25,0.0355,0.2,2,1559541855325,22986501,1206
2019-06-03 08:43:40.091,0.8,sell,8499.26,BTC-28JUN19-10000-C,85.59,0.0355,0.8,3,1559551420091,23011141,1207
2019-06-03 14:10:55.768,0.1,buy,8465.4,BTC-28JUN19-10000-C,87.86,0.0355,0.1,3,1559571055768,23032724,1208
2019-06-03 15:49:05.307,0.4,sell,8466.26,BTC-28JUN19-10000-C,84.13,0.032,0.4,2,1559576945307,23050017,1209
2019-06-03 15:49:05.307,1.1,sell,8466.26,BTC-28JUN19-10000-C,83.54,0.0315,1.1,2,1559576945307,23050018,1210
2019-06-03 16:58:06.232,5.0,sell,8527.02,BTC-28JUN19-10000-C,82.77,0.033,5.0,1,1559581086232,23056076,1212
2019-06-03 16:58:06.232,10.0,sell,8527.02,BTC-28JUN19-10000-C,82.77,0.033,10.0,0,1559581086232,23056075,1211
2019-06-03 18:46:26.680,1.0,buy,8549.45,BTC-28JUN19-10000-C,85.11,0.036000000000000004,1.0,0,1559587586680,23062823,1213
2019-06-03 20:11:26.738,2.0,sell,8563.45,BTC-28JUN19-10000-C,82.92,0.0345,2.0,2,1559592686738,23067910,1214
2019-06-03 20:25:35.955,1.0,sell,8541.52,BTC-28JUN19-10000-C,83.15,0.034,1.0,2,1559593535955,23068187,1215
2019-06-03 22:30:34.901,0.3,sell,8442.79,BTC-28JUN19-10000-C,83.43,0.0315,0.3,2,1559601034901,23078364,1216
2019-06-03 22:30:34.901,0.7000000000000001,sell,8442.79,BTC-28JUN19-10000-C,82.84,0.031,0.7000000000000001,2,1559601034901,23078365,1217
2019-06-03 22:32:18.240,0.4,buy,8434.46,BTC-28JUN19-10000-C,84.92,0.0325,0.4,0,1559601138240,23078494,1218
2019-06-04 00:18:33.659,0.5,sell,7944.14,BTC-28JUN19-10000-C,93.89,0.026,0.5,2,1559607513659,23134666,1219
2019-06-04 00:18:43.214,1.0,buy,7951.09,BTC-28JUN19-10000-C,95.1,0.027000000000000003,1.0,0,1559607523214,23134705,1220
2019-06-04 00:20:20.141,0.2,sell,7919.17,BTC-28JUN19-10000-C,90.48,0.023,0.2,2,1559607620141,23135352,1221
2019-06-04 01:40:44.112,4.0,sell,7963.45,BTC-28JUN19-10000-C,93.06,0.0255,4.0,0,1559612444112,23150506,1222
2019-06-04 02:18:42.040,0.1,sell,7965.04,BTC-28JUN19-10000-C,86.61,0.021,0.1,2,1559614722040,23152974,1223
2019-06-04 04:01:14.467,0.4,sell,7917.07,BTC-28JUN19-10000-C,88.18,0.021,0.4,3,1559620874467,23159529,1224
2019-06-04 04:08:03.028,0.2,buy,7883.71,BTC-28JUN19-10000-C,89.56,0.021,0.2,3,1559621283028,23160589,1225
2019-06-04 04:13:21.874,1.5,buy,7862.91,BTC-28JUN19-10000-C,89.93,0.021,1.5,3,1559621601874,23162996,1226
2019-06-04 06:49:51.855,0.3,buy,7856.05,BTC-28JUN19-10000-C,91.88,0.022000000000000002,0.3,0,1559630991855,23177753,1227
2019-06-04 06:49:51.855,0.7000000000000001,buy,7856.05,BTC-28JUN19-10000-C,91.88,0.022000000000000002,0.7000000000000001,1,1559630991855,23177754,1228
2019-06-04 07:26:24.820,13.0,sell,7814.93,BTC-28JUN19-10000-C,90.96,0.0205,13.0,2,1559633184820,23185797,1229
2019-06-04 14:20:07.762,0.5,sell,7975.48,BTC-28JUN19-10000-C,85.9,0.0195,0.5,2,1559658007762,23215016,1230
2019-06-04 17:13:06.467,1.0,sell,7805.73,BTC-28JUN19-10000-C,87.6,0.017,1.0,2,1559668386467,23228932,1231
2019-06-04 17:17:40.937,0.1,sell,7811.22,BTC-28JUN19-10000-C,84.04,0.015,0.1,2,1559668660937,23232866,1232
2019-06-04 17:49:38.851,2.1,sell,7624.93,BTC-28JUN19-10000-C,87.07,0.013999999999999999,2.1,2,1559670578851,23257140,1233
2019-06-04 17:59:48.633,4.0,buy,7592.96,BTC-28JUN19-10000-C,88.24,0.013999999999999999,4.0,3,1559671188633,23261903,1234
2019-06-04 18:25:52.293,4.0,buy,7703.35,BTC-28JUN19-10000-C,88.92,0.016,4.0,0,1559672752293,23267015,1235
2019-06-04 18:57:28.401,0.2,sell,7656.75,BTC-28JUN19-10000-C,86.71,0.013999999999999999,0.2,2,1559674648401,23270295,1236
2019-06-04 19:57:27.025,5.0,sell,7627.11,BTC-28JUN19-10000-C,83.83,0.012,5.0,2,1559678247025,23288906,1237
2019-06-04 19:57:27.025,0.8,sell,7627.11,BTC-28JUN19-10000-C,83.83,0.012,0.8,3,1559678247025,23288907,1238
2019-06-04 19:57:27.025,5.5,sell,7627.11,BTC-28JUN19-10000-C,83.83,0.012,5.5,3,1559678247025,23288908,1239
2019-06-04 20:53:48.065,0.1,buy,7666.5,BTC-28JUN19-10000-C,84.64,0.013000000000000001,0.1,0,1559681628065,23294615,1240
2019-06-04 22:38:14.879,0.5,sell,7602.72,BTC-28JUN19-10000-C,86.64,0.013000000000000001,0.5,1,1559687894879,23316426,1241
2019-06-04 22:38:18.667,0.5,sell,7601.79,BTC-28JUN19-10000-C,86.67,0.013000000000000001,0.5,1,1559687898667,23316496,1242
2019-06-05 01:29:57.508,19.3,sell,7776.97,BTC-28JUN19-10000-C,82.69,0.0135,19.3,0,1559698197508,23327945,1243
2019-06-05 01:30:28.009,10.7,buy,7776.88,BTC-28JUN19-10000-C,82.68,0.0135,10.7,1,1559698228009,23327948,1244
2019-06-05 07:21:35.717,24.0,sell,7754.89,BTC-28JUN19-10000-C,82.7,0.013000000000000001,24.0,2,1559719295717,23339437,1245
2019-06-05 07:43:56.387,3.0,buy,7825.81,BTC-28JUN19-10000-C,86.72,0.0165,3.0,0,1559720636387,23340965,1246
2019-06-05 09:24:09.228,3.0,sell,7795.05,BTC-28JUN19-10000-C,81.78,0.013000000000000001,3.0,2,1559726649228,23344379,1247
2019-06-05 12:43:40.515,1.0,sell,7790.61,BTC-28JUN19-10000-C,82.32,0.013000000000000001,1.0,3,1559738620515,23358615,1248
2019-06-05 12:51:10.090,24.0,sell,7768.15,BTC-28JUN19-10000-C,81.05,0.012,24.0,2,1559739070090,23358981,1249
2019-06-05 12:51:10.090,6.0,sell,7768.15,BTC-28JUN19-10000-C,81.05,0.012,6.0,3,1559739070090,23358982,1250
2019-06-05 14:48:41.767,5.0,sell,7665.22,BTC-28JUN19-10000-C,84.98,0.0125,5.0,0,1559746121767,23368516,1251
2019-06-05 15:32:40.970,1.0,sell,7625.19,BTC-28JUN19-10000-C,83.34,0.011000000000000001,1.0,2,1559748760970,23374508,1252
2019-06-05 15:53:34.620,5.0,buy,7660.94,BTC-28JUN19-10000-C,85.44,0.0125,5.0,0,1559750014620,23377835,1253
2019-06-05 16:59:29.223,0.2,buy,7764.7,BTC-28JUN19-10000-C,84.2,0.0135,0.2,0,1559753969223,23382977,1254
2019-06-05 18:56:20.840,2.0,buy,7767.3,BTC-28JUN19-10000-C,85.1,0.013999999999999999,2.0,0,1559760980840,23391375,1255
2019-06-05 20:36:08.453,10.0,sell,7753.93,BTC-28JUN19-10000-C,80.94,0.0115,10.0,3,1559766968453,23405767,1257
2019-06-05 20:36:08.453,4.7,sell,7753.93,BTC-28JUN19-10000-C,80.94,0.0115,4.7,3,1559766968453,23405768,1258
2019-06-05 20:36:08.453,24.0,sell,7753.93,BTC-28JUN19-10000-C,80.94,0.0115,24.0,2,1559766968453,23405766,1256
2019-06-05 20:44:12.210,24.0,sell,7743.95,BTC-28JUN19-10000-C,80.28,0.011000000000000001,24.0,2,1559767452210,23406903,1259
2019-06-05 20:44:12.210,5.0,sell,7743.95,BTC-28JUN19-10000-C,80.28,0.011000000000000001,5.0,3,1559767452210,23406904,1260
2019-06-06 01:52:34.661,1.0,buy,7836.59,BTC-28JUN19-10000-C,82.73,0.0135,1.0,0,1559785954661,23435971,1261
2019-06-06 02:01:45.330,0.2,sell,7853.61,BTC-28JUN19-10000-C,78.68,0.0115,0.2,2,1559786505330,23436158,1262
2019-06-06 02:41:53.695,0.4,sell,7839.78,BTC-28JUN19-10000-C,80.99,0.0125,0.4,0,1559788913695,23437442,1263
2019-06-06 08:07:22.649,24.0,sell,7773.24,BTC-28JUN19-10000-C,78.66,0.01,24.0,3,1559808442649,23446265,1265
2019-06-06 08:07:22.649,0.3,sell,7773.24,BTC-28JUN19-10000-C,78.66,0.01,0.3,2,1559808442649,23446264,1264
2019-06-06 11:26:56.157,4.7,buy,7827.28,BTC-28JUN19-10000-C,81.47,0.012,4.7,0,1559820416157,23451874,1266
2019-06-06 11:28:15.537,5.0,sell,7827.95,BTC-28JUN19-10000-C,81.45,0.012,5.0,1,1559820495537,23451899,1267
2019-06-06 11:37:45.728,16.3,sell,7833.94,BTC-28JUN19-10000-C,81.22,0.012,16.3,1,1559821065728,23452153,1268
2019-06-06 12:38:39.953,5.0,buy,7765.22,BTC-28JUN19-10000-C,81.59,0.011000000000000001,5.0,2,1559824719953,23460791,1269
2019-06-06 13:21:46.320,2.0,sell,7666.52,BTC-28JUN19-10000-C,81.3,0.0095,2.0,2,1559827306320,23468518,1270
2019-06-06 14:15:14.683,2.0,sell,7675.71,BTC-28JUN19-10000-C,81.33,0.0095,2.0,3,1559830514683,23475134,1271
2019-06-06 17:25:08.283,1.0,buy,7683.22,BTC-28JUN19-10000-C,76.76,0.0075,1.0,2,1559841908283,23493789,1272
2019-06-06 18:33:48.059,2.0,sell,7499.44,BTC-28JUN19-10000-C,80.59,0.006999999999999999,2.0,2,1559846028059,23512167,1273
2019-06-06 18:34:16.926,1.0,buy,7512.33,BTC-28JUN19-10000-C,81.48,0.0075,1.0,0,1559846056926,23512342,1274
2019-06-06 19:16:06.885,1.0,buy,7616.99,BTC-28JUN19-10000-C,78.53,0.0075,1.0,1,1559848566885,23519345,1275
2019-06-06 20:20:20.544,0.1,buy,7680.16,BTC-28JUN19-10000-C,77.98,0.008,0.1,0,1559852420544,23526269,1276
2019-06-06 20:21:06.462,0.1,buy,7689.96,BTC-28JUN19-10000-C,81.18,0.0095,0.1,0,1559852466462,23526511,1277
2019-06-07 05:42:30.766,0.2,sell,7802.29,BTC-28JUN19-10000-C,76.36,0.0085,0.2,2,1559886150766,23557389,1278
2019-06-07 07:12:32.525,0.4,buy,7979.34,BTC-28JUN19-10000-C,76.64,0.011000000000000001,0.4,0,1559891552525,23568957,1279
2019-06-07 16:18:31.886,0.2,buy,8006.95,BTC-28JUN19-10000-C,79.14,0.0125,0.2,0,1559924311886,23594583,1280
2019-06-07 17:54:55.629,0.2,buy,8086.04,BTC-28JUN19-10000-C,78.87,0.0135,0.2,0,1559930095629,23604820,1281
2019-06-07 18:16:38.542,2.0,sell,8103.11,BTC-28JUN19-10000-C,79.3,0.013999999999999999,2.0,0,1559931398542,23605609,1282
2019-06-09 15:17:23.510,1.0,sell,7767.59,BTC-28JUN19-10000-C,77.94,0.0065,1.0,2,1560093443510,23720903,1283
2019-06-09 15:17:23.510,5.0,sell,7767.59,BTC-28JUN19-10000-C,77.94,0.0065,5.0,3,1560093443510,23720904,1284
2019-06-09 20:45:58.474,1.0,buy,7733.09,BTC-28JUN19-10000-C,79.6,0.0065,1.0,3,1560113158474,23747698,1285
2019-06-09 21:12:35.331,0.3,buy,7739.96,BTC-28JUN19-10000-C,79.24,0.0065,0.3,3,1560114755331,23749028,1286
2019-06-09 22:07:32.190,1.0,sell,7564.54,BTC-28JUN19-10000-C,81.74,0.0055,1.0,2,1560118052190,23757408,1287
2019-06-09 22:07:37.459,0.5,sell,7561.29,BTC-28JUN19-10000-C,81.79,0.0055,0.5,3,1560118057459,23757551,1288
2019-06-10 03:29:25.619,0.5,buy,7686.75,BTC-28JUN19-10000-C,78.09,0.0055,0.5,3,1560137365619,23797575,1289
2019-06-10 03:29:25.619,10.0,buy,7686.75,BTC-28JUN19-10000-C,78.09,0.0055,10.0,3,1560137365619,23797576,1290
2019-06-10 05:27:49.009,1.0,buy,7631.56,BTC-28JUN19-10000-C,80.02,0.0055,1.0,3,1560144469009,23800821,1291
2019-06-10 05:27:49.009,1.5,buy,7631.56,BTC-28JUN19-10000-C,80.02,0.0055,1.5,3,1560144469009,23800822,1292
2019-06-10 05:39:49.489,8.5,buy,7637.59,BTC-28JUN19-10000-C,79.71,0.0055,8.5,3,1560145189489,23801114,1293
2019-06-10 05:40:04.621,0.9,buy,7637.25,BTC-28JUN19-10000-C,81.28,0.006,0.9,1,1560145204621,23801145,1295
2019-06-10 05:40:04.621,10.0,buy,7637.25,BTC-28JUN19-10000-C,81.28,0.006,10.0,0,1560145204621,23801144,1294
2019-06-10 05:49:42.009,10.0,sell,7633.31,BTC-28JUN19-10000-C,76.66,0.0045,10.0,2,1560145782009,23801320,1296
2019-06-10 11:27:45.572,0.4,buy,7779.64,BTC-28JUN19-10000-C,79.31,0.0065,0.4,0,1560166065572,23821749,1297
2019-06-10 11:30:45.790,9.6,buy,7832.09,BTC-28JUN19-10000-C,77.51,0.0065,9.6,1,1560166245790,23824314,1298
2019-06-10 11:34:04.428,10.0,buy,7918.14,BTC-28JUN19-10000-C,76.47,0.006999999999999999,10.0,0,1560166444428,23827039,1299
2019-06-10 11:34:17.709,0.4,buy,7944.48,BTC-28JUN19-10000-C,76.71,0.0075,0.4,0,1560166457709,23827474,1300
2019-06-10 11:34:22.472,0.4,buy,7960.84,BTC-28JUN19-10000-C,76.22,0.0075,0.4,1,1560166462472,23827632,1301
2019-06-10 11:41:27.113,0.4,buy,7968.07,BTC-28JUN19-10000-C,76.0,0.0075,0.4,1,1560166887113,23832195,1302
2019-06-10 16:49:38.586,1.0,buy,7935.31,BTC-28JUN19-10000-C,81.05,0.009000000000000001,1.0,0,1560185378586,23867393,1303
2019-06-10 17:56:38.985,2.0,sell,7938.3,BTC-28JUN19-10000-C,78.6,0.008,2.0,2,1560189398985,23870344,1304
2019-06-11 10:04:27.872,10.0,sell,7935.18,BTC-28JUN19-10000-C,76.01,0.0065,10.0,2,1560247467872,23899711,1305
2019-06-11 13:04:38.610,0.5,sell,7806.69,BTC-28JUN19-10000-C,74.92,0.0045,0.5,2,1560258278610,23926028,1306
2019-06-11 14:16:51.016,4.0,buy,7785.26,BTC-28JUN19-10000-C,81.94,0.0065,4.0,1,1560262611016,23931964,1308
2019-06-11 14:16:51.016,6.0,buy,7785.26,BTC-28JUN19-10000-C,81.94,0.0065,6.0,0,1560262611016,23931963,1307
2019-06-11 20:03:44.770,10.0,buy,7967.98,BTC-28JUN19-10000-C,78.18,0.006999999999999999,10.0,0,1560283424770,23956842,1309
2019-06-12 12:04:44.085,0.1,sell,8008.04,BTC-28JUN19-10000-C,76.78,0.0065,0.1,2,1560341084085,24000095,1310
2019-06-12 12:05:41.835,0.1,buy,8016.8,BTC-28JUN19-10000-C,77.98,0.006999999999999999,0.1,0,1560341141835,24000186,1311
2019-06-12 12:16:23.279,0.9,buy,8044.44,BTC-28JUN19-10000-C,77.11,0.006999999999999999,0.9,1,1560341783279,24001632,1312
2019-06-12 14:15:41.594,1.0,sell,7951.79,BTC-28JUN19-10000-C,79.0,0.0065,1.0,2,1560348941594,24006707,1313
2019-06-12 14:26:51.686,1.0,buy,7977.56,BTC-28JUN19-10000-C,79.52,0.006999999999999999,1.0,0,1560349611686,24007988,1314
2019-06-12 14:58:50.176,3.9,sell,8023.52,BTC-28JUN19-10000-C,76.63,0.0065,3.9,2,1560351530176,24011054,1315
2019-06-12 14:58:50.176,2.1,sell,8023.52,BTC-28JUN19-10000-C,76.63,0.0065,2.1,3,1560351530176,24011055,1316
2019-06-12 15:16:26.889,9.0,buy,8241.06,BTC-28JUN19-10000-C,75.87,0.009000000000000001,9.0,0,1560352586889,24021825,1317
2019-06-12 16:56:42.119,0.5,buy,8182.46,BTC-28JUN19-10000-C,79.11,0.0095,0.5,0,1560358602119,24031508,1318
2019-06-13 02:04:59.250,0.5,sell,8134.69,BTC-28JUN19-10000-C,75.39,0.006999999999999999,0.5,2,1560391499250,24048750,1319
2019-06-13 08:20:54.903,5.0,sell,8124.01,BTC-28JUN19-10000-C,79.02,0.008,5.0,0,1560414054903,24057189,1320
2019-06-13 08:38:43.256,0.5,buy,8133.19,BTC-28JUN19-10000-C,79.89,0.0085,0.5,0,1560415123256,24057511,1321
