date_utc,amount,direction,indexPrice,instrument,iv,price,quantity,tickDirection,timeStamp,tradeId,tradeSeq
2019-02-18 02:37:37.487,0.2,buy,3659.43,BTC-28JUN19-10000-C,68.71,0.0015,0.2,3,1550457457487,15483165,403
2019-02-18 16:16:31.329,18.0,sell,3823.04,BTC-28JUN19-10000-C,63.28,0.001,18.0,2,1550506591329,15549846,404
2019-02-18 18:43:04.555,5.0,buy,3885.51,BTC-28JUN19-10000-C,65.34,0.0015,5.0,1,1550515384555,15573783,406
2019-02-18 18:43:04.555,1.8,buy,3885.51,BTC-28JUN19-10000-C,65.34,0.0015,1.8,0,1550515384555,15573782,405
2019-02-20 08:41:38.388,10.0,buy,3905.7,BTC-28JUN19-10000-C,67.68,0.002,10.0,0,1550652098388,15681283,407
2019-02-20 09:59:29.448,5.0,buy,3913.86,BTC-28JUN19-10000-C,69.52,0.0025,5.0,0,1550656769448,15683967,408
2019-02-20 12:09:52.456,5.0,sell,3928.39,BTC-28JUN19-10000-C,67.23,0.002,5.0,2,1550664592456,15691430,409
2019-02-20 12:09:52.456,4.0,sell,3928.39,BTC-28JUN19-10000-C,67.23,0.002,4.0,3,1550664592456,15691431,410
2019-02-21 00:12:48.434,1.0,sell,3920.2,BTC-28JUN19-10000-C,67.57,0.002,1.0,3,1550707968434,15716657,411
2019-02-21 03:49:12.845,5.0,buy,3933.33,BTC-28JUN19-10000-C,69.45,0.0025,5.0,1,1550720952845,15719521,413
2019-02-21 03:49:12.845,5.0,buy,3933.33,BTC-28JUN19-10000-C,69.45,0.0025,5.0,0,1550720952845,15719520,412
2019-02-21 10:07:05.053,0.1,sell,3898.1,BTC-28JUN19-10000-C,67.9,0.002,0.1,2,1550743625053,15737888,414
2019-02-21 10:07:06.132,0.1,buy,3898.1,BTC-28JUN19-10000-C,67.9,0.002,0.1,3,1550743626132,15737889,415
2019-02-21 10:07:16.810,0.1,buy,3898.21,BTC-28JUN19-10000-C,67.9,0.002,0.1,3,1550743636810,15737898,416
2019-02-21 10:07:27.439,0.1,buy,3898.21,BTC-28JUN19-10000-C,67.9,0.002,0.1,3,1550743647439,15737902,417
2019-02-21 10:07:43.177,0.1,buy,3897.7,BTC-28JUN19-10000-C,67.91,0.002,0.1,3,1550743663177,15737912,418
2019-02-21 10:07:57.862,0.1,buy,3897.7,BTC-28JUN19-10000-C,67.9,0.002,0.1,3,1550743677862,15737919,419
2019-02-21 10:08:13.385,0.1,buy,3897.71,BTC-28JUN19-10000-C,67.9,0.002,0.1,3,1550743693385,15737926,420
2019-02-21 10:08:28.951,0.1,buy,3897.71,BTC-28JUN19-10000-C,67.9,0.002,0.1,3,1550743708951,15737933,421
2019-02-21 11:39:30.236,1.8,buy,3891.7,BTC-28JUN19-10000-C,67.93,0.002,1.8,3,1550749170236,15741477,423
2019-02-21 11:39:30.236,1.2,buy,3891.7,BTC-28JUN19-10000-C,67.93,0.002,1.2,3,1550749170236,15741476,422
2019-02-22 01:45:10.107,8.0,sell,3904.1,BTC-28JUN19-10000-C,67.95,0.002,8.0,3,1550799910107,15753257,424
2019-02-22 07:47:37.500,10.0,sell,3890.99,BTC-28JUN19-10000-C,65.94,0.0015,10.0,2,1550821657500,15759687,425
2019-02-22 15:33:12.456,1.0,buy,3923.46,BTC-28JUN19-10000-C,67.96,0.002,1.0,0,1550849592456,15781721,426
2019-02-22 15:55:35.917,10.0,buy,3930.81,BTC-28JUN19-10000-C,69.79,0.0025,10.0,0,1550850935917,15782595,427
2019-02-22 17:50:13.633,5.0,buy,3935.56,BTC-28JUN19-10000-C,69.69,0.0025,5.0,1,1550857813633,15785062,428
2019-02-22 17:50:13.633,2.0,buy,3935.56,BTC-28JUN19-10000-C,69.69,0.0025,2.0,1,1550857813633,15785063,429
2019-02-22 17:59:37.266,5.0,buy,3941.84,BTC-28JUN19-10000-C,69.61,0.0025,5.0,1,1550858377266,15785326,430
2019-02-23 17:54:43.788,0.5,buy,4074.81,BTC-28JUN19-10000-C,68.13,0.0025,0.5,1,1550944483788,15828139,431
2019-02-23 19:30:14.249,4.5,buy,4122.2,BTC-28JUN19-10000-C,67.5,0.0025,4.5,1,1550950214249,15841683,432
2019-02-23 19:30:14.249,10.0,buy,4122.2,BTC-28JUN19-10000-C,67.5,0.0025,10.0,1,1550950214249,15841684,433
2019-02-23 22:10:23.769,0.5,sell,4104.22,BTC-28JUN19-10000-C,67.58,0.0025,0.5,1,1550959823769,15851693,434
2019-02-24 06:04:57.033,0.1,buy,4159.48,BTC-28JUN19-10000-C,66.91,0.0025,0.1,1,1550988297033,15869785,435
2019-02-24 06:49:00.140,0.1,buy,4157.81,BTC-28JUN19-10000-C,67.03,0.0025,0.1,1,1550990940140,15870823,436
2019-02-24 06:58:19.525,4.8,buy,4159.57,BTC-28JUN19-10000-C,67.01,0.0025,4.8,1,1550991499525,15870934,437
2019-02-24 06:58:19.525,10.0,buy,4159.57,BTC-28JUN19-10000-C,67.01,0.0025,10.0,1,1550991499525,15870935,438
2019-02-24 06:58:19.525,5.0,buy,4159.57,BTC-28JUN19-10000-C,67.01,0.0025,5.0,1,1550991499525,15870936,439
2019-02-25 21:18:23.169,0.1,buy,3823.34,BTC-28JUN19-10000-C,72.98,0.0025,0.1,1,1551129503169,16010723,440
2019-02-25 21:30:13.888,0.1,sell,3819.44,BTC-28JUN19-10000-C,70.95,0.002,0.1,2,1551130213888,16010885,441
2019-02-27 21:27:33.305,0.6,sell,3741.68,BTC-28JUN19-10000-C,72.73,0.002,0.6,3,1551302853305,16079531,442
2019-02-27 21:27:34.460,0.6,sell,3741.68,BTC-28JUN19-10000-C,72.73,0.002,0.6,3,1551302854460,16079532,443
2019-02-27 22:06:41.827,4.3,sell,3746.11,BTC-28JUN19-10000-C,72.59,0.002,4.3,3,1551305201827,16081330,445
2019-02-27 22:06:41.827,8.700000000000001,sell,3746.11,BTC-28JUN19-10000-C,72.59,0.002,8.700000000000001,3,1551305201827,16081329,444
2019-03-05 06:52:28.801,17.400000000000002,sell,3709.2,BTC-28JUN19-10000-C,74.74,0.002,17.400000000000002,3,1551768748801,16250479,446
2019-03-05 06:52:35.244,19.9,sell,3709.18,BTC-28JUN19-10000-C,74.74,0.002,19.9,3,1551768755244,16250481,447
2019-03-05 06:53:02.352,19.9,sell,3709.21,BTC-28JUN19-10000-C,74.74,0.002,19.9,3,1551768782352,16250482,448
2019-03-05 06:53:14.669,19.8,sell,3709.21,BTC-28JUN19-10000-C,74.74,0.002,19.8,3,1551768794669,16250488,449
2019-03-05 07:03:33.686,17.1,sell,3707.91,BTC-28JUN19-10000-C,74.74,0.002,17.1,3,1551769413686,16250571,450
2019-03-05 07:03:42.290,17.0,sell,3707.91,BTC-28JUN19-10000-C,74.74,0.002,17.0,3,1551769422290,16250578,451
2019-03-05 07:04:11.970,11.9,sell,3708.25,BTC-28JUN19-10000-C,74.72,0.002,11.9,3,1551769451970,16250581,452
2019-03-05 10:26:18.031,10.0,sell,3718.52,BTC-28JUN19-10000-C,74.59,0.002,10.0,3,1551781578031,16254026,453
2019-03-07 09:02:27.979,0.3,sell,3838.93,BTC-28JUN19-10000-C,70.62,0.0015,0.3,2,1551949347979,16346067,454
2019-03-07 22:13:50.477,1.0,sell,3861.35,BTC-28JUN19-10000-C,70.44,0.0015,1.0,3,1551996830477,16363076,455
2019-03-07 22:13:54.456,1.0,buy,3861.64,BTC-28JUN19-10000-C,72.95,0.002,1.0,0,1551996834456,16363077,456
2019-03-08 13:14:37.254,8.700000000000001,sell,3875.05,BTC-28JUN19-10000-C,70.55,0.0015,8.700000000000001,2,1552050877254,16384141,457
2019-03-08 13:14:37.254,1.3,sell,3875.05,BTC-28JUN19-10000-C,70.55,0.0015,1.3,3,1552050877254,16384142,458
2019-03-08 19:40:14.018,2.0,buy,3890.56,BTC-28JUN19-10000-C,72.82,0.002,2.0,0,1552074014018,16391576,459
2019-03-08 22:13:44.317,12.0,sell,3824.29,BTC-28JUN19-10000-C,73.99,0.002,12.0,1,1552083224317,16403238,460
2019-03-09 07:51:42.148,4.9,buy,3889.58,BTC-28JUN19-10000-C,73.0,0.002,4.9,1,1552117902148,16420102,461
2019-03-09 17:06:24.281,0.3,sell,3888.45,BTC-28JUN19-10000-C,70.84,0.0015,0.3,2,1552151184281,16441667,462
2019-03-10 19:04:33.621,1.0,buy,3881.76,BTC-28JUN19-10000-C,75.9,0.0025,1.0,0,1552244673621,16465772,463
2019-03-11 09:07:40.543,0.3,buy,3855.04,BTC-28JUN19-10000-C,74.36,0.002,0.3,2,1552295260543,16481310,464
2019-03-11 12:06:32.861,0.3,buy,3837.91,BTC-28JUN19-10000-C,74.56,0.002,0.3,3,1552305992861,16486068,465
2019-03-16 04:17:38.594,0.3,buy,4000.44,BTC-28JUN19-10000-C,73.66,0.002,0.3,3,1552709858594,16617992,466
2019-03-18 16:37:10.240,1.0,buy,3966.44,BTC-28JUN19-10000-C,75.2,0.002,1.0,3,1552927030240,16691785,468
2019-03-18 16:37:10.240,0.1,buy,3966.44,BTC-28JUN19-10000-C,75.2,0.002,0.1,3,1552927030240,16691784,467
2019-03-18 16:37:10.240,4.0,buy,3966.44,BTC-28JUN19-10000-C,75.2,0.002,4.0,3,1552927030240,16691786,469
2019-03-18 17:52:37.159,10.0,sell,3963.36,BTC-28JUN19-10000-C,72.6,0.0015,10.0,2,1552931557159,16692214,470
2019-03-19 17:38:34.180,3.0,sell,3996.45,BTC-28JUN19-10000-C,72.35,0.0015,3.0,3,1553017114180,16713386,471
2019-03-21 14:58:24.831,5.0,sell,3934.76,BTC-28JUN19-10000-C,74.35,0.0015,5.0,3,1553180304831,16762407,472
2019-03-21 20:37:08.263,2.0,sell,3972.72,BTC-28JUN19-10000-C,73.78,0.0015,2.0,3,1553200628263,16771031,473
2019-03-22 08:02:27.684,6.9,sell,3966.57,BTC-28JUN19-10000-C,74.04,0.0015,6.9,3,1553241747684,16775510,474
2019-03-22 08:02:30.151,3.1,sell,3966.57,BTC-28JUN19-10000-C,74.04,0.0015,3.1,3,1553241750151,16775516,475
2019-03-22 20:13:34.098,6.9,buy,3988.09,BTC-28JUN19-10000-C,73.94,0.0015,6.9,3,1553285614098,16781394,476
2019-03-23 13:23:55.437,10.0,sell,3960.99,BTC-28JUN19-10000-C,74.47,0.0015,10.0,3,1553347435437,16793269,477
2019-03-25 18:03:24.546,10.0,buy,3947.29,BTC-28JUN19-10000-C,75.66,0.0015,10.0,3,1553537004546,16815979,478
2019-03-27 01:17:38.814,0.3,buy,3944.65,BTC-28JUN19-10000-C,76.25,0.0015,0.3,3,1553649458814,16846775,479
2019-03-27 14:45:45.470,0.1,sell,4009.25,BTC-28JUN19-10000-C,71.96,0.001,0.1,2,1553697945470,16864325,480
2019-03-27 18:03:58.175,6.9,buy,4010.26,BTC-28JUN19-10000-C,75.42,0.0015,6.9,1,1553709838175,16867302,482
2019-03-27 18:03:58.175,4.7,buy,4010.26,BTC-28JUN19-10000-C,75.42,0.0015,4.7,0,1553709838175,16867301,481
2019-03-29 10:03:53.681,1.0,buy,4073.42,BTC-28JUN19-10000-C,74.96,0.0015,1.0,1,1553853833681,16946535,483
2019-03-29 10:04:10.108,4.0,sell,4073.34,BTC-28JUN19-10000-C,74.97,0.0015,4.0,1,1553853850108,16946536,484
2019-03-29 10:14:23.860,3.0,buy,4078.74,BTC-28JUN19-10000-C,77.65,0.002,3.0,0,1553854463860,16947924,485
2019-03-29 10:14:23.860,2.0,buy,4078.74,BTC-28JUN19-10000-C,77.65,0.002,2.0,1,1553854463860,16947925,486
2019-03-29 10:44:11.675,5.0,sell,4081.71,BTC-28JUN19-10000-C,74.85,0.0015,5.0,2,1553856251675,16953400,487
2019-03-29 14:06:35.512,1.0,buy,4077.43,BTC-28JUN19-10000-C,74.82,0.0015,1.0,3,1553868395512,16958566,488
2019-03-29 14:45:57.636,3.1,buy,4075.51,BTC-28JUN19-10000-C,77.61,0.002,3.1,0,1553870757636,16959041,489
2019-03-29 19:00:57.950,1.0,buy,4094.51,BTC-28JUN19-10000-C,77.33,0.002,1.0,1,1553886057950,16960946,490
2019-04-01 12:51:19.026,1.0,buy,4127.13,BTC-28JUN19-10000-C,78.17,0.002,1.0,1,1554123079026,17004965,491
2019-04-01 12:51:19.026,6.9,buy,4127.13,BTC-28JUN19-10000-C,78.17,0.002,6.9,1,1554123079026,17004966,492
2019-04-02 05:19:19.670,14.1,buy,4901.59,BTC-28JUN19-10000-C,67.29,0.0025,14.1,0,1554182359670,17056615,493
2019-04-02 08:49:41.961,0.2,buy,4711.46,BTC-28JUN19-10000-C,75.47,0.004,0.2,0,1554194981961,17095185,494
2019-04-03 00:16:51.962,5.0,sell,4931.74,BTC-28JUN19-10000-C,67.34,0.0025,5.0,2,1554250611962,17155132,495
2019-04-03 14:20:31.997,0.2,buy,5027.28,BTC-28JUN19-10000-C,76.66,0.0065,0.2,0,1554301231997,17202781,496
2019-04-03 19:49:08.436,0.3,buy,5140.63,BTC-28JUN19-10000-C,77.69,0.008,0.3,0,1554320948436,17227161,497
2019-04-03 20:26:14.267,2.0,buy,5243.92,BTC-28JUN19-10000-C,81.66,0.0115,2.0,0,1554323174267,17234490,498
2019-04-03 20:46:08.955,1.0,sell,5244.22,BTC-28JUN19-10000-C,69.89,0.005,1.0,2,1554324368955,17236989,499
2019-04-03 20:54:21.574,1.2,buy,5277.89,BTC-28JUN19-10000-C,77.24,0.009000000000000001,1.2,0,1554324861574,17237556,500
2019-04-03 21:02:22.216,0.2,sell,5322.75,BTC-28JUN19-10000-C,69.78,0.0055,0.2,2,1554325342216,17238508,501
2019-04-04 16:42:42.300,5.0,buy,4948.33,BTC-28JUN19-10000-C,81.44,0.008,5.0,0,1554396162300,17315033,502
2019-04-04 18:39:22.197,0.1,sell,4873.06,BTC-28JUN19-10000-C,76.23,0.005,0.1,2,1554403162197,17324433,503
2019-04-07 08:41:57.106,2.0,sell,5156.95,BTC-28JUN19-10000-C,76.86,0.006999999999999999,2.0,0,1554626517106,17460875,504
2019-04-07 12:50:13.503,0.5,buy,5139.48,BTC-28JUN19-10000-C,82.58,0.01,0.5,1,1554641413503,17466687,506
2019-04-07 12:50:13.503,0.1,buy,5139.48,BTC-28JUN19-10000-C,82.58,0.01,0.1,0,1554641413503,17466686,505
2019-04-07 12:50:42.120,5.0,buy,5139.45,BTC-28JUN19-10000-C,83.37,0.0105,5.0,0,1554641442120,17466695,507
2019-04-08 15:58:29.002,1.0,buy,5234.47,BTC-28JUN19-10000-C,82.26,0.0105,1.0,1,1554739109002,17535116,508
2019-04-08 21:52:47.812,1.0,sell,5267.25,BTC-28JUN19-10000-C,80.23,0.0095,1.0,2,1554760367812,17544553,509
2019-04-09 00:01:16.437,0.3,sell,5282.26,BTC-28JUN19-10000-C,78.35,0.0085,0.3,2,1554768076437,17549791,510
2019-04-09 00:47:36.936,0.8,sell,5257.94,BTC-28JUN19-10000-C,78.88,0.0085,0.8,3,1554770856936,17551768,511
2019-04-09 20:14:29.889,1.0,sell,5210.97,BTC-28JUN19-10000-C,80.22,0.0085,1.0,3,1554840869889,17580725,512
2019-04-09 20:14:58.363,1.0,sell,5211.14,BTC-28JUN19-10000-C,80.21,0.0085,1.0,3,1554840898363,17580728,513
2019-04-09 20:20:07.516,1.0,sell,5212.26,BTC-28JUN19-10000-C,80.21,0.0085,1.0,3,1554841207516,17580735,514
2019-04-10 07:33:44.174,10.0,sell,5261.75,BTC-28JUN19-10000-C,79.19,0.0085,10.0,3,1554881624174,17594665,516
2019-04-10 07:33:44.174,0.9,sell,5261.75,BTC-28JUN19-10000-C,79.19,0.0085,0.9,3,1554881624174,17594664,515
2019-04-10 14:36:43.980,1.0,sell,5266.34,BTC-28JUN19-10000-C,77.64,0.0075,1.0,2,1554907003980,17602065,517
2019-04-11 09:32:16.413,10.0,sell,5170.15,BTC-28JUN19-10000-C,80.92,0.008,10.0,0,1554975136413,17675637,518
2019-04-11 10:12:08.027,12.0,sell,5056.02,BTC-28JUN19-10000-C,82.0,0.0075,12.0,2,1554977528027,17687264,519
2019-04-11 10:12:10.214,5.0,sell,5055.49,BTC-28JUN19-10000-C,82.0,0.0075,5.0,3,1554977530214,17687266,520
2019-04-11 10:12:10.214,7.0,sell,5055.49,BTC-28JUN19-10000-C,82.0,0.0075,7.0,3,1554977530214,17687267,521
2019-04-11 14:01:12.559,1.0,sell,5038.98,BTC-28JUN19-10000-C,82.63,0.0075,1.0,3,1554991272559,17701567,522
2019-04-11 15:05:09.752,2.0,sell,5049.62,BTC-28JUN19-10000-C,82.41,0.0075,2.0,3,1554995109752,17703826,523
2019-04-11 18:34:44.110,28.1,sell,5069.99,BTC-28JUN19-10000-C,80.18,0.0065,28.1,2,1555007684110,17710496,524
2019-04-12 05:42:31.015,5.6000000000000005,sell,5008.22,BTC-28JUN19-10000-C,78.97,0.0055,5.6000000000000005,2,1555047751015,17738244,525
2019-04-19 07:51:32.857,10.0,sell,5246.89,BTC-28JUN19-10000-C,74.48,0.004,10.0,2,1555660292857,17947535,526
2019-04-19 10:26:19.531,0.9,sell,5254.65,BTC-28JUN19-10000-C,72.86,0.0035,0.9,2,1555669579531,17949352,527
2019-04-19 10:45:52.862,0.1,buy,5243.04,BTC-28JUN19-10000-C,76.02,0.0045,0.1,0,1555670752862,17949485,528
2019-04-20 11:21:35.361,12.0,buy,5310.1,BTC-28JUN19-10000-C,76.81,0.005,12.0,1,1555759295361,17982383,530
2019-04-20 11:21:35.361,2.5,buy,5310.1,BTC-28JUN19-10000-C,76.81,0.005,2.5,0,1555759295361,17982382,529
2019-04-21 15:06:28.041,2.0,buy,5268.39,BTC-28JUN19-10000-C,76.92,0.0045,2.0,2,1555859188041,18016206,531
2019-04-22 13:46:35.343,12.0,buy,5304.53,BTC-28JUN19-10000-C,78.04,0.005,12.0,0,1555940795343,18037602,532
2019-04-22 13:46:35.343,8.0,buy,5304.53,BTC-28JUN19-10000-C,78.04,0.005,8.0,1,1555940795343,18037603,533
2019-04-23 03:15:01.143,8.0,sell,5419.14,BTC-28JUN19-10000-C,73.54,0.004,8.0,2,1555989301143,18074920,534
2019-04-23 10:27:04.404,0.1,buy,5548.49,BTC-28JUN19-10000-C,76.55,0.006,0.1,0,1556015224404,18105889,535
2019-04-23 12:11:05.757,0.1,sell,5562.03,BTC-28JUN19-10000-C,76.4,0.006,0.1,1,1556021465757,18107833,536
2019-04-23 15:03:21.797,0.3,sell,5576.99,BTC-28JUN19-10000-C,76.25,0.006,0.3,1,1556031801797,18112745,537
2019-04-23 18:17:41.903,10.0,sell,5596.04,BTC-28JUN19-10000-C,70.84,0.004,10.0,3,1556043461903,18120217,539
2019-04-23 18:17:41.903,2.0,sell,5596.04,BTC-28JUN19-10000-C,70.84,0.004,2.0,2,1556043461903,18120216,538
2019-04-23 21:31:23.929,12.0,buy,5584.48,BTC-28JUN19-10000-C,76.28,0.006,12.0,0,1556055083929,18123902,540
2019-04-24 05:36:28.768,5.0,sell,5594.68,BTC-28JUN19-10000-C,72.77,0.0045,5.0,2,1556084188768,18145063,541
2019-04-24 13:26:23.520,0.5,sell,5463.53,BTC-28JUN19-10000-C,75.52,0.0045,0.5,3,1556112383520,18177598,542
2019-04-24 18:10:11.743,9.1,sell,5418.84,BTC-28JUN19-10000-C,69.61,0.0025,9.1,2,1556129411743,18188125,543
2019-04-24 18:10:21.134,8.1,sell,5416.41,BTC-28JUN19-10000-C,69.63,0.0025,8.1,3,1556129421134,18188136,544
2019-04-24 18:10:31.436,1.1,buy,5416.55,BTC-28JUN19-10000-C,77.68,0.005,1.1,0,1556129431436,18188137,545
2019-04-24 18:11:49.596,1.1,sell,5408.74,BTC-28JUN19-10000-C,67.57,0.002,1.1,2,1556129509596,18188301,546
2019-04-24 18:12:12.100,1.1,sell,5412.62,BTC-28JUN19-10000-C,67.51,0.002,1.1,3,1556129532100,18188409,547
2019-04-24 18:12:21.314,1.2,buy,5413.85,BTC-28JUN19-10000-C,74.91,0.004,1.2,0,1556129541314,18188411,548
2019-04-24 22:05:59.299,18.0,buy,5436.98,BTC-28JUN19-10000-C,74.59,0.004,18.0,1,1556143559299,18198912,549
2019-04-25 07:59:21.934,10.0,sell,5429.05,BTC-28JUN19-10000-C,69.89,0.0025,10.0,2,1556179161934,18211932,550
2019-04-25 07:59:21.934,5.0,sell,5429.05,BTC-28JUN19-10000-C,69.89,0.0025,5.0,3,1556179161934,18211933,551
2019-04-26 08:40:53.068,0.1,sell,5189.41,BTC-28JUN19-10000-C,72.19,0.002,0.1,2,1556268053068,18320473,552
2019-04-28 17:22:45.401,2.0,buy,5186.66,BTC-28JUN19-10000-C,83.72,0.0045,2.0,0,1556472165401,18391796,553
2019-04-29 17:26:11.410,3.0,buy,5158.81,BTC-28JUN19-10000-C,79.84,0.003,3.0,2,1556558771410,18431763,554
2019-05-02 14:55:26.360,0.1,sell,5377.01,BTC-28JUN19-10000-C,76.03,0.0025,0.1,2,1556808926360,18554891,555
2019-05-03 04:52:16.005,11.0,buy,5481.31,BTC-28JUN19-10000-C,76.27,0.003,11.0,1,1556859136005,18596954,558
2019-05-03 04:52:16.005,4.0,buy,5481.31,BTC-28JUN19-10000-C,76.27,0.003,4.0,0,1556859136005,18596952,556
2019-05-03 04:52:16.005,10.0,buy,5481.31,BTC-28JUN19-10000-C,76.27,0.003,10.0,1,1556859136005,18596953,557
2019-05-03 04:52:18.939,9.0,buy,5483.03,BTC-28JUN19-10000-C,76.26,0.003,9.0,1,1556859138939,18596956,559
2019-05-03 09:35:42.632,0.1,buy,5720.99,BTC-28JUN19-10000-C,73.32,0.0035,0.1,0,1556876142632,18645305,560
2019-05-03 09:47:10.762,9.9,buy,5742.7,BTC-28JUN19-10000-C,72.99,0.0035,9.9,1,1556876830762,18650943,561
2019-05-03 13:40:25.056,0.2,buy,5745.2,BTC-28JUN19-10000-C,76.06,0.0045,0.2,0,1556890825056,18680125,562
2019-05-03 14:17:28.924,1.0,buy,5758.08,BTC-28JUN19-10000-C,75.69,0.0045,1.0,1,1556893048924,18682521,564
2019-05-03 14:17:28.924,9.8,buy,5758.08,BTC-28JUN19-10000-C,75.69,0.0045,9.8,1,1556893048924,18682520,563
2019-05-04 00:49:15.632,1.0,buy,5735.57,BTC-28JUN19-10000-C,76.35,0.0045,1.0,1,1556930955632,18728450,565
2019-05-04 06:28:44.672,0.3,sell,5710.5,BTC-28JUN19-10000-C,72.21,0.003,0.3,3,1556951324672,18752662,567
2019-05-04 06:28:44.672,0.7000000000000001,sell,5710.5,BTC-28JUN19-10000-C,72.21,0.003,0.7000000000000001,2,1556951324672,18752661,566
2019-05-04 14:20:25.085,3.0,sell,5571.86,BTC-28JUN19-10000-C,74.85,0.003,3.0,3,1556979625085,18781914,568
2019-05-04 23:36:56.937,0.1,sell,5762.21,BTC-28JUN19-10000-C,71.59,0.003,0.1,3,1557013016937,18832801,569
2019-05-06 13:35:27.822,0.1,buy,5631.37,BTC-28JUN19-10000-C,78.65,0.004,0.1,0,1557149727822,18952127,570
2019-05-07 03:01:26.479,10.0,buy,5934.43,BTC-28JUN19-10000-C,76.0,0.005,10.0,0,1557198086479,19010844,571
2019-05-07 03:01:26.479,0.1,buy,5934.43,BTC-28JUN19-10000-C,76.0,0.005,0.1,1,1557198086479,19010845,572
2019-05-08 19:24:09.753,5.0,buy,5886.97,BTC-28JUN19-10000-C,79.05,0.005,5.0,1,1557343449753,19165677,573
2019-05-08 19:24:28.259,5.0,buy,5889.16,BTC-28JUN19-10000-C,79.01,0.005,5.0,1,1557343468259,19165693,574
2019-05-08 22:42:17.469,0.1,buy,5932.48,BTC-28JUN19-10000-C,76.8,0.0045,0.1,2,1557355337469,19176359,575
2019-05-08 23:24:56.910,0.1,buy,5965.21,BTC-28JUN19-10000-C,77.53,0.005,0.1,0,1557357896910,19179475,576
2019-05-09 00:54:19.334,1.0,buy,5976.27,BTC-28JUN19-10000-C,76.07,0.0045,1.0,2,1557363259334,19197841,577
2019-05-09 02:37:02.485,0.1,buy,6053.21,BTC-28JUN19-10000-C,77.28,0.0055,0.1,0,1557369422485,19216462,578
2019-05-09 18:19:33.348,23.9,buy,6042.87,BTC-28JUN19-10000-C,78.25,0.0055,23.9,1,1557425973348,19258109,581
2019-05-09 18:19:33.348,10.0,buy,6042.87,BTC-28JUN19-10000-C,78.25,0.0055,10.0,1,1557425973348,19258107,579
2019-05-09 18:19:33.348,0.1,buy,6042.87,BTC-28JUN19-10000-C,78.25,0.0055,0.1,1,1557425973348,19258108,580
2019-05-09 23:56:24.107,0.1,buy,6147.38,BTC-28JUN19-10000-C,77.97,0.006,0.1,0,1557446184107,19281110,582
2019-05-10 00:02:26.421,10.0,buy,6157.84,BTC-28JUN19-10000-C,78.96,0.0065,10.0,0,1557446546421,19281411,583
2019-05-10 00:02:26.421,0.2,buy,6157.84,BTC-28JUN19-10000-C,78.96,0.0065,0.2,1,1557446546421,19281412,584
2019-05-10 02:08:37.526,0.5,buy,6178.8,BTC-28JUN19-10000-C,78.71,0.0065,0.5,1,1557454117526,19289577,585
2019-05-10 02:29:09.888,0.2,buy,6220.44,BTC-28JUN19-10000-C,78.92,0.006999999999999999,0.2,0,1557455349888,19294562,586
2019-05-10 04:45:52.818,0.1,buy,6271.4,BTC-28JUN19-10000-C,79.28,0.0075,0.1,0,1557463552818,19319575,587
2019-05-10 04:52:43.057,0.1,buy,6283.07,BTC-28JUN19-10000-C,79.08,0.0075,0.1,1,1557463963057,19320762,588
2019-05-10 04:52:43.057,0.1,buy,6283.07,BTC-28JUN19-10000-C,79.08,0.0075,0.1,1,1557463963057,19320763,589
2019-05-10 04:52:43.057,0.2,buy,6283.07,BTC-28JUN19-10000-C,79.08,0.0075,0.2,1,1557463963057,19320764,590
2019-05-10 08:21:52.952,4.0,buy,6281.27,BTC-28JUN19-10000-C,79.23,0.0075,4.0,1,1557476512952,19340758,591
2019-05-10 08:21:54.846,4.0,buy,6281.73,BTC-28JUN19-10000-C,79.23,0.0075,4.0,1,1557476514846,19340759,592
2019-05-10 08:21:57.517,2.8000000000000003,buy,6282.85,BTC-28JUN19-10000-C,79.2,0.0075,2.8000000000000003,1,1557476517517,19340760,593
2019-05-10 10:38:49.973,1.0,buy,6293.93,BTC-28JUN19-10000-C,80.37,0.008,1.0,0,1557484729973,19349059,594
2019-05-10 10:38:49.973,0.3,buy,6293.93,BTC-28JUN19-10000-C,80.37,0.008,0.3,1,1557484729973,19349060,595
2019-05-10 10:38:49.973,2.0,buy,6293.93,BTC-28JUN19-10000-C,80.37,0.008,2.0,1,1557484729973,19349061,596
2019-05-10 10:38:49.973,10.0,buy,6293.93,BTC-28JUN19-10000-C,80.37,0.008,10.0,1,1557484729973,19349062,597
2019-05-10 10:41:04.607,6.7,sell,6288.91,BTC-28JUN19-10000-C,80.54,0.008,6.7,1,1557484864607,19349306,598
2019-05-10 14:26:12.454,0.5,sell,6257.39,BTC-28JUN19-10000-C,78.73,0.006999999999999999,0.5,2,1557498372454,19361354,599
2019-05-10 14:27:08.294,10.0,sell,6257.73,BTC-28JUN19-10000-C,77.69,0.0065,10.0,2,1557498428294,19361434,600
2019-05-10 15:53:11.822,25.0,sell,6278.47,BTC-28JUN19-10000-C,78.45,0.006999999999999999,25.0,0,1557503591822,19366253,601
2019-05-10 16:11:48.986,17.3,buy,6330.2,BTC-28JUN19-10000-C,78.38,0.0075,17.3,0,1557504708986,19370015,602
2019-05-10 16:11:49.006,7.8,buy,6330.2,BTC-28JUN19-10000-C,78.38,0.0075,7.8,1,1557504709006,19370016,603
2019-05-10 16:11:49.017,6.9,buy,6330.2,BTC-28JUN19-10000-C,78.38,0.0075,6.9,1,1557504709017,19370017,604
2019-05-10 16:11:49.082,3.9,sell,6330.2,BTC-28JUN19-10000-C,78.38,0.0075,3.9,1,1557504709082,19370020,607
2019-05-10 16:11:49.082,3.1,sell,6330.2,BTC-28JUN19-10000-C,78.38,0.0075,3.1,1,1557504709082,19370021,608
2019-05-10 16:11:49.082,4.1,sell,6330.2,BTC-28JUN19-10000-C,78.38,0.0075,4.1,1,1557504709082,19370018,605
2019-05-10 16:11:49.082,5.4,sell,6330.2,BTC-28JUN19-10000-C,78.38,0.0075,5.4,1,1557504709082,19370019,606
2019-05-10 16:11:49.082,2.8000000000000003,sell,6330.2,BTC-28JUN19-10000-C,78.38,0.0075,2.8000000000000003,1,1557504709082,19370024,611
2019-05-10 16:11:49.082,2.3000000000000003,sell,6330.2,BTC-28JUN19-10000-C,78.38,0.0075,2.3000000000000003,1,1557504709082,19370025,612
2019-05-10 16:11:49.082,4.7,sell,6330.2,BTC-28JUN19-10000-C,78.38,0.0075,4.7,1,1557504709082,19370022,609
2019-05-10 16:11:49.082,5.7,sell,6330.2,BTC-28JUN19-10000-C,78.38,0.0075,5.7,1,1557504709082,19370023,610
2019-05-10 16:11:58.230,0.1,buy,6338.58,BTC-28JUN19-10000-C,80.3,0.0085,0.1,1,1557504718230,19370138,614
2019-05-10 16:11:58.230,7.0,buy,6338.58,BTC-28JUN19-10000-C,80.3,0.0085,7.0,1,1557504718230,19370140,616
2019-05-10 16:11:58.230,10.0,buy,6338.58,BTC-28JUN19-10000-C,80.3,0.0085,10.0,1,1557504718230,19370139,615
2019-05-10 16:11:58.230,0.3,buy,6338.58,BTC-28JUN19-10000-C,80.3,0.0085,0.3,0,1557504718230,19370137,613
2019-05-10 16:11:58.243,13.0,buy,6338.58,BTC-28JUN19-10000-C,80.3,0.0085,13.0,1,1557504718243,19370141,617
2019-05-10 16:11:58.246,1.4,sell,6338.58,BTC-28JUN19-10000-C,80.3,0.0085,1.4,1,1557504718246,19370142,618
2019-05-10 16:11:59.617,5.7,sell,6339.36,BTC-28JUN19-10000-C,80.24,0.0085,5.7,1,1557504719617,19370153,619
2019-05-10 16:11:59.617,17.3,sell,6339.36,BTC-28JUN19-10000-C,80.24,0.0085,17.3,1,1557504719617,19370154,620
2019-05-10 16:11:59.617,7.5,sell,6339.36,BTC-28JUN19-10000-C,80.24,0.0085,7.5,1,1557504719617,19370155,621
2019-05-10 16:11:59.617,1.5,sell,6339.36,BTC-28JUN19-10000-C,80.24,0.0085,1.5,1,1557504719617,19370156,622
2019-05-10 16:12:06.885,3.9,sell,6342.96,BTC-28JUN19-10000-C,80.2,0.0085,3.9,1,1557504726885,19370228,623
2019-05-10 16:12:06.885,3.9,sell,6342.96,BTC-28JUN19-10000-C,80.2,0.0085,3.9,1,1557504726885,19370232,627
2019-05-10 16:12:06.885,2.6,sell,6342.96,BTC-28JUN19-10000-C,80.2,0.0085,2.6,1,1557504726885,19370236,631
2019-05-10 16:12:06.885,4.7,sell,6342.96,BTC-28JUN19-10000-C,80.2,0.0085,4.7,1,1557504726885,19370231,626
2019-05-10 16:12:06.885,1.1,sell,6342.96,BTC-28JUN19-10000-C,80.2,0.0085,1.1,1,1557504726885,19370234,629
2019-05-10 16:12:06.885,5.2,sell,6342.96,BTC-28JUN19-10000-C,80.2,0.0085,5.2,1,1557504726885,19370233,628
2019-05-10 16:12:06.885,7.8,sell,6342.96,BTC-28JUN19-10000-C,80.2,0.0085,7.8,1,1557504726885,19370230,625
2019-05-10 16:12:06.885,11.0,sell,6342.96,BTC-28JUN19-10000-C,80.2,0.0085,11.0,1,1557504726885,19370235,630
2019-05-10 16:12:06.885,2.8000000000000003,sell,6342.96,BTC-28JUN19-10000-C,80.2,0.0085,2.8000000000000003,1,1557504726885,19370229,624
2019-05-10 16:12:48.416,3.9,sell,6344.85,BTC-28JUN19-10000-C,80.14,0.0085,3.9,1,1557504768416,19370437,633
2019-05-10 16:12:48.416,3.1,sell,6344.85,BTC-28JUN19-10000-C,80.14,0.0085,3.1,1,1557504768416,19370438,634
2019-05-10 16:12:48.416,1.3,sell,6344.85,BTC-28JUN19-10000-C,80.14,0.0085,1.3,1,1557504768416,19370436,632
2019-05-10 16:44:11.580,0.1,buy,6374.52,BTC-28JUN19-10000-C,81.56,0.0095,0.1,0,1557506651580,19375615,636
2019-05-10 16:44:11.580,0.3,buy,6374.52,BTC-28JUN19-10000-C,80.62,0.009000000000000001,0.3,0,1557506651580,19375614,635
2019-05-10 16:44:11.580,0.1,buy,6374.52,BTC-28JUN19-10000-C,81.56,0.0095,0.1,1,1557506651580,19375617,638
2019-05-10 16:44:11.580,0.3,buy,6374.52,BTC-28JUN19-10000-C,81.56,0.0095,0.3,1,1557506651580,19375618,639
2019-05-10 16:44:11.580,0.2,buy,6374.52,BTC-28JUN19-10000-C,81.56,0.0095,0.2,1,1557506651580,19375616,637
2019-05-10 18:29:20.719,6.0,sell,6400.48,BTC-28JUN19-10000-C,78.32,0.008,6.0,2,1557512960719,19389484,640
2019-05-10 18:37:10.352,0.5,buy,6398.69,BTC-28JUN19-10000-C,80.33,0.009000000000000001,0.5,0,1557513430352,19389792,641
2019-05-10 18:37:10.352,19.5,buy,6398.69,BTC-28JUN19-10000-C,80.33,0.009000000000000001,19.5,1,1557513430352,19389793,642
2019-05-10 22:37:50.815,0.1,buy,6353.72,BTC-28JUN19-10000-C,82.29,0.0095,0.1,0,1557527870815,19412454,643
2019-05-11 02:06:21.333,0.5,buy,6477.97,BTC-28JUN19-10000-C,78.84,0.009000000000000001,0.5,2,1557540381333,19426431,644
2019-05-11 03:25:50.604,0.3,sell,6529.84,BTC-28JUN19-10000-C,75.66,0.008,0.3,2,1557545150604,19438003,645
2019-05-11 04:46:09.892,0.5,buy,6662.83,BTC-28JUN19-10000-C,75.89,0.0095,0.5,0,1557549969892,19449752,646
2019-05-11 04:49:12.923,0.2,buy,6703.56,BTC-28JUN19-10000-C,75.89,0.01,0.2,0,1557550152923,19452307,647
2019-05-11 05:19:38.882,0.3,buy,6700.07,BTC-28JUN19-10000-C,75.82,0.01,0.3,1,1557551978882,19465749,648
2019-05-11 05:19:38.882,0.2,buy,6700.07,BTC-28JUN19-10000-C,75.82,0.01,0.2,1,1557551978882,19465750,649
2019-05-11 06:09:09.076,10.0,buy,6813.43,BTC-28JUN19-10000-C,73.82,0.01,10.0,1,1557554949076,19481158,650
2019-05-11 06:12:00.399,0.5,buy,6857.45,BTC-28JUN19-10000-C,74.48,0.011000000000000001,0.5,0,1557555120399,19484013,651
2019-05-11 06:41:09.449,0.9,buy,6853.41,BTC-28JUN19-10000-C,73.21,0.01,0.9,2,1557556869449,19506144,652
2019-05-11 07:36:01.110,1.0,buy,6834.31,BTC-28JUN19-10000-C,75.02,0.011000000000000001,1.0,0,1557560161110,19526235,653
2019-05-11 08:04:30.338,2.0,buy,6810.69,BTC-28JUN19-10000-C,74.58,0.0105,2.0,2,1557561870338,19530312,654
2019-05-11 09:21:34.401,1.0,buy,6737.55,BTC-28JUN19-10000-C,77.63,0.0115,1.0,0,1557566494401,19543381,655
2019-05-11 09:21:58.952,1.0,buy,6740.7,BTC-28JUN19-10000-C,77.59,0.0115,1.0,1,1557566518952,19543398,656
2019-05-11 09:25:44.026,1.0,buy,6725.58,BTC-28JUN19-10000-C,77.88,0.0115,1.0,1,1557566744026,19543728,657
2019-05-11 09:40:27.317,1.0,buy,6798.84,BTC-28JUN19-10000-C,76.42,0.0115,1.0,1,1557567627317,19544878,658
2019-05-11 09:46:52.663,1.0,buy,6804.41,BTC-28JUN19-10000-C,76.38,0.0115,1.0,1,1557568012663,19545639,659
2019-05-11 10:17:05.047,2.0,buy,6833.5,BTC-28JUN19-10000-C,75.51,0.0115,2.0,1,1557569825047,19549206,660
2019-05-11 10:52:42.942,1.0,buy,6832.99,BTC-28JUN19-10000-C,78.7,0.0135,1.0,0,1557571962942,19553513,661
2019-05-11 10:58:49.554,10.0,buy,6841.25,BTC-28JUN19-10000-C,80.75,0.015,10.0,1,1557572329554,19554040,663
2019-05-11 10:58:49.554,0.5,buy,6841.25,BTC-28JUN19-10000-C,80.75,0.015,0.5,0,1557572329554,19554039,662
2019-05-11 11:30:58.100,0.1,buy,6813.16,BTC-28JUN19-10000-C,83.93,0.017,0.1,0,1557574258100,19556768,664
2019-05-11 14:05:53.535,2.0,sell,6809.33,BTC-28JUN19-10000-C,77.91,0.013000000000000001,2.0,2,1557583553535,19569937,665
2019-05-11 14:15:52.790,1.0,buy,6805.93,BTC-28JUN19-10000-C,80.43,0.0145,1.0,0,1557584152790,19571487,666
2019-05-11 14:42:02.295,1.0,sell,6787.77,BTC-28JUN19-10000-C,82.73,0.016,1.0,0,1557585722295,19574519,667
2019-05-11 16:13:50.894,1.0,buy,6980.44,BTC-28JUN19-10000-C,81.21,0.018000000000000002,1.0,0,1557591230894,19595485,668
2019-05-11 16:16:06.110,20.0,buy,6991.19,BTC-28JUN19-10000-C,82.75,0.0195,20.0,0,1557591366110,19596785,669
2019-05-11 16:17:33.998,1.0,buy,6993.29,BTC-28JUN19-10000-C,83.35,0.02,1.0,0,1557591453998,19597665,670
2019-05-11 16:18:44.009,1.0,buy,6991.15,BTC-28JUN19-10000-C,85.79,0.022000000000000002,1.0,0,1557591524009,19598212,671
2019-05-11 16:18:44.009,0.4,buy,6991.15,BTC-28JUN19-10000-C,86.36,0.0225,0.4,0,1557591524009,19598213,672
2019-05-11 16:20:03.686,24.0,sell,6984.5,BTC-28JUN19-10000-C,86.67,0.0225,24.0,1,1557591603686,19600002,673
2019-05-11 16:20:13.915,25.0,sell,6976.91,BTC-28JUN19-10000-C,86.83,0.0225,25.0,1,1557591613915,19600096,674
2019-05-11 16:22:21.926,24.0,sell,6990.31,BTC-28JUN19-10000-C,86.48,0.0225,24.0,1,1557591741926,19601768,675
2019-05-11 16:26:11.000,0.1,sell,6989.13,BTC-28JUN19-10000-C,86.5,0.0225,0.1,1,1557591971000,19602952,676
2019-05-11 16:26:53.023,5.0,sell,6983.53,BTC-28JUN19-10000-C,86.54,0.0225,5.0,1,1557592013023,19603191,677
2019-05-11 16:29:57.491,5.0,sell,6958.88,BTC-28JUN19-10000-C,86.96,0.0225,5.0,1,1557592197491,19604060,678
2019-05-11 16:30:04.730,5.0,sell,6947.6,BTC-28JUN19-10000-C,87.25,0.0225,5.0,1,1557592204730,19604203,679
2019-05-11 16:50:06.881,10.5,sell,6911.76,BTC-28JUN19-10000-C,88.02,0.0225,10.5,1,1557593406881,19608311,680
2019-05-11 16:51:40.982,4.0,buy,6923.93,BTC-28JUN19-10000-C,88.84,0.0235,4.0,0,1557593500982,19609755,681
2019-05-11 16:51:40.982,24.0,buy,6923.93,BTC-28JUN19-10000-C,88.84,0.0235,24.0,1,1557593500982,19609756,682
2019-05-11 16:51:40.982,22.0,buy,6923.93,BTC-28JUN19-10000-C,88.84,0.0235,22.0,1,1557593500982,19609757,683
2019-05-11 19:24:47.739,4.0,buy,6943.95,BTC-28JUN19-10000-C,89.11,0.024,4.0,0,1557602687739,19631124,684
2019-05-11 21:33:04.415,2.0,sell,6934.22,BTC-28JUN19-10000-C,80.95,0.017,2.0,2,1557610384415,19639928,685
2019-05-11 22:06:19.705,1.0,buy,7204.45,BTC-28JUN19-10000-C,83.87,0.025,1.0,0,1557612379705,19654161,686
2019-05-11 22:34:40.171,0.4,buy,7325.67,BTC-28JUN19-10000-C,83.02,0.0275,0.4,0,1557614080171,19673667,687
2019-05-11 22:35:03.047,1.0,sell,7308.25,BTC-28JUN19-10000-C,83.77,0.0275,1.0,1,1557614103047,19674300,688
2019-05-12 04:56:28.862,1.0,sell,7188.3,BTC-28JUN19-10000-C,81.34,0.0215,1.0,2,1557636988862,19808163,689
2019-05-12 07:08:24.260,3.0,buy,7441.64,BTC-28JUN19-10000-C,88.03,0.033,3.0,0,1557644904260,19828704,690
2019-05-12 07:27:07.734,17.0,buy,7518.54,BTC-28JUN19-10000-C,86.4,0.033,17.0,1,1557646027734,19835764,691
2019-05-12 07:48:04.742,0.8,buy,7522.26,BTC-28JUN19-10000-C,88.11,0.035,0.8,0,1557647284742,19840438,692
2019-05-12 08:12:09.137,0.2,sell,7458.43,BTC-28JUN19-10000-C,89.92,0.035,0.2,1,1557648729137,19846012,693
2019-05-12 08:12:51.059,12.8,sell,7333.25,BTC-28JUN19-10000-C,91.08,0.033,12.8,2,1557648771059,19848131,694
2019-05-12 08:18:01.214,70.2,sell,7343.0,BTC-28JUN19-10000-C,90.42,0.033,70.2,3,1557649081214,19854902,695
2019-05-12 09:22:59.383,0.1,buy,7503.99,BTC-28JUN19-10000-C,88.66,0.035,0.1,0,1557652979383,19874900,696
2019-05-12 09:29:36.564,0.9,sell,7503.7,BTC-28JUN19-10000-C,88.72,0.035,0.9,1,1557653376564,19877355,697
2019-05-12 09:32:41.075,0.8,sell,7520.36,BTC-28JUN19-10000-C,86.93,0.0335,0.8,2,1557653561075,19878317,698
2019-05-12 09:51:26.707,12.8,sell,7330.79,BTC-28JUN19-10000-C,91.13,0.0335,12.8,3,1557654686707,19890987,699
2019-05-12 09:51:31.004,12.8,sell,7326.73,BTC-28JUN19-10000-C,91.24,0.0335,12.8,3,1557654691004,19891085,700
2019-05-12 10:01:59.283,12.8,buy,7371.34,BTC-28JUN19-10000-C,95.11,0.0385,12.8,0,1557655319283,19896745,701
2019-05-12 10:02:16.520,2.0,sell,7366.23,BTC-28JUN19-10000-C,95.27,0.0385,2.0,1,1557655336520,19896839,702
2019-05-12 10:02:20.753,2.0,sell,7366.84,BTC-28JUN19-10000-C,95.25,0.0385,2.0,1,1557655340753,19896875,703
2019-05-12 10:03:13.195,2.0,sell,7360.6,BTC-28JUN19-10000-C,95.39,0.0385,2.0,1,1557655393195,19897422,704
2019-05-12 10:05:33.374,25.0,sell,7366.7,BTC-28JUN19-10000-C,95.17,0.0385,25.0,1,1557655533374,19898427,705
2019-05-12 10:05:41.978,25.0,sell,7368.08,BTC-28JUN19-10000-C,95.12,0.0385,25.0,1,1557655541978,19898428,706
2019-05-12 10:05:50.336,6.2,sell,7367.16,BTC-28JUN19-10000-C,95.14,0.0385,6.2,1,1557655550336,19898449,707
2019-05-12 10:44:23.980,5.0,buy,7373.71,BTC-28JUN19-10000-C,94.16,0.0375,5.0,2,1557657863980,19911830,708
2019-05-12 10:57:11.242,3.0,buy,7300.61,BTC-28JUN19-10000-C,88.56,0.03,3.0,2,1557658631242,19916060,709
2019-05-12 10:59:18.295,3.0,buy,7262.94,BTC-28JUN19-10000-C,89.3,0.03,3.0,3,1557658758295,19918088,710
