date_utc,amount,direction,indexPrice,instrument,iv,price,quantity,tickDirection,timeStamp,tradeId,tradeSeq
2019-02-18 02:37:37.487,0.2,buy,3659.43,BTC-28JUN19-10000-C,68.71,0.0015,0.2,3,1550457457487,15483165,403
2019-02-18 16:16:31.329,18.0,sell,3823.04,BTC-28JUN19-10000-C,63.28,0.001,18.0,2,1550506591329,15549846,404
2019-02-18 18:43:04.555,5.0,buy,3885.51,BTC-28JUN19-10000-C,65.34,0.0015,5.0,1,1550515384555,15573783,406
2019-02-18 18:43:04.555,1.8,buy,3885.51,BTC-28JUN19-10000-C,65.34,0.0015,1.8,0,1550515384555,15573782,405
2019-02-20 08:41:38.388,10.0,buy,3905.7,BTC-28JUN19-10000-C,67.68,0.002,10.0,0,1550652098388,15681283,407
2019-02-20 09:59:29.448,5.0,buy,3913.86,BTC-28JUN19-10000-C,69.52,0.0025,5.0,0,1550656769448,15683967,408
2019-02-20 12:09:52.456,5.0,sell,3928.39,BTC-28JUN19-10000-C,67.23,0.002,5.0,2,1550664592456,15691430,409
2019-02-20 12:09:52.456,4.0,sell,3928.39,BTC-28JUN19-10000-C,67.23,0.002,4.0,3,1550664592456,15691431,410
2019-02-21 00:12:48.434,1.0,sell,3920.2,BTC-28JUN19-10000-C,67.57,0.002,1.0,3,1550707968434,15716657,411
2019-02-21 03:49:12.845,5.0,buy,3933.33,BTC-28JUN19-10000-C,69.45,0.0025,5.0,1,1550720952845,15719521,413
2019-02-21 03:49:12.845,5.0,buy,3933.33,BTC-28JUN19-10000-C,69.45,0.0025,5.0,0,1550720952845,15719520,412
2019-02-21 10:07:05.053,0.1,sell,3898.1,BTC-28JUN19-10000-C,67.9,0.002,0.1,2,1550743625053,15737888,414
2019-02-21 10:07:06.132,0.1,buy,3898.1,BTC-28JUN19-10000-C,67.9,0.002,0.1,3,1550743626132,15737889,415
2019-02-21 10:07:16.810,0.1,buy,3898.21,BTC-28JUN19-10000-C,67.9,0.002,0.1,3,1550743636810,15737898,416
2019-02-21 10:07:27.439,0.1,buy,3898.21,BTC-28JUN19-10000-C,67.9,0.002,0.1,3,1550743647439,15737902,417
2019-02-21 10:07:43.177,0.1,buy,3897.7,BTC-28JUN19-10000-C,67.91,0.002,0.1,3,1550743663177,15737912,418
2019-02-21 10:07:57.862,0.1,buy,3897.7,BTC-28JUN19-10000-C,67.9,0.002,0.1,3,1550743677862,15737919,419
2019-02-21 10:08:13.385,0.1,buy,3897.71,BTC-28JUN19-10000-C,67.9,0.002,0.1,3,1550743693385,15737926,420
2019-02-21 10:08:28.951,0.1,buy,3897.71,BTC-28JUN19-10000-C,67.9,0.002,0.1,3,1550743708951,15737933,421
2019-02-21 11:39:30.236,1.8,buy,3891.7,BTC-28JUN19-10000-C,67.93,0.002,1.8,3,1550749170236,15741477,423
2019-02-21 11:39:30.236,1.2,buy,3891.7,BTC-28JUN19-10000-C,67.93,0.002,1.2,3,1550749170236,15741476,422
2019-02-22 01:45:10.107,8.0,sell,3904.1,BTC-28JUN19-10000-C,67.95,0.002,8.0,3,1550799910107,15753257,424
2019-02-22 07:47:37.500,10.0,sell,3890.99,BTC-28JUN19-10000-C,65.94,0.0015,10.0,2,1550821657500,15759687,425
2019-02-22 15:33:12.456,1.0,buy,3923.46,BTC-28JUN19-10000-C,67.96,0.002,1.0,0,1550849592456,15781721,426
2019-02-22 15:55:35.917,10.0,buy,3930.81,BTC-28JUN19-10000-C,69.79,0.0025,10.0,0,1550850935917,15782595,427
2019-02-22 17:50:13.633,2.0,buy,3935.56,BTC-28JUN19-10000-C,69.69,0.0025,2.0,1,1550857813633,15785063,429
2019-02-22 17:50:13.633,5.0,buy,3935.56,BTC-28JUN19-10000-C,69.69,0.0025,5.0,1,1550857813633,15785062,428
2019-02-22 17:59:37.266,5.0,buy,3941.84,BTC-28JUN19-10000-C,69.61,0.0025,5.0,1,1550858377266,15785326,430
2019-02-23 17:54:43.788,0.5,buy,4074.81,BTC-28JUN19-10000-C,68.13,0.0025,0.5,1,1550944483788,15828139,431
2019-02-23 19:30:14.249,10.0,buy,4122.2,BTC-28JUN19-10000-C,67.5,0.0025,10.0,1,1550950214249,15841684,433
2019-02-23 19:30:14.249,4.5,buy,4122.2,BTC-28JUN19-10000-C,67.5,0.0025,4.5,1,1550950214249,15841683,432
2019-02-23 22:10:23.769,0.5,sell,4104.22,BTC-28JUN19-10000-C,67.58,0.0025,0.5,1,1550959823769,15851693,434
2019-02-24 06:04:57.033,0.1,buy,4159.48,BTC-28JUN19-10000-C,66.91,0.0025,0.1,1,1550988297033,15869785,435
2019-02-24 06:49:00.140,0.1,buy,4157.81,BTC-28JUN19-10000-C,67.03,0.0025,0.1,1,1550990940140,15870823,436
2019-02-24 06:58:19.525,4.8,buy,4159.57,BTC-28JUN19-10000-C,67.01,0.0025,4.8,1,1550991499525,15870934,437
2019-02-24 06:58:19.525,10.0,buy,4159.57,BTC-28JUN19-10000-C,67.01,0.0025,10.0,1,1550991499525,15870935,438
2019-02-24 06:58:19.525,5.0,buy,4159.57,BTC-28JUN19-10000-C,67.01,0.0025,5.0,1,1550991499525,15870936,439
2019-02-25 21:18:23.169,0.1,buy,3823.34,BTC-28JUN19-10000-C,72.98,0.0025,0.1,1,1551129503169,16010723,440
2019-02-25 21:30:13.888,0.1,sell,3819.44,BTC-28JUN19-10000-C,70.95,0.002,0.1,2,1551130213888,16010885,441
2019-02-27 21:27:33.305,0.6,sell,3741.68,BTC-28JUN19-10000-C,72.73,0.002,0.6,3,1551302853305,16079531,442
2019-02-27 21:27:34.460,0.6,sell,3741.68,BTC-28JUN19-10000-C,72.73,0.002,0.6,3,1551302854460,16079532,443
2019-02-27 22:06:41.827,8.700000000000001,sell,3746.11,BTC-28JUN19-10000-C,72.59,0.002,8.700000000000001,3,1551305201827,16081329,444
2019-02-27 22:06:41.827,4.3,sell,3746.11,BTC-28JUN19-10000-C,72.59,0.002,4.3,3,1551305201827,16081330,445
2019-03-05 06:52:28.801,17.400000000000002,sell,3709.2,BTC-28JUN19-10000-C,74.74,0.002,17.400000000000002,3,1551768748801,16250479,446
2019-03-05 06:52:35.244,19.9,sell,3709.18,BTC-28JUN19-10000-C,74.74,0.002,19.9,3,1551768755244,16250481,447
2019-03-05 06:53:02.352,19.9,sell,3709.21,BTC-28JUN19-10000-C,74.74,0.002,19.9,3,1551768782352,16250482,448
2019-03-05 06:53:14.669,19.8,sell,3709.21,BTC-28JUN19-10000-C,74.74,0.002,19.8,3,1551768794669,16250488,449
2019-03-05 07:03:33.686,17.1,sell,3707.91,BTC-28JUN19-10000-C,74.74,0.002,17.1,3,1551769413686,16250571,450
2019-03-05 07:03:42.290,17.0,sell,3707.91,BTC-28JUN19-10000-C,74.74,0.002,17.0,3,1551769422290,16250578,451
2019-03-05 07:04:11.970,11.9,sell,3708.25,BTC-28JUN19-10000-C,74.72,0.002,11.9,3,1551769451970,16250581,452
2019-03-05 10:26:18.031,10.0,sell,3718.52,BTC-28JUN19-10000-C,74.59,0.002,10.0,3,1551781578031,16254026,453
2019-03-07 09:02:27.979,0.3,sell,3838.93,BTC-28JUN19-10000-C,70.62,0.0015,0.3,2,1551949347979,16346067,454
2019-03-07 22:13:50.477,1.0,sell,3861.35,BTC-28JUN19-10000-C,70.44,0.0015,1.0,3,1551996830477,16363076,455
2019-03-07 22:13:54.456,1.0,buy,3861.64,BTC-28JUN19-10000-C,72.95,0.002,1.0,0,1551996834456,16363077,456
2019-03-08 13:14:37.254,8.700000000000001,sell,3875.05,BTC-28JUN19-10000-C,70.55,0.0015,8.700000000000001,2,1552050877254,16384141,457
2019-03-08 13:14:37.254,1.3,sell,3875.05,BTC-28JUN19-10000-C,70.55,0.0015,1.3,3,1552050877254,16384142,458
2019-03-08 19:40:14.018,2.0,buy,3890.56,BTC-28JUN19-10000-C,72.82,0.002,2.0,0,1552074014018,16391576,459
2019-03-08 22:13:44.317,12.0,sell,3824.29,BTC-28JUN19-10000-C,73.99,0.002,12.0,1,1552083224317,16403238,460
2019-03-09 07:51:42.148,4.9,buy,3889.58,BTC-28JUN19-10000-C,73.0,0.002,4.9,1,1552117902148,16420102,461
2019-03-09 17:06:24.281,0.3,sell,3888.45,BTC-28JUN19-10000-C,70.84,0.0015,0.3,2,1552151184281,16441667,462
2019-03-10 19:04:33.621,1.0,buy,3881.76,BTC-28JUN19-10000-C,75.9,0.0025,1.0,0,1552244673621,16465772,463
2019-03-11 09:07:40.543,0.3,buy,3855.04,BTC-28JUN19-10000-C,74.36,0.002,0.3,2,1552295260543,16481310,464
2019-03-11 12:06:32.861,0.3,buy,3837.91,BTC-28JUN19-10000-C,74.56,0.002,0.3,3,1552305992861,16486068,465
2019-03-16 04:17:38.594,0.3,buy,4000.44,BTC-28JUN19-10000-C,73.66,0.002,0.3,3,1552709858594,16617992,466
2019-03-18 16:37:10.240,0.1,buy,3966.44,BTC-28JUN19-10000-C,75.2,0.002,0.1,3,1552927030240,16691784,467
2019-03-18 16:37:10.240,1.0,buy,3966.44,BTC-28JUN19-10000-C,75.2,0.002,1.0,3,1552927030240,16691785,468
2019-03-18 16:37:10.240,4.0,buy,3966.44,BTC-28JUN19-10000-C,75.2,0.002,4.0,3,1552927030240,16691786,469
2019-03-18 17:52:37.159,10.0,sell,3963.36,BTC-28JUN19-10000-C,72.6,0.0015,10.0,2,1552931557159,16692214,470
2019-03-19 17:38:34.180,3.0,sell,3996.45,BTC-28JUN19-10000-C,72.35,0.0015,3.0,3,1553017114180,16713386,471
2019-03-21 14:58:24.831,5.0,sell,3934.76,BTC-28JUN19-10000-C,74.35,0.0015,5.0,3,1553180304831,16762407,472
2019-03-21 20:37:08.263,2.0,sell,3972.72,BTC-28JUN19-10000-C,73.78,0.0015,2.0,3,1553200628263,16771031,473
2019-03-22 08:02:27.684,6.9,sell,3966.57,BTC-28JUN19-10000-C,74.04,0.0015,6.9,3,1553241747684,16775510,474
2019-03-22 08:02:30.151,3.1,sell,3966.57,BTC-28JUN19-10000-C,74.04,0.0015,3.1,3,1553241750151,16775516,475
2019-03-22 20:13:34.098,6.9,buy,3988.09,BTC-28JUN19-10000-C,73.94,0.0015,6.9,3,1553285614098,16781394,476
2019-03-23 13:23:55.437,10.0,sell,3960.99,BTC-28JUN19-10000-C,74.47,0.0015,10.0,3,1553347435437,16793269,477
2019-03-25 18:03:24.546,10.0,buy,3947.29,BTC-28JUN19-10000-C,75.66,0.0015,10.0,3,1553537004546,16815979,478
2019-03-27 01:17:38.814,0.3,buy,3944.65,BTC-28JUN19-10000-C,76.25,0.0015,0.3,3,1553649458814,16846775,479
2019-03-27 14:45:45.470,0.1,sell,4009.25,BTC-28JUN19-10000-C,71.96,0.001,0.1,2,1553697945470,16864325,480
2019-03-27 18:03:58.175,4.7,buy,4010.26,BTC-28JUN19-10000-C,75.42,0.0015,4.7,0,1553709838175,16867301,481
2019-03-27 18:03:58.175,6.9,buy,4010.26,BTC-28JUN19-10000-C,75.42,0.0015,6.9,1,1553709838175,16867302,482
