date_utc,amount,direction,indexPrice,instrument,iv,price,quantity,tickDirection,timeStamp,tradeId,tradeSeq
2019-04-10 05:34:44.517,0.1,sell,5239.74,BTC-31MAY19-5000-P,59.76,0.066,0.1,1,1554874484517,17592015,1
2019-04-10 11:04:03.551,4.3,sell,5245.7,BTC-31MAY19-5000-P,60.96,0.067,4.3,0,1554894243551,17596675,2
2019-04-10 12:48:33.824,0.1,buy,5277.77,BTC-31MAY19-5000-P,61.1,0.0645,0.1,2,1554900513824,17599514,3
2019-04-10 13:40:29.743,4.0,sell,5281.31,BTC-31MAY19-5000-P,60.97,0.064,4.0,2,1554903629743,17600754,4
2019-04-10 17:25:34.737,4.0,sell,5276.82,BTC-31MAY19-5000-P,60.09,0.063,4.0,2,1554917134737,17605650,5
2019-04-10 17:42:17.153,0.1,sell,5288.13,BTC-31MAY19-5000-P,59.31,0.061,0.1,2,1554918137153,17606050,6
2019-04-10 23:04:24.848,5.0,sell,5297.64,BTC-31MAY19-5000-P,63.59,0.066,5.0,0,1554937464848,17650226,7
2019-04-11 09:52:24.693,0.1,sell,5107.1,BTC-31MAY19-5000-P,66.7,0.087,0.1,0,1554976344693,17679918,8
2019-04-11 09:54:58.007,0.4,sell,5032.43,BTC-31MAY19-5000-P,70.37,0.1,0.4,0,1554976498007,17684211,9
2019-04-11 17:36:22.491,5.0,sell,5048.97,BTC-31MAY19-5000-P,59.75,0.0825,5.0,2,1555004182491,17709432,10
2019-04-12 14:57:27.428,2.0,buy,5084.67,BTC-31MAY19-5000-P,56.53,0.0735,2.0,2,1555081047428,17750707,11
2019-04-12 21:41:19.865,1.0,sell,5059.45,BTC-31MAY19-5000-P,56.33,0.0755,1.0,0,1555105279865,17760929,12
2019-04-13 04:48:25.776,1.0,sell,5114.41,BTC-31MAY19-5000-P,54.66,0.0675,1.0,2,1555130905776,17766574,13
2019-04-13 04:49:11.107,1.0,sell,5116.26,BTC-31MAY19-5000-P,54.43,0.067,1.0,2,1555130951107,17766604,14
2019-04-13 13:37:24.572,5.5,sell,5077.62,BTC-31MAY19-5000-P,56.25,0.073,5.5,0,1555162644572,17778395,15
2019-04-14 22:27:55.578,0.1,buy,5158.76,BTC-31MAY19-5000-P,59.0,0.068,0.1,2,1555280875578,17806560,16
2019-04-15 06:15:43.755,5.0,sell,5167.86,BTC-31MAY19-5000-P,54.33,0.0605,5.0,2,1555308943755,17814483,17
2019-04-15 10:48:58.714,0.5,buy,5150.21,BTC-31MAY19-5000-P,56.58,0.065,0.5,0,1555325338714,17816940,18
2019-04-15 10:49:07.450,0.5,buy,5150.26,BTC-31MAY19-5000-P,56.95,0.0655,0.5,0,1555325347450,17816941,19
2019-04-16 03:22:28.541,0.1,sell,5053.47,BTC-31MAY19-5000-P,55.36,0.07200000000000001,0.1,0,1555384948541,17851070,20
2019-04-16 06:48:55.350,0.1,buy,5068.36,BTC-31MAY19-5000-P,58.7,0.075,0.1,0,1555397335350,17853836,21
2019-04-16 09:52:15.897,0.5,sell,5084.4,BTC-31MAY19-5000-P,54.85,0.068,0.5,2,1555408335897,17855289,22
2019-04-16 14:39:09.281,1.2,buy,5053.06,BTC-31MAY19-5000-P,57.79,0.075,1.2,0,1555425549281,17860875,23
2019-04-16 16:39:09.284,10.0,sell,5086.55,BTC-31MAY19-5000-P,56.27,0.0695,10.0,2,1555432749284,17864285,24
2019-04-16 17:22:31.155,0.1,buy,5110.76,BTC-31MAY19-5000-P,55.06,0.0655,0.1,2,1555435351155,17865707,25
2019-04-16 21:42:18.211,0.1,buy,5200.2,BTC-31MAY19-5000-P,55.55,0.057999999999999996,0.1,2,1555450938211,17880754,26
2019-04-17 11:31:13.237,5.0,sell,5235.27,BTC-31MAY19-5000-P,52.01,0.05,5.0,2,1555500673237,17896566,27
2019-04-17 11:40:47.191,6.0,buy,5246.67,BTC-31MAY19-5000-P,51.93,0.049,6.0,2,1555501247191,17896968,28
2019-04-17 11:41:52.602,4.0,buy,5258.51,BTC-31MAY19-5000-P,52.64,0.049,4.0,3,1555501312602,17897150,29
2019-04-17 11:42:35.149,2.0,sell,5255.39,BTC-31MAY19-5000-P,51.68,0.048,2.0,2,1555501355149,17897189,30
2019-04-17 20:50:31.430,0.1,buy,5225.1,BTC-31MAY19-5000-P,53.92,0.053,0.1,0,1555534231430,17908376,31
2019-04-17 23:36:25.529,0.1,sell,5219.14,BTC-31MAY19-5000-P,52.08,0.051,0.1,2,1555544185529,17910531,32
2019-04-18 09:48:24.395,1.0,sell,5245.71,BTC-31MAY19-5000-P,52.82,0.0495,1.0,2,1555580904395,17921131,33
2019-04-18 15:49:05.680,3.0,sell,5281.75,BTC-31MAY19-5000-P,51.59,0.045,3.0,2,1555602545680,17924920,34
2019-04-18 23:09:38.979,0.1,sell,5282.49,BTC-31MAY19-5000-P,51.82,0.045,0.1,3,1555628978979,17938220,35
2019-04-19 16:23:25.894,9.9,sell,5297.94,BTC-31MAY19-5000-P,50.74,0.042,9.9,3,1555691005894,17955553,37
2019-04-19 16:23:25.894,0.1,sell,5297.94,BTC-31MAY19-5000-P,50.74,0.042,0.1,2,1555691005894,17955552,36
2019-04-20 21:39:15.829,0.3,buy,5293.52,BTC-31MAY19-5000-P,50.42,0.040999999999999995,0.3,2,1555796355829,17989706,38
2019-04-21 14:25:40.515,1.0,sell,5258.35,BTC-31MAY19-5000-P,50.4,0.043,1.0,0,1555856740515,18015814,39
2019-04-21 17:11:10.043,12.8,sell,5265.79,BTC-31MAY19-5000-P,50.1,0.042,12.8,2,1555866670043,18017681,40
2019-04-21 19:45:41.789,0.1,sell,5260.82,BTC-31MAY19-5000-P,49.46,0.0415,0.1,2,1555875941789,18021532,41
2019-04-22 00:45:51.950,10.0,sell,5300.47,BTC-31MAY19-5000-P,49.87,0.039,10.0,2,1555893951950,18027762,42
2019-04-22 05:00:34.309,5.0,buy,5277.87,BTC-31MAY19-5000-P,51.98,0.043,5.0,0,1555909234309,18031622,43
2019-04-22 10:20:41.112,10.0,sell,5300.29,BTC-31MAY19-5000-P,50.12,0.039,10.0,2,1555928441112,18034888,44
2019-04-22 10:46:10.607,3.0,sell,5312.36,BTC-31MAY19-5000-P,49.56,0.0375,3.0,2,1555929970607,18035309,45
2019-04-22 16:15:26.775,0.5,buy,5293.78,BTC-31MAY19-5000-P,52.42,0.042,0.5,0,1555949726775,18050493,46
2019-04-22 17:13:53.661,0.1,sell,5306.99,BTC-31MAY19-5000-P,51.55,0.04,0.1,2,1555953233661,18052119,47
2019-04-22 17:13:53.661,4.4,sell,5306.99,BTC-31MAY19-5000-P,49.42,0.0375,4.4,2,1555953233661,18052120,48
2019-04-23 04:23:36.965,1.2,sell,5505.79,BTC-31MAY19-5000-P,53.76,0.03,1.2,2,1555993416965,18082189,49
2019-04-23 04:24:01.892,12.8,sell,5547.58,BTC-31MAY19-5000-P,55.84,0.03,12.8,3,1555993441892,18083668,50
2019-04-23 04:24:05.819,11.0,sell,5555.16,BTC-31MAY19-5000-P,56.21,0.03,11.0,3,1555993445819,18083819,51
2019-04-23 04:24:39.931,0.5,sell,5580.77,BTC-31MAY19-5000-P,56.48,0.029,0.5,2,1555993479931,18084489,52
2019-04-23 04:26:25.663,0.1,sell,5619.37,BTC-31MAY19-5000-P,52.19,0.023,0.1,2,1555993585663,18086824,53
2019-04-23 04:46:44.758,1.2,buy,5492.11,BTC-31MAY19-5000-P,52.13,0.028999999999999998,1.2,0,1555994804758,18094035,54
2019-04-23 07:43:03.965,7.7,buy,5549.65,BTC-31MAY19-5000-P,57.01,0.031,7.7,0,1556005383965,18100842,55
2019-04-23 09:37:57.298,6.8,buy,5531.82,BTC-31MAY19-5000-P,57.13,0.032,6.8,0,1556012277298,18104487,56
2019-04-23 13:11:09.928,0.4,buy,5562.89,BTC-31MAY19-5000-P,58.81,0.032,0.4,1,1556025069928,18109905,57
2019-04-23 16:27:03.167,3.0,buy,5553.91,BTC-31MAY19-5000-P,59.43,0.033,3.0,0,1556036823167,18115313,58
2019-04-23 16:42:27.431,5.0,sell,5575.25,BTC-31MAY19-5000-P,59.54,0.032,5.0,2,1556037747431,18115856,59
2019-04-23 17:28:42.299,3.0,sell,5611.28,BTC-31MAY19-5000-P,59.86,0.0305,3.0,2,1556040522299,18117161,60
2019-04-23 17:29:40.915,1.0,buy,5598.26,BTC-31MAY19-5000-P,60.21,0.0315,1.0,0,1556040580915,18117547,61
2019-04-23 18:48:18.370,0.1,sell,5596.9,BTC-31MAY19-5000-P,58.71,0.03,0.1,2,1556045298370,18120520,62
2019-04-24 01:13:20.455,12.0,buy,5514.57,BTC-31MAY19-5000-P,57.7,0.033,12.0,0,1556068400455,18135308,63
2019-04-24 01:16:58.869,0.1,buy,5507.42,BTC-31MAY19-5000-P,57.81,0.0335,0.1,0,1556068618869,18135892,64
2019-04-24 02:26:25.702,1.0,sell,5555.16,BTC-31MAY19-5000-P,59.82,0.033,1.0,2,1556072785702,18140485,65
2019-04-24 04:37:14.467,10.0,buy,5595.43,BTC-31MAY19-5000-P,59.95,0.031,10.0,2,1556080634467,18143936,66
2019-04-24 08:43:36.009,1.0,sell,5487.03,BTC-31MAY19-5000-P,59.33,0.036000000000000004,1.0,0,1556095416009,18162680,67
2019-04-24 10:54:22.262,10.0,buy,5423.17,BTC-31MAY19-5000-P,59.55,0.04,10.0,0,1556103262262,18169829,68
2019-04-24 11:17:27.581,6.0,buy,5397.65,BTC-31MAY19-5000-P,59.0,0.040999999999999995,6.0,0,1556104647581,18172977,69
2019-04-24 14:58:27.378,1.0,sell,5466.05,BTC-31MAY19-5000-P,58.87,0.0365,1.0,2,1556117907378,18179720,70
2019-04-25 11:59:16.088,0.1,sell,5468.09,BTC-31MAY19-5000-P,57.8,0.0345,0.1,2,1556193556088,18219601,71
2019-04-25 22:10:07.372,1.0,buy,5062.28,BTC-31MAY19-5000-P,66.52,0.076,1.0,0,1556230207372,18253044,72
2019-04-25 22:10:26.257,1.0,buy,5040.67,BTC-31MAY19-5000-P,65.95,0.0775,1.0,0,1556230226257,18253692,73
2019-04-25 22:10:58.890,1.0,sell,5012.67,BTC-31MAY19-5000-P,68.83,0.084,1.0,0,1556230258890,18254799,74
2019-04-25 22:11:11.405,1.0,sell,5002.97,BTC-31MAY19-5000-P,65.15,0.0805,1.0,2,1556230271405,18255368,75
2019-04-25 22:11:22.098,1.0,buy,4987.08,BTC-31MAY19-5000-P,64.57,0.0815,1.0,0,1556230282098,18255827,76
2019-04-25 22:11:51.629,1.0,buy,4999.5,BTC-31MAY19-5000-P,64.04,0.0795,1.0,2,1556230311629,18256791,77
2019-04-25 22:12:05.821,1.0,buy,4998.86,BTC-31MAY19-5000-P,68.44,0.085,1.0,0,1556230325821,18257378,78
2019-04-25 22:12:09.086,1.0,sell,5000.76,BTC-31MAY19-5000-P,58.49,0.0725,1.0,2,1556230329086,18257495,79
2019-04-25 22:12:11.804,0.7000000000000001,buy,4996.56,BTC-31MAY19-5000-P,58.13,0.0725,0.7000000000000001,3,1556230331804,18257587,80
2019-04-25 22:12:32.954,2.0,buy,4989.3,BTC-31MAY19-5000-P,66.79,0.084,2.0,0,1556230352954,18258162,81
2019-04-25 22:12:43.516,1.0,buy,4992.85,BTC-31MAY19-5000-P,67.5,0.0845,1.0,0,1556230363516,18258532,82
2019-04-25 22:14:27.358,1.0,sell,5095.74,BTC-31MAY19-5000-P,64.32,0.07,1.0,2,1556230467358,18262153,83
2019-04-25 22:14:43.865,5.0,buy,5106.02,BTC-31MAY19-5000-P,61.85,0.066,5.0,2,1556230483865,18262574,84
2019-04-26 01:05:58.290,0.1,sell,5137.2,BTC-31MAY19-5000-P,61.46,0.0625,0.1,2,1556240758290,18292541,85
2019-04-26 01:09:07.568,4.0,sell,5140.59,BTC-31MAY19-5000-P,58.4,0.0585,4.0,2,1556240947568,18292836,86
2019-04-26 11:41:13.129,0.1,sell,5164.2,BTC-31MAY19-5000-P,59.68,0.0575,0.1,2,1556278873129,18326467,87
2019-04-26 12:14:55.195,0.1,buy,5132.95,BTC-31MAY19-5000-P,57.79,0.057999999999999996,0.1,0,1556280895195,18327453,88
2019-04-26 16:01:33.821,0.1,buy,5109.41,BTC-31MAY19-5000-P,60.28,0.063,0.1,0,1556294493821,18333759,89
2019-04-26 17:40:49.234,0.1,sell,5117.73,BTC-31MAY19-5000-P,62.24,0.0645,0.1,0,1556300449234,18342524,90
2019-04-26 21:14:28.435,12.0,sell,5096.84,BTC-31MAY19-5000-P,59.06,0.0625,12.0,2,1556313268435,18348835,91
2019-04-26 22:11:03.097,1.0,sell,5166.49,BTC-31MAY19-5000-P,59.81,0.057,1.0,2,1556316663097,18351750,92
2019-04-27 03:34:08.642,1.0,sell,5152.07,BTC-31MAY19-5000-P,58.08,0.055999999999999994,1.0,2,1556336048642,18356100,93
2019-04-27 14:43:22.419,0.2,sell,5172.65,BTC-31MAY19-5000-P,57.87,0.0535,0.2,2,1556376202419,18365849,94
2019-04-27 19:21:06.187,1.0,sell,5186.81,BTC-31MAY19-5000-P,56.91,0.051,1.0,2,1556392866187,18370567,95
2019-04-28 22:33:48.585,4.0,sell,5143.8,BTC-31MAY19-5000-P,60.76,0.057999999999999996,4.0,0,1556490828585,18403623,96
2019-04-29 06:21:43.133,4.0,buy,5183.45,BTC-31MAY19-5000-P,62.36,0.055999999999999994,4.0,2,1556518903133,18409551,97
2019-04-29 14:47:55.848,12.0,sell,5159.98,BTC-31MAY19-5000-P,60.03,0.055,12.0,2,1556549275848,18428301,98
2019-04-29 22:42:19.856,0.1,buy,5129.91,BTC-31MAY19-5000-P,63.26,0.061,0.1,0,1556577739856,18441115,99
2019-04-30 10:06:52.294,0.6,sell,5169.48,BTC-31MAY19-5000-P,61.54,0.055,0.6,3,1556618812294,18454279,101
2019-04-30 10:06:52.294,0.3,sell,5169.48,BTC-31MAY19-5000-P,61.54,0.055,0.3,2,1556618812294,18454278,100
2019-04-30 15:27:03.266,0.3,buy,5255.5,BTC-31MAY19-5000-P,62.24,0.0485,0.3,2,1556638023266,18477207,102
2019-04-30 15:27:03.364,0.3,buy,5255.5,BTC-31MAY19-5000-P,62.24,0.0485,0.3,3,1556638023364,18477216,103
2019-04-30 15:27:04.353,0.3,buy,5255.78,BTC-31MAY19-5000-P,62.26,0.0485,0.3,3,1556638024353,18477231,104
2019-04-30 15:27:04.458,0.3,buy,5255.78,BTC-31MAY19-5000-P,62.73,0.049,0.3,0,1556638024458,18477241,105
2019-04-30 15:27:04.522,0.3,buy,5255.78,BTC-31MAY19-5000-P,62.73,0.049,0.3,1,1556638024522,18477251,106
2019-04-30 15:27:04.606,0.3,buy,5255.78,BTC-31MAY19-5000-P,62.73,0.049,0.3,1,1556638024606,18477259,107
2019-04-30 15:27:05.086,0.3,buy,5255.78,BTC-31MAY19-5000-P,63.19,0.0495,0.3,0,1556638025086,18477269,108
2019-04-30 15:27:05.173,0.3,buy,5255.78,BTC-31MAY19-5000-P,63.19,0.0495,0.3,1,1556638025173,18477277,109
2019-04-30 15:27:05.709,0.3,buy,5255.76,BTC-31MAY19-5000-P,63.19,0.0495,0.3,1,1556638025709,18477283,110
2019-04-30 15:27:05.769,0.3,buy,5255.76,BTC-31MAY19-5000-P,63.19,0.0495,0.3,1,1556638025769,18477289,111
2019-04-30 18:56:20.503,3.0,sell,5249.33,BTC-31MAY19-5000-P,60.56,0.047,3.0,2,1556650580503,18481852,112
2019-04-30 21:56:13.963,0.4,sell,5258.65,BTC-31MAY19-5000-P,61.35,0.047,0.4,3,1556661373963,18484520,113
2019-04-30 22:03:39.146,0.1,buy,5265.88,BTC-31MAY19-5000-P,62.33,0.0475,0.1,1,1556661819146,18484922,115
2019-04-30 22:03:39.146,0.4,buy,5265.88,BTC-31MAY19-5000-P,62.33,0.0475,0.4,0,1556661819146,18484921,114
2019-04-30 22:16:58.550,25.0,sell,5270.77,BTC-31MAY19-5000-P,62.22,0.047,25.0,2,1556662618550,18485356,116
2019-04-30 22:18:17.356,0.4,sell,5273.62,BTC-31MAY19-5000-P,62.42,0.047,0.4,3,1556662697356,18485500,117
2019-04-30 22:18:27.157,1.2,sell,5273.63,BTC-31MAY19-5000-P,62.42,0.047,1.2,3,1556662707157,18485503,118
2019-05-01 00:26:08.706,6.5,buy,5310.25,BTC-31MAY19-5000-P,61.27,0.043,6.5,2,1556670368706,18491557,119
2019-05-01 02:09:54.732,0.4,sell,5317.17,BTC-31MAY19-5000-P,61.81,0.043,0.4,3,1556676594732,18493980,120
2019-05-01 03:20:58.912,0.4,buy,5308.49,BTC-31MAY19-5000-P,59.84,0.0415,0.4,2,1556680858912,18496133,121
2019-05-01 05:22:55.063,4.0,sell,5320.36,BTC-31MAY19-5000-P,59.27,0.04,4.0,2,1556688175063,18498477,122
2019-05-01 08:07:14.842,0.4,buy,5305.21,BTC-31MAY19-5000-P,62.2,0.044,0.4,0,1556698034842,18500127,123
2019-05-01 11:38:47.295,6.9,sell,5315.87,BTC-31MAY19-5000-P,58.26,0.039,6.9,2,1556710727295,18504814,124
2019-05-02 04:04:14.723,0.1,buy,5317.23,BTC-31MAY19-5000-P,60.5,0.0405,0.1,0,1556769854723,18530681,125
2019-05-02 04:58:23.676,5.0,sell,5320.66,BTC-31MAY19-5000-P,60.28,0.04,5.0,2,1556773103676,18532592,126
2019-05-02 07:16:56.165,0.5,sell,5336.02,BTC-31MAY19-5000-P,61.42,0.04,0.5,3,1556781416165,18534152,127
2019-05-02 07:23:55.803,0.1,buy,5328.44,BTC-31MAY19-5000-P,60.42,0.0395,0.1,2,1556781835803,18536075,128
2019-05-02 07:46:02.033,0.1,sell,5342.1,BTC-31MAY19-5000-P,60.36,0.0385,0.1,2,1556783162033,18536989,129
2019-05-02 14:07:18.551,1.0,buy,5368.09,BTC-31MAY19-5000-P,62.35,0.0385,1.0,3,1556806038551,18552293,130
2019-05-02 14:52:22.588,0.5,sell,5376.05,BTC-31MAY19-5000-P,59.86,0.0355,0.5,2,1556808742588,18554846,131
2019-05-02 16:48:35.848,4.0,sell,5379.14,BTC-31MAY19-5000-P,59.63,0.035,4.0,2,1556815715848,18563571,132
2019-05-02 16:52:47.891,3.0,sell,5381.4,BTC-31MAY19-5000-P,59.27,0.0345,3.0,2,1556815967891,18563659,133
2019-05-03 00:22:49.351,0.1,buy,5378.38,BTC-31MAY19-5000-P,61.97,0.037000000000000005,0.1,0,1556842969351,18577814,134
2019-05-03 00:22:49.351,0.9,buy,5378.38,BTC-31MAY19-5000-P,61.97,0.037000000000000005,0.9,1,1556842969351,18577815,135
2019-05-03 01:41:47.919,10.0,sell,5419.12,BTC-31MAY19-5000-P,15.5,0.0005,10.0,3,1556847707919,18582216,141
2019-05-03 01:41:47.919,0.2,sell,5419.12,BTC-31MAY19-5000-P,15.5,0.0005,0.2,2,1556847707919,18582215,140
2019-05-03 01:41:47.919,0.1,sell,5419.12,BTC-31MAY19-5000-P,55.67,0.0285,0.1,2,1556847707919,18582214,139
2019-05-03 01:41:47.919,5.0,sell,5419.12,BTC-31MAY19-5000-P,57.28,0.03,5.0,2,1556847707919,18582212,137
2019-05-03 01:41:47.919,7.0,sell,5419.12,BTC-31MAY19-5000-P,56.75,0.0295,7.0,2,1556847707919,18582213,138
2019-05-03 01:41:47.919,0.3,sell,5419.12,BTC-31MAY19-5000-P,60.47,0.033,0.3,2,1556847707919,18582211,136
2019-05-03 01:42:44.200,17.400000000000002,sell,5423.34,BTC-31MAY19-5000-P,56.47,0.029,17.400000000000002,0,1556847764200,18582283,142
2019-05-03 02:57:55.556,5.0,sell,5468.63,BTC-31MAY19-5000-P,60.87,0.0305,5.0,0,1556852275556,18591765,143
2019-05-03 03:13:20.913,0.1,buy,5456.14,BTC-31MAY19-5000-P,61.21,0.0315,0.1,0,1556853200913,18592650,144
2019-05-03 06:19:09.138,0.3,sell,5525.65,BTC-31MAY19-5000-P,61.01,0.0275,0.3,2,1556864349138,18601024,145
2019-05-03 06:21:35.158,2.0,sell,5518.17,BTC-31MAY19-5000-P,61.15,0.028,2.0,0,1556864495158,18601722,146
2019-05-03 06:25:35.198,0.2,sell,5539.84,BTC-31MAY19-5000-P,61.25,0.027000000000000003,0.2,2,1556864735198,18602641,147
2019-05-03 06:34:27.004,10.0,sell,5553.29,BTC-31MAY19-5000-P,61.43,0.0265,10.0,2,1556865267004,18604735,148
2019-05-03 06:34:35.115,10.0,sell,5558.11,BTC-31MAY19-5000-P,61.7,0.0265,10.0,3,1556865275115,18604916,149
2019-05-03 07:28:19.692,0.2,sell,5540.07,BTC-31MAY19-5000-P,59.0,0.025,0.2,2,1556868499692,18611639,150
2019-05-03 07:58:49.922,0.1,sell,5581.75,BTC-31MAY19-5000-P,59.53,0.0235,0.1,2,1556870329922,18616657,151
2019-05-03 08:18:34.725,0.4,buy,5575.0,BTC-31MAY19-5000-P,62.72,0.0265,0.4,0,1556871514725,18618854,152
2019-05-03 08:18:34.725,5.0,buy,5575.0,BTC-31MAY19-5000-P,62.72,0.0265,5.0,1,1556871514725,18618855,153
2019-05-03 08:18:34.776,6.9,sell,5575.0,BTC-31MAY19-5000-P,62.72,0.0265,6.9,1,1556871514776,18618856,154
2019-05-03 08:18:48.616,25.0,sell,5574.21,BTC-31MAY19-5000-P,62.68,0.0265,25.0,1,1556871528616,18618873,155
2019-05-03 08:38:55.656,10.0,sell,5619.4,BTC-31MAY19-5000-P,62.78,0.0245,10.0,2,1556872735656,18622033,156
2019-05-03 08:41:38.702,0.4,sell,5627.68,BTC-31MAY19-5000-P,63.22,0.0245,0.4,3,1556872898702,18623328,157
2019-05-03 08:41:39.787,1.3,sell,5628.17,BTC-31MAY19-5000-P,63.24,0.0245,1.3,3,1556872899787,18623335,158
2019-05-03 09:19:12.474,10.0,sell,5684.07,BTC-31MAY19-5000-P,62.44,0.0215,10.0,2,1556875152474,18641509,159
2019-05-03 09:19:22.077,10.0,sell,5688.07,BTC-31MAY19-5000-P,62.01,0.021,10.0,2,1556875162077,18641550,160
2019-05-03 09:20:52.676,1.0,sell,5685.07,BTC-31MAY19-5000-P,61.86,0.021,1.0,3,1556875252676,18641925,161
2019-05-03 09:22:02.178,1.0,buy,5673.48,BTC-31MAY19-5000-P,61.91,0.0215,1.0,0,1556875322178,18642080,162
2019-05-03 09:46:18.624,3.0,sell,5750.62,BTC-31MAY19-5000-P,61.78,0.0185,3.0,2,1556876778624,18650711,163
2019-05-03 09:53:24.753,0.1,buy,5787.6,BTC-31MAY19-5000-P,66.27,0.0205,0.1,0,1556877204753,18652870,164
2019-05-03 16:11:18.151,1.0,sell,5716.95,BTC-31MAY19-5000-P,61.8,0.0195,1.0,3,1556899878151,18692198,166
2019-05-03 16:11:18.151,1.0,sell,5716.95,BTC-31MAY19-5000-P,61.8,0.0195,1.0,2,1556899878151,18692197,165
2019-05-03 17:07:59.762,1.0,buy,5688.39,BTC-31MAY19-5000-P,62.39,0.021,1.0,0,1556903279762,18694516,167
2019-05-03 20:53:32.628,2.0,sell,5685.63,BTC-31MAY19-5000-P,60.46,0.0195,2.0,2,1556916812628,18707623,168
2019-05-03 22:30:23.507,1.0,sell,5670.08,BTC-31MAY19-5000-P,59.76,0.0195,1.0,3,1556922623507,18713856,169
2019-05-04 00:31:55.585,0.2,sell,5748.58,BTC-31MAY19-5000-P,63.06,0.019,0.2,2,1556929915585,18726546,170
2019-05-04 02:04:33.593,0.1,buy,5758.7,BTC-31MAY19-5000-P,62.24,0.018000000000000002,0.1,2,1556935473593,18736819,171
2019-05-04 02:04:33.712,0.1,sell,5758.39,BTC-31MAY19-5000-P,62.23,0.018000000000000002,0.1,3,1556935473712,18736830,172
2019-05-04 02:04:33.745,0.1,sell,5758.39,BTC-31MAY19-5000-P,62.23,0.018000000000000002,0.1,3,1556935473745,18736844,173
2019-05-04 03:29:11.961,0.1,buy,5740.48,BTC-31MAY19-5000-P,62.81,0.019,0.1,0,1556940551961,18741491,174
2019-05-04 04:07:27.975,0.1,buy,5707.54,BTC-31MAY19-5000-P,62.56,0.02,0.1,0,1556942847975,18745045,175
2019-05-04 05:10:43.268,0.2,sell,5697.29,BTC-31MAY19-5000-P,62.1,0.02,0.2,1,1556946643268,18749929,176
2019-05-04 07:31:12.814,1.0,sell,5750.11,BTC-31MAY19-5000-P,62.79,0.0185,1.0,2,1556955072814,18754876,177
2019-05-04 13:26:43.157,0.1,buy,5690.99,BTC-31MAY19-5000-P,63.5,0.021,0.1,0,1556976403157,18764354,178
2019-05-04 13:37:15.404,0.1,buy,5662.69,BTC-31MAY19-5000-P,63.34,0.022,0.1,0,1556977035404,18765587,179
2019-05-04 13:47:41.263,0.1,buy,5645.63,BTC-31MAY19-5000-P,63.09,0.0225,0.1,1,1556977661263,18767570,181
2019-05-04 13:47:41.263,10.0,buy,5645.63,BTC-31MAY19-5000-P,63.09,0.0225,10.0,0,1556977661263,18767569,180
2019-05-04 13:47:41.347,0.1,sell,5645.63,BTC-31MAY19-5000-P,63.09,0.0225,0.1,1,1556977661347,18767572,182
2019-05-04 13:47:41.394,0.1,sell,5645.63,BTC-31MAY19-5000-P,63.09,0.0225,0.1,1,1556977661394,18767574,183
2019-05-04 13:47:41.457,0.1,sell,5645.63,BTC-31MAY19-5000-P,63.09,0.0225,0.1,1,1556977661457,18767577,184
2019-05-04 13:47:41.498,0.1,sell,5645.63,BTC-31MAY19-5000-P,63.09,0.0225,0.1,1,1556977661498,18767585,185
2019-05-04 13:49:07.217,0.1,buy,5596.37,BTC-31MAY19-5000-P,62.31,0.024,0.1,0,1556977747217,18769822,186
2019-05-04 14:07:02.460,0.1,buy,5574.83,BTC-31MAY19-5000-P,63.55,0.026,0.1,0,1556978822460,18777750,187
2019-05-04 14:10:01.522,0.1,buy,5567.28,BTC-31MAY19-5000-P,64.91,0.0275,0.1,0,1556979001522,18778193,188
2019-05-04 19:46:10.604,0.5,sell,5597.13,BTC-31MAY19-5000-P,60.15,0.022,0.5,2,1556999170604,18792715,189
2019-05-04 19:52:43.404,2.0,sell,5613.59,BTC-31MAY19-5000-P,60.41,0.0215,2.0,2,1556999563404,18793664,190
2019-05-04 21:08:10.511,10.0,sell,5752.55,BTC-31MAY19-5000-P,64.97,0.0195,10.0,2,1557004090511,18803108,191
2019-05-04 21:10:48.781,1.0,sell,5774.82,BTC-31MAY19-5000-P,60.32,0.0155,1.0,2,1557004248781,18805295,192
2019-05-04 21:13:07.737,2.0,sell,5742.3,BTC-31MAY19-5000-P,60.24,0.0165,2.0,0,1557004387737,18806215,193
2019-05-04 21:32:04.502,0.1,buy,5767.9,BTC-31MAY19-5000-P,62.92,0.0175,0.1,0,1557005524502,18813898,194
2019-05-04 23:56:51.155,1.0,sell,5773.3,BTC-31MAY19-5000-P,61.85,0.0165,1.0,2,1557014211155,18834538,195
2019-05-05 00:34:56.634,0.1,sell,5728.6,BTC-31MAY19-5000-P,60.45,0.017,0.1,0,1557016496634,18842870,196
2019-05-05 06:04:28.130,0.1,sell,5754.3,BTC-31MAY19-5000-P,63.4,0.018000000000000002,0.1,0,1557036268130,18855273,197
2019-05-05 08:11:01.871,0.5,sell,5683.14,BTC-31MAY19-5000-P,62.7,0.02,0.5,0,1557043861871,18862715,198
2019-05-06 09:01:17.597,0.2,buy,5595.06,BTC-31MAY19-5000-P,68.21,0.027000000000000003,0.2,0,1557133277597,18944226,199
2019-05-06 09:22:28.034,10.0,buy,5623.88,BTC-31MAY19-5000-P,69.27,0.0265,10.0,2,1557134548034,18945176,200
2019-05-06 14:39:44.328,0.2,sell,5648.36,BTC-31MAY19-5000-P,65.79,0.0225,0.2,2,1557153584328,18954289,201
2019-05-06 19:13:55.692,1.0,buy,5731.37,BTC-31MAY19-5000-P,68.48,0.021,1.0,2,1557170035692,18973448,202
2019-05-07 09:45:59.136,1.0,sell,5915.74,BTC-31MAY19-5000-P,70.2,0.0155,1.0,2,1557222359136,19036347,203
2019-05-07 12:14:54.405,1.0,sell,5898.19,BTC-31MAY19-5000-P,69.53,0.0155,1.0,3,1557231294405,19039846,204
2019-05-07 12:46:52.941,1.0,sell,5912.05,BTC-31MAY19-5000-P,70.21,0.0155,1.0,3,1557233212941,19040713,205
2019-05-07 15:35:08.646,3.5,sell,5838.99,BTC-31MAY19-5000-P,67.69,0.016,3.5,0,1557243308646,19064017,206
2019-05-07 15:35:08.646,5.5,sell,5838.99,BTC-31MAY19-5000-P,67.69,0.016,5.5,1,1557243308646,19064018,207
2019-05-07 15:35:08.651,1.0,buy,5838.99,BTC-31MAY19-5000-P,67.69,0.016,1.0,1,1557243308651,19064019,208
2019-05-07 16:00:11.244,1.0,buy,5867.51,BTC-31MAY19-5000-P,67.47,0.015,1.0,2,1557244811244,19065129,209
2019-05-07 16:22:37.638,1.0,buy,5879.77,BTC-31MAY19-5000-P,68.07,0.015,1.0,3,1557246157638,19066025,210
2019-05-07 16:22:37.638,0.3,buy,5879.77,BTC-31MAY19-5000-P,68.07,0.015,0.3,3,1557246157638,19066026,211
2019-05-07 16:31:05.566,1.0,buy,5890.41,BTC-31MAY19-5000-P,67.75,0.0145,1.0,2,1557246665566,19066646,212
2019-05-07 16:36:41.567,0.1,buy,5887.62,BTC-31MAY19-5000-P,68.46,0.015,0.1,0,1557247001567,19066841,213
2019-05-07 16:42:42.401,1.0,sell,5885.39,BTC-31MAY19-5000-P,67.52,0.0145,1.0,2,1557247362401,19067167,214
2019-05-07 16:52:46.084,1.0,buy,5888.22,BTC-31MAY19-5000-P,67.67,0.0145,1.0,3,1557247966084,19067430,215
2019-05-07 16:53:44.740,0.1,sell,5886.0,BTC-31MAY19-5000-P,67.56,0.0145,0.1,3,1557248024740,19067447,216
2019-05-07 17:08:27.904,1.0,sell,5897.28,BTC-31MAY19-5000-P,67.26,0.013999999999999999,1.0,2,1557248907904,19068153,217
2019-05-07 19:46:13.401,0.1,buy,5841.99,BTC-31MAY19-5000-P,71.25,0.018000000000000002,0.1,0,1557258373401,19078501,218
2019-05-07 23:44:30.471,0.4,buy,5827.76,BTC-31MAY19-5000-P,71.55,0.0185,0.4,0,1557272670471,19090459,219
2019-05-07 23:44:30.471,2.6,buy,5827.76,BTC-31MAY19-5000-P,71.55,0.0185,2.6,1,1557272670471,19090460,220
2019-05-07 23:44:48.550,2.0,buy,5820.77,BTC-31MAY19-5000-P,71.2,0.0185,2.0,1,1557272688550,19090529,221
2019-05-07 23:45:18.339,2.0,buy,5807.98,BTC-31MAY19-5000-P,71.3,0.019,2.0,0,1557272718339,19090939,222
2019-05-07 23:49:58.342,2.0,buy,5813.53,BTC-31MAY19-5000-P,71.59,0.019,2.0,1,1557272998342,19092933,223
2019-05-07 23:57:25.232,0.1,buy,5765.37,BTC-31MAY19-5000-P,72.04,0.021,0.1,0,1557273445232,19099982,224
2019-05-07 23:57:25.271,0.1,buy,5765.37,BTC-31MAY19-5000-P,72.04,0.021,0.1,1,1557273445271,19099997,225
2019-05-08 02:24:59.042,0.1,sell,5796.45,BTC-31MAY19-5000-P,67.81,0.017,0.1,2,1557282299042,19126104,226
2019-05-08 07:26:08.930,5.0,buy,5823.57,BTC-31MAY19-5000-P,67.89,0.016,5.0,2,1557300368930,19134307,227
2019-05-08 11:48:49.021,0.1,sell,5869.18,BTC-31MAY19-5000-P,70.42,0.016,0.1,3,1557316129021,19144257,228
2019-05-08 23:29:46.565,2.0,buy,5871.25,BTC-31MAY19-5000-P,67.88,0.013999999999999999,2.0,2,1557358186565,19184358,229
2019-05-09 01:25:45.140,0.5,buy,6045.66,BTC-31MAY19-5000-P,73.38,0.0125,0.5,2,1557365145140,19212247,230
2019-05-09 03:21:10.037,1.0,buy,6040.2,BTC-31MAY19-5000-P,72.29,0.012,1.0,2,1557372070037,19218253,231
2019-05-09 05:57:37.245,10.0,buy,6044.08,BTC-31MAY19-5000-P,72.64,0.012,10.0,3,1557381457245,19223925,232
2019-05-09 05:57:37.245,15.0,buy,6044.08,BTC-31MAY19-5000-P,72.64,0.012,15.0,3,1557381457245,19223926,233
2019-05-09 06:01:30.290,24.0,buy,6046.99,BTC-31MAY19-5000-P,72.77,0.012,24.0,3,1557381690290,19224067,234
2019-05-09 06:07:39.147,0.4,sell,6038.08,BTC-31MAY19-5000-P,72.38,0.012,0.4,3,1557382059147,19224407,235
2019-05-09 06:08:19.259,0.6,sell,6038.22,BTC-31MAY19-5000-P,72.39,0.012,0.6,3,1557382099259,19224429,236
2019-05-09 13:28:31.093,5.0,buy,5986.5,BTC-31MAY19-5000-P,71.51,0.0125,5.0,0,1557408511093,19247288,237
2019-05-09 15:10:04.605,24.0,buy,5988.27,BTC-31MAY19-5000-P,72.66,0.013000000000000001,24.0,0,1557414604605,19250513,238
2019-05-09 15:10:04.605,5.0,buy,5988.27,BTC-31MAY19-5000-P,72.66,0.013000000000000001,5.0,1,1557414604605,19250514,239
2019-05-09 15:10:04.682,1.0,sell,5988.27,BTC-31MAY19-5000-P,72.66,0.013000000000000001,1.0,1,1557414604682,19250515,240
2019-05-09 16:17:13.998,10.0,sell,6012.78,BTC-31MAY19-5000-P,71.94,0.012,10.0,2,1557418633998,19252764,241
2019-05-09 16:17:17.430,10.0,sell,6012.03,BTC-31MAY19-5000-P,71.9,0.012,10.0,3,1557418637430,19252773,242
2019-05-09 16:17:19.079,10.0,sell,6011.88,BTC-31MAY19-5000-P,71.9,0.012,10.0,3,1557418639079,19252798,243
2019-05-09 17:42:28.176,1.0,sell,6052.85,BTC-31MAY19-5000-P,70.77,0.0105,1.0,2,1557423748176,19256163,244
2019-05-09 20:47:56.333,0.4,sell,6074.86,BTC-31MAY19-5000-P,71.95,0.0105,0.4,3,1557434876333,19263050,245
2019-05-09 20:47:56.753,3.6,sell,6074.86,BTC-31MAY19-5000-P,71.95,0.0105,3.6,3,1557434876753,19263051,246
2019-05-09 22:10:26.476,0.4,sell,6124.11,BTC-31MAY19-5000-P,68.47,0.008,0.4,2,1557439826476,19271843,247
2019-05-09 22:10:26.478,4.6000000000000005,buy,6124.11,BTC-31MAY19-5000-P,68.47,0.008,4.6000000000000005,3,1557439826478,19271844,248
2019-05-09 23:13:29.668,5.0,buy,6132.58,BTC-31MAY19-5000-P,70.09,0.0085,5.0,0,1557443609668,19278133,249
2019-05-10 03:16:46.006,10.0,sell,6294.91,BTC-31MAY19-5000-P,75.73,0.008,10.0,2,1557458206006,19303735,250
2019-05-10 09:36:15.501,2.0,buy,6275.68,BTC-31MAY19-5000-P,80.38,0.01,2.0,0,1557480975501,19346637,251
2019-05-10 11:47:53.554,9.5,sell,6285.13,BTC-31MAY19-5000-P,75.98,0.008,9.5,3,1557488873554,19351642,253
2019-05-10 11:47:53.554,0.5,sell,6285.13,BTC-31MAY19-5000-P,75.98,0.008,0.5,2,1557488873554,19351641,252
2019-05-10 15:26:15.715,0.5,sell,6269.92,BTC-31MAY19-5000-P,75.64,0.008,0.5,3,1557501975715,19365288,254
2019-05-10 15:26:15.715,19.5,sell,6269.92,BTC-31MAY19-5000-P,75.64,0.008,19.5,3,1557501975715,19365289,255
2019-05-10 15:31:22.884,20.0,sell,6272.52,BTC-31MAY19-5000-P,75.75,0.008,20.0,3,1557502282884,19365582,256
2019-05-10 18:37:24.813,1.0,sell,6397.85,BTC-31MAY19-5000-P,82.33,0.0085,1.0,0,1557513444813,19389805,257
2019-05-10 20:08:28.071,0.1,buy,6368.54,BTC-31MAY19-5000-P,81.29,0.0085,0.1,1,1557518908071,19395689,258
2019-05-10 22:37:13.832,6.0,buy,6353.47,BTC-31MAY19-5000-P,83.46,0.0095,6.0,0,1557527833832,19412451,259
2019-05-11 03:37:06.635,0.5,sell,6536.14,BTC-31MAY19-5000-P,84.17,0.006999999999999999,0.5,2,1557545826635,19438711,260
2019-05-11 05:21:09.967,0.2,sell,6721.27,BTC-31MAY19-5000-P,89.5,0.0065,0.2,2,1557552069967,19466272,261
2019-05-11 06:14:36.138,0.5,buy,6863.62,BTC-31MAY19-5000-P,97.98,0.0075,0.5,0,1557555276138,19487062,262
2019-05-11 06:14:36.141,4.5,sell,6863.62,BTC-31MAY19-5000-P,97.98,0.0075,4.5,1,1557555276141,19487063,263
2019-05-11 06:26:28.730,0.1,buy,6895.26,BTC-31MAY19-5000-P,99.13,0.0075,0.1,1,1557555988730,19495552,264
2019-05-11 06:59:47.030,10.0,buy,6821.34,BTC-31MAY19-5000-P,101.18,0.009000000000000001,10.0,0,1557557987030,19517804,265
2019-05-11 06:59:53.812,10.0,buy,6816.03,BTC-31MAY19-5000-P,100.98,0.009000000000000001,10.0,1,1557557993812,19517840,266
2019-05-11 11:42:17.553,0.4,sell,6810.91,BTC-31MAY19-5000-P,99.78,0.0085,0.4,2,1557574937553,19557601,267
2019-05-11 13:24:02.343,0.1,sell,6811.13,BTC-31MAY19-5000-P,95.17,0.006999999999999999,0.1,2,1557581042343,19567688,268
2019-05-11 13:52:49.086,0.5,sell,6818.66,BTC-31MAY19-5000-P,92.01,0.006,0.5,2,1557582769086,19569222,269
2019-05-11 14:08:03.617,0.5,sell,6804.23,BTC-31MAY19-5000-P,91.53,0.006,0.5,3,1557583683617,19570027,270
2019-05-11 14:42:07.659,0.5,sell,6787.49,BTC-31MAY19-5000-P,91.0,0.006,0.5,3,1557585727659,19574522,271
2019-05-11 14:42:07.716,0.5,sell,6787.49,BTC-31MAY19-5000-P,91.0,0.006,0.5,3,1557585727716,19574523,272
2019-05-11 14:42:07.749,0.5,sell,6787.49,BTC-31MAY19-5000-P,91.0,0.006,0.5,3,1557585727749,19574524,273
2019-05-11 14:45:06.359,0.5,sell,6798.81,BTC-31MAY19-5000-P,91.4,0.006,0.5,3,1557585906359,19575000,274
2019-05-11 14:50:31.388,0.5,sell,6795.71,BTC-31MAY19-5000-P,89.46,0.0055,0.5,2,1557586231388,19575392,275
2019-05-11 15:13:11.504,0.5,sell,6783.31,BTC-31MAY19-5000-P,89.07,0.0055,0.5,3,1557587591504,19577205,276
2019-05-11 15:13:11.551,0.5,sell,6783.31,BTC-31MAY19-5000-P,89.07,0.0055,0.5,3,1557587591551,19577208,277
2019-05-11 15:13:11.612,0.5,sell,6783.31,BTC-31MAY19-5000-P,89.07,0.0055,0.5,3,1557587591612,19577211,278
2019-05-11 15:13:11.682,0.5,sell,6783.31,BTC-31MAY19-5000-P,89.07,0.0055,0.5,3,1557587591682,19577214,279
2019-05-11 15:19:02.559,0.5,buy,6813.65,BTC-31MAY19-5000-P,91.98,0.006,0.5,0,1557587942559,19578025,280
2019-05-11 15:44:11.202,30.0,sell,6863.03,BTC-31MAY19-5000-P,93.74,0.006,30.0,1,1557589451202,19583753,281
2019-05-11 15:53:46.677,0.5,sell,6918.92,BTC-31MAY19-5000-P,95.68,0.006,0.5,1,1557590026677,19586313,282
2019-05-11 16:09:21.070,0.5,buy,6934.1,BTC-31MAY19-5000-P,98.06,0.0065,0.5,0,1557590961070,19593332,283
2019-05-11 16:09:21.083,0.5,sell,6934.1,BTC-31MAY19-5000-P,98.06,0.0065,0.5,1,1557590961083,19593333,284
2019-05-11 16:15:05.525,2.0,buy,6980.3,BTC-31MAY19-5000-P,99.67,0.0065,2.0,1,1557591305525,19596300,285
2019-05-11 16:23:12.272,25.0,sell,6993.38,BTC-31MAY19-5000-P,100.13,0.0065,25.0,1,1557591792272,19602129,286
2019-05-11 17:23:04.835,25.0,sell,6958.28,BTC-31MAY19-5000-P,99.03,0.0065,25.0,1,1557595384835,19615169,287
2019-05-11 17:26:23.447,1.0,sell,6966.07,BTC-31MAY19-5000-P,101.08,0.006999999999999999,1.0,0,1557595583447,19615530,288
2019-05-11 18:53:33.511,0.5,sell,6957.99,BTC-31MAY19-5000-P,97.33,0.006,0.5,2,1557600813511,19627999,289
2019-05-11 18:53:34.091,0.5,sell,6959.31,BTC-31MAY19-5000-P,97.37,0.006,0.5,3,1557600814091,19628001,290
2019-05-11 18:53:34.129,0.5,sell,6959.31,BTC-31MAY19-5000-P,97.37,0.006,0.5,3,1557600814129,19628002,291
2019-05-11 18:53:34.153,0.5,sell,6959.31,BTC-31MAY19-5000-P,97.37,0.006,0.5,3,1557600814153,19628003,292
2019-05-11 18:53:34.170,0.5,sell,6959.31,BTC-31MAY19-5000-P,97.37,0.006,0.5,3,1557600814170,19628004,293
2019-05-11 18:53:34.638,0.5,sell,6959.31,BTC-31MAY19-5000-P,97.37,0.006,0.5,3,1557600814638,19628005,294
2019-05-11 18:53:34.662,0.5,sell,6959.31,BTC-31MAY19-5000-P,97.37,0.006,0.5,3,1557600814662,19628006,295
2019-05-11 18:53:35.258,0.5,sell,6958.74,BTC-31MAY19-5000-P,97.35,0.006,0.5,3,1557600815258,19628012,296
2019-05-11 18:53:35.820,0.5,sell,6958.7,BTC-31MAY19-5000-P,97.35,0.006,0.5,3,1557600815820,19628038,297
2019-05-11 18:53:35.836,0.5,sell,6958.7,BTC-31MAY19-5000-P,97.35,0.006,0.5,3,1557600815836,19628039,298
2019-05-11 18:53:35.865,0.5,sell,6958.7,BTC-31MAY19-5000-P,97.35,0.006,0.5,3,1557600815865,19628040,299
2019-05-11 18:53:35.910,0.5,sell,6958.7,BTC-31MAY19-5000-P,97.35,0.006,0.5,3,1557600815910,19628041,300
2019-05-11 18:53:35.923,0.5,sell,6958.7,BTC-31MAY19-5000-P,97.35,0.006,0.5,3,1557600815923,19628042,301
2019-05-11 18:53:35.942,0.5,sell,6958.7,BTC-31MAY19-5000-P,97.35,0.006,0.5,3,1557600815942,19628043,302
2019-05-11 18:53:36.008,0.5,sell,6958.7,BTC-31MAY19-5000-P,97.35,0.006,0.5,3,1557600816008,19628044,303
2019-05-11 18:53:36.025,0.5,sell,6958.7,BTC-31MAY19-5000-P,97.35,0.006,0.5,3,1557600816025,19628045,304
2019-05-11 18:53:36.043,0.5,sell,6958.7,BTC-31MAY19-5000-P,97.35,0.006,0.5,3,1557600816043,19628046,305
2019-05-11 18:53:36.062,0.5,sell,6958.7,BTC-31MAY19-5000-P,97.35,0.006,0.5,3,1557600816062,19628047,306
2019-05-11 18:53:36.073,0.5,sell,6958.7,BTC-31MAY19-5000-P,97.35,0.006,0.5,3,1557600816073,19628048,307
2019-05-11 18:53:36.156,0.5,sell,6958.7,BTC-31MAY19-5000-P,97.35,0.006,0.5,3,1557600816156,19628053,308
2019-05-11 18:53:36.168,0.5,sell,6958.7,BTC-31MAY19-5000-P,97.35,0.006,0.5,3,1557600816168,19628054,309
2019-05-11 18:53:36.188,0.5,sell,6958.7,BTC-31MAY19-5000-P,97.35,0.006,0.5,3,1557600816188,19628055,310
2019-05-11 18:53:36.226,0.5,sell,6958.7,BTC-31MAY19-5000-P,97.35,0.006,0.5,3,1557600816226,19628056,311
2019-05-11 18:53:36.412,0.5,sell,6958.7,BTC-31MAY19-5000-P,97.35,0.006,0.5,3,1557600816412,19628060,312
2019-05-11 18:53:36.689,0.5,sell,6958.7,BTC-31MAY19-5000-P,97.35,0.006,0.5,3,1557600816689,19628065,313
2019-05-11 20:07:42.640,0.5,sell,6965.02,BTC-31MAY19-5000-P,97.7,0.006,0.5,3,1557605262640,19635031,314
2019-05-11 20:07:43.748,0.5,sell,6964.78,BTC-31MAY19-5000-P,97.69,0.006,0.5,3,1557605263748,19635042,315
2019-05-11 20:12:26.226,55.0,sell,6969.03,BTC-31MAY19-5000-P,97.84,0.006,55.0,3,1557605546226,19635225,316
2019-05-11 20:56:33.850,0.5,sell,6970.05,BTC-31MAY19-5000-P,97.95,0.006,0.5,3,1557608193850,19638021,317
2019-05-11 21:27:12.996,0.5,sell,6937.97,BTC-31MAY19-5000-P,94.98,0.0055,0.5,2,1557610032996,19639661,318
2019-05-11 21:27:13.029,0.5,sell,6937.97,BTC-31MAY19-5000-P,94.98,0.0055,0.5,3,1557610033029,19639663,319
2019-05-11 21:27:13.085,0.5,sell,6937.97,BTC-31MAY19-5000-P,94.98,0.0055,0.5,3,1557610033085,19639665,320
2019-05-11 21:27:13.102,0.3,sell,6937.97,BTC-31MAY19-5000-P,94.98,0.0055,0.3,3,1557610033102,19639666,321
2019-05-11 21:27:13.102,0.2,sell,6937.97,BTC-31MAY19-5000-P,94.98,0.0055,0.2,3,1557610033102,19639667,322
2019-05-11 21:27:13.124,0.5,sell,6937.97,BTC-31MAY19-5000-P,94.98,0.0055,0.5,3,1557610033124,19639668,323
2019-05-11 21:27:13.138,0.5,sell,6937.97,BTC-31MAY19-5000-P,94.98,0.0055,0.5,3,1557610033138,19639669,324
2019-05-11 21:27:13.160,0.5,sell,6937.97,BTC-31MAY19-5000-P,94.98,0.0055,0.5,3,1557610033160,19639670,325
2019-05-11 21:27:13.173,0.1,sell,6937.97,BTC-31MAY19-5000-P,94.98,0.0055,0.1,3,1557610033173,19639671,326
2019-05-11 22:23:56.867,0.5,sell,7236.96,BTC-31MAY19-5000-P,100.51,0.0045,0.5,2,1557613436867,19664556,327
2019-05-11 22:30:34.356,0.5,buy,7215.62,BTC-31MAY19-5000-P,102.13,0.005,0.5,0,1557613834356,19669662,328
2019-05-11 23:49:52.473,0.5,buy,7342.32,BTC-31MAY19-5000-P,120.11,0.0085,0.5,0,1557618592473,19723762,329
2019-05-11 23:51:14.381,3.1,buy,7306.8,BTC-31MAY19-5000-P,120.6,0.009000000000000001,3.1,0,1557618674381,19724745,330
2019-05-12 06:31:32.457,0.5,buy,7405.04,BTC-31MAY19-5000-P,124.89,0.009000000000000001,0.5,1,1557642692457,19822798,331
2019-05-12 06:31:32.608,0.5,buy,7405.04,BTC-31MAY19-5000-P,124.89,0.009000000000000001,0.5,1,1557642692608,19822800,332
2019-05-12 06:31:32.640,0.5,buy,7405.04,BTC-31MAY19-5000-P,124.89,0.009000000000000001,0.5,1,1557642692640,19822802,333
2019-05-12 06:31:37.430,0.5,buy,7408.01,BTC-31MAY19-5000-P,125.0,0.009000000000000001,0.5,1,1557642697430,19822832,334
2019-05-12 06:31:37.494,0.5,buy,7408.01,BTC-31MAY19-5000-P,125.0,0.009000000000000001,0.5,1,1557642697494,19822834,335
2019-05-12 06:31:37.535,0.5,buy,7408.01,BTC-31MAY19-5000-P,125.0,0.009000000000000001,0.5,1,1557642697535,19822835,336
2019-05-12 06:31:37.987,0.5,buy,7408.17,BTC-31MAY19-5000-P,125.0,0.009000000000000001,0.5,1,1557642697987,19822838,337
2019-05-12 07:29:05.301,10.0,sell,7520.96,BTC-31MAY19-5000-P,123.41,0.0075,10.0,2,1557646145301,19836343,338
2019-05-12 07:42:18.989,20.0,sell,7530.54,BTC-31MAY19-5000-P,115.36,0.0055,20.0,2,1557646938989,19838870,339
2019-05-12 07:46:01.528,0.5,buy,7510.64,BTC-31MAY19-5000-P,119.1,0.0065,0.5,0,1557647161528,19839930,340
2019-05-12 07:46:26.887,0.5,sell,7508.98,BTC-31MAY19-5000-P,119.04,0.0065,0.5,1,1557647186887,19840017,341
2019-05-12 07:46:26.919,0.5,sell,7508.98,BTC-31MAY19-5000-P,119.04,0.0065,0.5,1,1557647186919,19840019,342
2019-05-12 07:46:42.349,0.5,sell,7510.84,BTC-31MAY19-5000-P,119.11,0.0065,0.5,1,1557647202349,19840037,343
2019-05-12 07:46:42.391,0.5,sell,7510.84,BTC-31MAY19-5000-P,119.11,0.0065,0.5,1,1557647202391,19840038,344
2019-05-12 07:46:42.403,0.5,sell,7510.84,BTC-31MAY19-5000-P,119.11,0.0065,0.5,1,1557647202403,19840039,345
2019-05-12 07:46:42.423,0.5,sell,7510.84,BTC-31MAY19-5000-P,119.11,0.0065,0.5,1,1557647202423,19840040,346
2019-05-12 07:46:42.437,0.5,sell,7510.84,BTC-31MAY19-5000-P,119.11,0.0065,0.5,1,1557647202437,19840041,347
2019-05-12 07:46:42.465,0.5,sell,7510.84,BTC-31MAY19-5000-P,119.11,0.0065,0.5,1,1557647202465,19840042,348
2019-05-12 07:46:42.488,0.5,sell,7510.84,BTC-31MAY19-5000-P,119.11,0.0065,0.5,1,1557647202488,19840043,349
2019-05-12 07:46:42.509,0.5,sell,7510.84,BTC-31MAY19-5000-P,119.11,0.0065,0.5,1,1557647202509,19840044,350
2019-05-12 07:46:42.536,0.5,sell,7510.84,BTC-31MAY19-5000-P,119.11,0.0065,0.5,1,1557647202536,19840045,351
2019-05-12 07:46:42.552,0.5,sell,7510.84,BTC-31MAY19-5000-P,119.11,0.0065,0.5,1,1557647202552,19840049,352
2019-05-12 07:46:42.574,0.5,sell,7510.84,BTC-31MAY19-5000-P,119.11,0.0065,0.5,1,1557647202574,19840050,353
2019-05-12 07:46:42.588,0.5,sell,7510.84,BTC-31MAY19-5000-P,119.11,0.0065,0.5,1,1557647202588,19840051,354
2019-05-12 07:46:44.384,0.5,sell,7510.84,BTC-31MAY19-5000-P,119.11,0.0065,0.5,1,1557647204384,19840057,355
2019-05-12 07:46:44.421,0.5,sell,7510.84,BTC-31MAY19-5000-P,119.11,0.0065,0.5,1,1557647204421,19840059,356
2019-05-12 07:46:44.448,0.5,sell,7510.84,BTC-31MAY19-5000-P,119.11,0.0065,0.5,1,1557647204448,19840061,357
2019-05-12 07:46:56.537,1.0,sell,7514.43,BTC-31MAY19-5000-P,119.22,0.0065,1.0,1,1557647216537,19840168,358
2019-05-12 07:47:58.068,0.5,sell,7521.45,BTC-31MAY19-5000-P,98.52,0.0025,0.5,2,1557647278068,19840434,359
2019-05-12 07:54:34.660,0.5,buy,7519.66,BTC-31MAY19-5000-P,104.85,0.0035,0.5,0,1557647674660,19841478,360
2019-05-12 07:59:43.992,9.5,sell,7530.02,BTC-31MAY19-5000-P,105.16,0.0035,9.5,1,1557647983992,19841968,361
2019-05-12 08:26:36.472,0.5,buy,7304.84,BTC-31MAY19-5000-P,112.48,0.0065,0.5,0,1557649596472,19861801,362
2019-05-12 08:31:11.232,1.0,sell,7364.78,BTC-31MAY19-5000-P,114.46,0.0065,1.0,1,1557649871232,19863509,363
2019-05-12 12:53:47.413,0.2,buy,7158.22,BTC-31MAY19-5000-P,110.0,0.006999999999999999,0.2,0,1557665627413,19969261,364
2019-05-12 22:29:44.478,39.5,buy,6932.8,BTC-31MAY19-5000-P,99.43,0.006,39.5,2,1557700184478,20094180,365
2019-05-13 04:45:42.236,1.0,sell,7029.24,BTC-31MAY19-5000-P,97.14,0.0045,1.0,2,1557722742236,20129340,366
2019-05-13 04:51:05.104,0.2,sell,7055.43,BTC-31MAY19-5000-P,98.02,0.0045,0.2,3,1557723065104,20129649,367
2019-05-13 07:44:57.390,0.5,buy,7003.15,BTC-31MAY19-5000-P,94.22,0.004,0.5,2,1557733497390,20141820,368
2019-05-13 07:52:41.632,0.3,buy,7039.67,BTC-31MAY19-5000-P,97.84,0.0045,0.3,0,1557733961632,20142618,369
2019-05-13 07:52:41.632,0.5,buy,7039.67,BTC-31MAY19-5000-P,97.84,0.0045,0.5,1,1557733961632,20142619,370
2019-05-13 12:41:25.114,20.0,sell,7322.21,BTC-31MAY19-5000-P,105.09,0.004,20.0,2,1557751285114,20175760,371
2019-05-13 12:41:25.114,2.9,sell,7322.21,BTC-31MAY19-5000-P,105.09,0.004,2.9,3,1557751285114,20175761,372
2019-05-13 13:14:24.043,20.0,sell,7397.29,BTC-31MAY19-5000-P,104.7,0.0035,20.0,2,1557753264043,20181338,373
2019-05-13 13:27:12.471,0.2,buy,7367.56,BTC-31MAY19-5000-P,109.22,0.0045,0.2,0,1557754032471,20184038,374
2019-05-13 13:28:14.316,0.2,sell,7370.06,BTC-31MAY19-5000-P,100.86,0.003,0.2,2,1557754094316,20184117,375
2019-05-13 16:00:35.579,0.1,buy,7829.45,BTC-31MAY19-5000-P,129.09,0.0055,0.1,0,1557763235579,20248303,376
2019-05-13 16:10:43.871,0.1,sell,7838.54,BTC-31MAY19-5000-P,95.98,0.001,0.1,2,1557763843871,20254206,377
2019-05-13 16:12:48.152,0.1,buy,7819.73,BTC-31MAY19-5000-P,128.82,0.0055,0.1,0,1557763968152,20255441,378
2019-05-13 17:34:56.544,1.0,sell,7835.04,BTC-31MAY19-5000-P,124.21,0.0045,1.0,2,1557768896544,20282877,379
2019-05-13 18:10:10.180,4.0,sell,7799.2,BTC-31MAY19-5000-P,106.1,0.002,4.0,2,1557771010180,20290597,380
2019-05-13 18:10:42.603,3.3000000000000003,sell,7798.68,BTC-31MAY19-5000-P,101.25,0.0015,3.3000000000000003,2,1557771042603,20290678,381
2019-05-13 18:10:47.379,14.2,buy,7796.06,BTC-31MAY19-5000-P,101.18,0.0015,14.2,3,1557771047379,20290686,382
2019-05-13 18:49:46.907,2.0,sell,7868.24,BTC-31MAY19-5000-P,115.96,0.003,2.0,0,1557773386907,20294266,383
2019-05-13 22:26:31.548,2.0,sell,8053.23,BTC-31MAY19-5000-P,117.71,0.0025,2.0,2,1557786391548,20336777,384
2019-05-13 23:54:19.595,0.2,buy,7846.13,BTC-31MAY19-5000-P,119.44,0.0035,0.2,0,1557791659595,20370028,385
2019-05-14 14:07:35.088,2.4,buy,8159.03,BTC-31MAY19-5000-P,130.53,0.0035,2.4,1,1557842855088,20525077,386
2019-05-14 18:01:46.180,2.1,buy,8039.49,BTC-31MAY19-5000-P,120.2,0.0025,2.1,2,1557856906180,20571806,387
2019-05-16 05:21:41.272,5.0,buy,7968.9,BTC-31MAY19-5000-P,127.98,0.003,5.0,0,1557984101272,20868355,388
2019-05-16 08:31:07.233,1.0,buy,8037.93,BTC-31MAY19-5000-P,130.59,0.003,1.0,1,1557995467233,20888894,389
2019-05-16 09:57:29.897,2.9,buy,7970.53,BTC-31MAY19-5000-P,124.72,0.0025,2.9,2,1558000649897,20895401,390
2019-05-16 10:21:40.265,0.5,buy,7827.26,BTC-31MAY19-5000-P,124.59,0.003,0.5,0,1558002100265,20905999,391
2019-05-16 11:02:38.180,0.2,sell,7865.47,BTC-31MAY19-5000-P,117.25,0.002,0.2,2,1558004558180,20915381,392
2019-05-16 15:31:14.263,10.0,sell,7993.79,BTC-31MAY19-5000-P,109.33,0.001,10.0,2,1558020674263,20943686,393
2019-05-16 20:56:23.755,10.0,buy,7775.25,BTC-31MAY19-5000-P,116.27,0.002,10.0,0,1558040183755,20978548,394
2019-05-16 21:03:19.036,2.0,buy,7738.94,BTC-31MAY19-5000-P,115.21,0.002,2.0,1,1558040599036,20982424,395
2019-05-17 03:27:41.024,1.0,buy,7253.85,BTC-31MAY19-5000-P,108.94,0.003,1.0,0,1558063661024,21072373,396
2019-05-17 07:55:29.476,11.7,buy,7314.77,BTC-31MAY19-5000-P,84.47,0.0005,11.7,2,1558079729476,21129005,397
2019-05-17 10:10:17.810,1.0,buy,7242.23,BTC-31MAY19-5000-P,112.96,0.0035,1.0,0,1558087817810,21140454,398
2019-05-17 19:31:32.365,2.5,buy,7070.78,BTC-31MAY19-5000-P,116.74,0.005,2.5,0,1558121492365,21223689,399
2019-05-17 20:31:42.660,2.0,sell,7068.01,BTC-31MAY19-5000-P,114.18,0.0045,2.0,2,1558125102660,21229518,400
2019-05-17 20:31:42.660,3.0,sell,7068.01,BTC-31MAY19-5000-P,111.38,0.004,3.0,2,1558125102660,21229519,401
2019-05-18 02:10:57.081,20.0,sell,7311.3,BTC-31MAY19-5000-P,121.46,0.004,20.0,3,1558145457081,21260433,402
2019-05-18 02:14:58.597,20.0,sell,7310.19,BTC-31MAY19-5000-P,118.23,0.0035,20.0,2,1558145698597,21260567,403
2019-05-19 01:30:43.244,1.0,sell,7605.36,BTC-31MAY19-5000-P,120.71,0.002,1.0,2,1558229443244,21334673,404
2019-05-19 01:30:47.856,2.0,buy,7612.81,BTC-31MAY19-5000-P,120.96,0.002,2.0,3,1558229447856,21334733,405
2019-05-19 07:11:19.194,2.0,sell,7935.98,BTC-31MAY19-5000-P,126.58,0.0015,2.0,2,1558249879194,21380850,406
2019-05-19 07:19:47.352,2.0,sell,7980.97,BTC-31MAY19-5000-P,127.97,0.0015,2.0,3,1558250387352,21381293,407
2019-05-19 10:00:23.883,1.0,sell,8107.0,BTC-31MAY19-5000-P,132.37,0.0015,1.0,3,1558260023883,21392408,408
2019-05-19 22:56:00.855,10.0,buy,8196.92,BTC-31MAY19-5000-P,144.69,0.002,10.0,0,1558306560855,21471110,409
2019-05-19 23:02:56.054,10.0,sell,8238.5,BTC-31MAY19-5000-P,131.34,0.001,10.0,2,1558306976054,21473098,410
2019-05-19 23:24:17.976,10.0,sell,8240.27,BTC-31MAY19-5000-P,139.62,0.0015,10.0,0,1558308257976,21479996,411
2019-05-20 00:00:08.788,1.0,sell,8197.14,BTC-31MAY19-5000-P,138.47,0.0015,1.0,1,1558310408788,21486435,412
2019-05-20 01:00:35.019,7.9,sell,7931.45,BTC-31MAY19-5000-P,130.53,0.0015,7.9,1,1558314035019,21509672,413
2019-05-20 01:08:12.999,0.5,sell,7913.15,BTC-31MAY19-5000-P,129.98,0.0015,0.5,1,1558314492999,21511489,414
2019-05-20 22:08:55.902,10.0,buy,8074.77,BTC-31MAY19-5000-P,147.23,0.002,10.0,0,1558390135902,21640147,415
2019-05-20 22:08:55.902,2.7,buy,8074.77,BTC-31MAY19-5000-P,147.23,0.002,2.7,1,1558390135902,21640148,416
2019-05-20 22:08:55.904,3.3000000000000003,sell,8074.77,BTC-31MAY19-5000-P,147.23,0.002,3.3000000000000003,1,1558390135904,21640149,417
2019-05-21 22:08:03.308,1.0,buy,7924.5,BTC-31MAY19-5000-P,142.74,0.0015,1.0,2,1558476483308,21731093,418
