date_utc,amount,direction,indexPrice,instrument,iv,price,quantity,tickDirection,timeStamp,tradeId,tradeSeq
2019-02-21 09:34:47.799,0.1,sell,3914.33,BTC-1MAR19-4000-C,51.66,0.021,0.1,1,1550741687799,15736367,1
2019-02-21 10:06:13.092,1.0,buy,3898.32,BTC-1MAR19-4000-C,58.85,0.0235,1.0,0,1550743573092,15737878,2
2019-02-21 10:31:04.271,1.0,buy,3896.02,BTC-1MAR19-4000-C,59.31,0.0235,1.0,1,1550745064271,15738652,3
2019-02-21 11:17:11.370,0.1,buy,3879.44,BTC-1MAR19-4000-C,56.84,0.0205,0.1,2,1550747831370,15740075,4
2019-02-21 11:18:08.377,5.8,buy,3881.34,BTC-1MAR19-4000-C,56.53,0.0205,5.8,3,1550747888377,15740174,5
2019-02-21 11:21:14.525,4.9,buy,3879.22,BTC-1MAR19-4000-C,56.89,0.0205,4.9,3,1550748074525,15740370,6
2019-02-21 15:07:55.142,0.1,buy,3896.08,BTC-1MAR19-4000-C,55.56,0.021,0.1,0,1550761675142,15745581,7
2019-02-21 15:07:55.142,3.9,buy,3896.08,BTC-1MAR19-4000-C,57.35,0.022,3.9,0,1550761675142,15745582,8
2019-02-21 16:13:50.283,1.0,sell,3888.38,BTC-1MAR19-4000-C,52.47,0.0185,1.0,2,1550765630283,15746557,9
2019-02-21 16:35:55.678,0.2,sell,3883.54,BTC-1MAR19-4000-C,52.4,0.018,0.2,2,1550766955678,15746933,10
2019-02-21 16:35:55.678,4.8,sell,3883.54,BTC-1MAR19-4000-C,51.48,0.0175,4.8,2,1550766955678,15746934,11
2019-02-21 16:38:41.312,1.0,sell,3886.57,BTC-1MAR19-4000-C,51.91,0.018,1.0,0,1550767121312,15746985,12
2019-02-21 16:38:41.317,1.2,sell,3886.57,BTC-1MAR19-4000-C,51.91,0.018,1.2,1,1550767121317,15746986,13
2019-02-21 16:38:41.319,1.1,sell,3886.57,BTC-1MAR19-4000-C,51.91,0.018,1.1,1,1550767121319,15746987,14
2019-02-21 16:40:39.075,1.0,sell,3885.37,BTC-1MAR19-4000-C,51.19,0.0175,1.0,2,1550767239075,15747002,15
2019-02-21 16:43:59.665,0.5,buy,3889.59,BTC-1MAR19-4000-C,51.43,0.018,0.5,1,1550767439665,15747067,19
2019-02-21 16:43:59.665,1.2,buy,3889.59,BTC-1MAR19-4000-C,51.43,0.018,1.2,1,1550767439665,15747066,18
2019-02-21 16:43:59.665,2.6,buy,3889.59,BTC-1MAR19-4000-C,51.43,0.018,2.6,1,1550767439665,15747065,17
2019-02-21 16:43:59.665,0.9,buy,3889.59,BTC-1MAR19-4000-C,51.43,0.018,0.9,0,1550767439665,15747064,16
2019-02-21 17:05:36.305,0.5,buy,3891.48,BTC-1MAR19-4000-C,51.17,0.018,0.5,1,1550768736305,15747299,20
2019-02-21 17:05:36.305,0.5,buy,3891.48,BTC-1MAR19-4000-C,51.17,0.018,0.5,1,1550768736305,15747300,21
2019-02-21 17:20:32.520,1.0,buy,3890.47,BTC-1MAR19-4000-C,51.37,0.018,1.0,1,1550769632520,15747406,22
2019-02-21 17:32:48.147,0.6,buy,3890.03,BTC-1MAR19-4000-C,51.47,0.018,0.6,1,1550770368147,15747483,23
2019-02-21 17:33:03.536,0.2,buy,3890.08,BTC-1MAR19-4000-C,51.46,0.018,0.2,1,1550770383536,15747484,24
2019-02-21 17:37:59.693,2.0,sell,3888.74,BTC-1MAR19-4000-C,50.77,0.0175,2.0,2,1550770679693,15747520,25
2019-02-21 17:38:15.664,1.6,sell,3889.25,BTC-1MAR19-4000-C,50.69,0.0175,1.6,3,1550770695664,15747523,26
2019-02-21 17:50:56.784,0.1,buy,3893.32,BTC-1MAR19-4000-C,50.97,0.018,0.1,0,1550771456784,15747751,27
2019-02-21 17:51:10.204,0.1,buy,3893.33,BTC-1MAR19-4000-C,50.96,0.018,0.1,1,1550771470204,15747752,28
2019-02-21 17:56:22.186,0.4,buy,3893.75,BTC-1MAR19-4000-C,50.91,0.018,0.4,1,1550771782186,15747768,29
2019-02-21 18:05:17.119,0.1,buy,3891.87,BTC-1MAR19-4000-C,51.24,0.018,0.1,1,1550772317119,15747903,30
2019-02-21 18:53:55.192,2.0,sell,3880.35,BTC-1MAR19-4000-C,50.46,0.0165,2.0,2,1550775235192,15748646,31
2019-02-21 20:09:19.140,1.1,sell,3895.49,BTC-1MAR19-4000-C,50.0,0.0175,1.1,0,1550779759140,15749836,32
2019-02-21 20:20:15.865,0.1,buy,3895.34,BTC-1MAR19-4000-C,50.98,0.018,0.1,0,1550780415865,15749983,33
