date_utc,amount,direction,indexPrice,instrument,iv,price,quantity,tickDirection,timeStamp,tradeId,tradeSeq
2019-02-21 09:34:47.799,0.1,sell,3914.33,BTC-1MAR19-4000-C,51.66,0.021,0.1,1,1550741687799,15736367,1
2019-02-21 10:06:13.092,1.0,buy,3898.32,BTC-1MAR19-4000-C,58.85,0.0235,1.0,0,1550743573092,15737878,2
2019-02-21 10:31:04.271,1.0,buy,3896.02,BTC-1MAR19-4000-C,59.31,0.0235,1.0,1,1550745064271,15738652,3
2019-02-21 11:17:11.370,0.1,buy,3879.44,BTC-1MAR19-4000-C,56.84,0.0205,0.1,2,1550747831370,15740075,4
2019-02-21 11:18:08.377,5.8,buy,3881.34,BTC-1MAR19-4000-C,56.53,0.0205,5.8,3,1550747888377,15740174,5
2019-02-21 11:21:14.525,4.9,buy,3879.22,BTC-1MAR19-4000-C,56.89,0.0205,4.9,3,1550748074525,15740370,6
2019-02-21 15:07:55.142,0.1,buy,3896.08,BTC-1MAR19-4000-C,55.56,0.021,0.1,0,1550761675142,15745581,7
2019-02-21 15:07:55.142,3.9,buy,3896.08,BTC-1MAR19-4000-C,57.35,0.022000000000000002,3.9,0,1550761675142,15745582,8
2019-02-21 16:13:50.283,1.0,sell,3888.38,BTC-1MAR19-4000-C,52.47,0.0185,1.0,2,1550765630283,15746557,9
2019-02-21 16:35:55.678,0.2,sell,3883.54,BTC-1MAR19-4000-C,52.4,0.018000000000000002,0.2,2,1550766955678,15746933,10
2019-02-21 16:35:55.678,4.8,sell,3883.54,BTC-1MAR19-4000-C,51.48,0.0175,4.8,2,1550766955678,15746934,11
2019-02-21 16:38:41.312,1.0,sell,3886.57,BTC-1MAR19-4000-C,51.91,0.018000000000000002,1.0,0,1550767121312,15746985,12
2019-02-21 16:38:41.317,1.2,sell,3886.57,BTC-1MAR19-4000-C,51.91,0.018000000000000002,1.2,1,1550767121317,15746986,13
2019-02-21 16:38:41.319,1.1,sell,3886.57,BTC-1MAR19-4000-C,51.91,0.018000000000000002,1.1,1,1550767121319,15746987,14
2019-02-21 16:40:39.075,1.0,sell,3885.37,BTC-1MAR19-4000-C,51.19,0.0175,1.0,2,1550767239075,15747002,15
2019-02-21 16:43:59.665,2.6,buy,3889.59,BTC-1MAR19-4000-C,51.43,0.018000000000000002,2.6,1,1550767439665,15747065,17
2019-02-21 16:43:59.665,0.9,buy,3889.59,BTC-1MAR19-4000-C,51.43,0.018000000000000002,0.9,0,1550767439665,15747064,16
2019-02-21 16:43:59.665,0.5,buy,3889.59,BTC-1MAR19-4000-C,51.43,0.018000000000000002,0.5,1,1550767439665,15747067,19
2019-02-21 16:43:59.665,1.2,buy,3889.59,BTC-1MAR19-4000-C,51.43,0.018000000000000002,1.2,1,1550767439665,15747066,18
2019-02-21 17:05:36.305,0.5,buy,3891.48,BTC-1MAR19-4000-C,51.17,0.018000000000000002,0.5,1,1550768736305,15747300,21
2019-02-21 17:05:36.305,0.5,buy,3891.48,BTC-1MAR19-4000-C,51.17,0.018000000000000002,0.5,1,1550768736305,15747299,20
2019-02-21 17:20:32.520,1.0,buy,3890.47,BTC-1MAR19-4000-C,51.37,0.018000000000000002,1.0,1,1550769632520,15747406,22
2019-02-21 17:32:48.147,0.6,buy,3890.03,BTC-1MAR19-4000-C,51.47,0.018000000000000002,0.6,1,1550770368147,15747483,23
2019-02-21 17:33:03.536,0.2,buy,3890.08,BTC-1MAR19-4000-C,51.46,0.018000000000000002,0.2,1,1550770383536,15747484,24
2019-02-21 17:37:59.693,2.0,sell,3888.74,BTC-1MAR19-4000-C,50.77,0.0175,2.0,2,1550770679693,15747520,25
2019-02-21 17:38:15.664,1.6,sell,3889.25,BTC-1MAR19-4000-C,50.69,0.0175,1.6,3,1550770695664,15747523,26
2019-02-21 17:50:56.784,0.1,buy,3893.32,BTC-1MAR19-4000-C,50.97,0.018000000000000002,0.1,0,1550771456784,15747751,27
2019-02-21 17:51:10.204,0.1,buy,3893.33,BTC-1MAR19-4000-C,50.96,0.018000000000000002,0.1,1,1550771470204,15747752,28
2019-02-21 17:56:22.186,0.4,buy,3893.75,BTC-1MAR19-4000-C,50.91,0.018000000000000002,0.4,1,1550771782186,15747768,29
2019-02-21 18:05:17.119,0.1,buy,3891.87,BTC-1MAR19-4000-C,51.24,0.018000000000000002,0.1,1,1550772317119,15747903,30
2019-02-21 18:53:55.192,2.0,sell,3880.35,BTC-1MAR19-4000-C,50.46,0.0165,2.0,2,1550775235192,15748646,31
2019-02-21 20:09:19.140,1.1,sell,3895.49,BTC-1MAR19-4000-C,50.0,0.0175,1.1,0,1550779759140,15749836,32
2019-02-21 20:20:15.865,0.1,buy,3895.34,BTC-1MAR19-4000-C,50.98,0.018000000000000002,0.1,0,1550780415865,15749983,33
2019-02-21 21:22:57.933,0.3,buy,3899.09,BTC-1MAR19-4000-C,50.49,0.018000000000000002,0.3,1,1550784177933,15750338,34
2019-02-21 22:53:14.754,0.1,buy,3887.72,BTC-1MAR19-4000-C,53.56,0.0185,0.1,0,1550789594754,15750887,35
2019-02-22 00:19:08.014,1.0,sell,3904.26,BTC-1MAR19-4000-C,49.1,0.0175,1.0,2,1550794748014,15752408,36
2019-02-22 00:20:25.409,0.5,sell,3900.54,BTC-1MAR19-4000-C,49.74,0.0175,0.5,3,1550794825409,15752456,37
2019-02-22 00:20:47.350,0.1,sell,3901.53,BTC-1MAR19-4000-C,49.57,0.0175,0.1,3,1550794847350,15752467,38
2019-02-22 00:21:19.960,0.4,sell,3901.54,BTC-1MAR19-4000-C,48.64,0.017,0.4,2,1550794879960,15752475,39
2019-02-22 01:12:53.729,1.0,buy,3901.7,BTC-1MAR19-4000-C,52.46,0.019,1.0,0,1550797973729,15752899,40
2019-02-22 02:30:00.513,1.0,sell,3919.63,BTC-1MAR19-4000-C,47.65,0.018000000000000002,1.0,2,1550802600513,15754284,41
2019-02-22 02:32:55.072,0.1,sell,3922.04,BTC-1MAR19-4000-C,48.15,0.0185,0.1,0,1550802775072,15754357,42
2019-02-22 04:32:42.454,0.4,buy,3913.33,BTC-1MAR19-4000-C,49.05,0.018000000000000002,0.4,2,1550809962454,15755534,43
2019-02-22 04:40:13.929,0.4,sell,3910.71,BTC-1MAR19-4000-C,48.6,0.0175,0.4,2,1550810413929,15755609,44
2019-02-22 04:42:38.558,0.1,sell,3911.24,BTC-1MAR19-4000-C,48.51,0.0175,0.1,3,1550810558558,15755641,45
2019-02-22 05:53:50.578,0.2,sell,3914.23,BTC-1MAR19-4000-C,50.02,0.0185,0.2,0,1550814830578,15756719,46
2019-02-22 06:09:31.049,1.8,sell,3913.87,BTC-1MAR19-4000-C,50.13,0.0185,1.8,1,1550815771049,15756911,47
2019-02-22 06:34:38.720,2.0,buy,3915.2,BTC-1MAR19-4000-C,50.89,0.019,2.0,0,1550817278720,15757096,48
2019-02-22 06:54:01.145,1.0,sell,3913.83,BTC-1MAR19-4000-C,49.31,0.018000000000000002,1.0,2,1550818441145,15757254,49
2019-02-22 08:20:40.393,0.5,buy,3908.33,BTC-1MAR19-4000-C,50.5,0.018000000000000002,0.5,3,1550823640393,15761070,50
2019-02-22 08:22:41.565,1.0,buy,3912.3,BTC-1MAR19-4000-C,50.74,0.0185,1.0,0,1550823761565,15761485,51
2019-02-22 08:24:21.295,2.0,buy,3920.27,BTC-1MAR19-4000-C,50.25,0.019,2.0,0,1550823861295,15761757,52
2019-02-22 08:31:00.188,0.5,buy,3926.13,BTC-1MAR19-4000-C,50.13,0.0195,0.5,0,1550824260188,15762604,53
2019-02-22 08:53:00.072,0.5,sell,3924.71,BTC-1MAR19-4000-C,51.37,0.02,0.5,0,1550825580072,15763953,54
2019-02-22 09:00:08.534,4.0,buy,3930.18,BTC-1MAR19-4000-C,52.24,0.021,4.0,0,1550826008534,15764635,55
2019-02-22 09:02:32.156,1.0,sell,3927.0,BTC-1MAR19-4000-C,52.84,0.021,1.0,1,1550826152156,15764771,56
2019-02-22 09:04:42.983,4.5,sell,3922.55,BTC-1MAR19-4000-C,52.74,0.0205,4.5,2,1550826282983,15764913,57
2019-02-22 09:23:41.122,0.1,sell,3922.38,BTC-1MAR19-4000-C,50.95,0.0195,0.1,2,1550827421122,15765279,58
2019-02-22 09:23:41.122,0.9,sell,3922.38,BTC-1MAR19-4000-C,50.95,0.0195,0.9,3,1550827421122,15765280,59
2019-02-22 09:29:41.363,0.5,buy,3920.61,BTC-1MAR19-4000-C,52.22,0.02,0.5,0,1550827781363,15765348,60
2019-02-22 09:31:10.474,0.5,sell,3923.25,BTC-1MAR19-4000-C,51.74,0.02,0.5,1,1550827870474,15765382,61
2019-02-22 09:40:39.049,0.2,buy,3931.07,BTC-1MAR19-4000-C,51.25,0.0205,0.2,0,1550828439049,15765679,62
2019-02-22 09:42:28.574,0.3,sell,3922.79,BTC-1MAR19-4000-C,52.79,0.0205,0.3,1,1550828548574,15765874,63
2019-02-22 09:43:40.179,3.5,sell,3920.87,BTC-1MAR19-4000-C,53.15,0.0205,3.5,1,1550828620179,15765926,64
2019-02-22 09:52:02.560,0.2,sell,3921.35,BTC-1MAR19-4000-C,53.08,0.0205,0.2,1,1550829122560,15766075,65
2019-02-22 09:59:51.328,0.1,sell,3925.15,BTC-1MAR19-4000-C,53.33,0.021,0.1,0,1550829591328,15766240,66
2019-02-22 10:20:39.248,6.2,sell,3924.99,BTC-1MAR19-4000-C,53.42,0.021,6.2,1,1550830839248,15766779,67
2019-02-22 11:03:16.361,1.0,sell,3921.05,BTC-1MAR19-4000-C,54.27,0.021,1.0,1,1550833396361,15767451,68
2019-02-22 11:22:21.770,0.2,buy,3928.6,BTC-1MAR19-4000-C,54.78,0.022,0.2,0,1550834541770,15767811,69
2019-02-22 11:22:21.770,0.1,buy,3928.6,BTC-1MAR19-4000-C,54.78,0.022,0.1,1,1550834541770,15767812,70
2019-02-22 11:26:46.458,0.1,sell,3921.69,BTC-1MAR19-4000-C,54.21,0.021,0.1,2,1550834806458,15768014,71
2019-02-22 11:30:46.602,2.0,sell,3922.47,BTC-1MAR19-4000-C,54.08,0.021,2.0,3,1550835046602,15768101,72
2019-02-22 11:45:54.247,0.5,sell,3925.24,BTC-1MAR19-4000-C,50.78,0.0195,0.5,2,1550835954247,15768354,73
2019-02-22 11:52:42.625,1.0,sell,3923.0,BTC-1MAR19-4000-C,50.27,0.019,1.0,2,1550836362625,15768578,74
2019-02-22 12:14:59.056,0.5,sell,3924.39,BTC-1MAR19-4000-C,50.07,0.019,0.5,3,1550837699056,15768989,75
2019-02-22 12:16:04.359,0.2,sell,3923.75,BTC-1MAR19-4000-C,50.19,0.019,0.2,3,1550837764359,15769007,76
2019-02-22 12:23:17.598,0.5,buy,3933.23,BTC-1MAR19-4000-C,50.32,0.02,0.5,0,1550838197598,15769252,77
2019-02-22 12:23:32.850,0.1,buy,3940.09,BTC-1MAR19-4000-C,52.75,0.022,0.1,1,1550838212850,15769459,80
2019-02-22 12:23:32.850,0.5,buy,3940.09,BTC-1MAR19-4000-C,52.75,0.022,0.5,0,1550838212850,15769457,78
2019-02-22 12:23:32.850,0.6,buy,3940.09,BTC-1MAR19-4000-C,52.75,0.022,0.6,1,1550838212850,15769458,79
2019-02-22 12:24:29.474,0.5,sell,3931.84,BTC-1MAR19-4000-C,51.52,0.0205,0.5,2,1550838269474,15769832,81
2019-02-22 12:40:32.800,0.1,buy,3944.05,BTC-1MAR19-4000-C,53.88,0.023,0.1,0,1550839232800,15770974,83
2019-02-22 12:40:32.800,3.2,buy,3944.05,BTC-1MAR19-4000-C,53.88,0.023,3.2,1,1550839232800,15770975,84
2019-02-22 12:40:32.800,0.5,buy,3944.05,BTC-1MAR19-4000-C,52.95,0.0225,0.5,0,1550839232800,15770973,82
2019-02-22 12:40:50.896,1.2,buy,3943.39,BTC-1MAR19-4000-C,54.01,0.023,1.2,1,1550839250896,15771012,85
2019-02-22 12:43:43.304,0.1,sell,3938.27,BTC-1MAR19-4000-C,55.02,0.023,0.1,1,1550839423304,15771394,86
2019-02-22 12:43:43.304,0.5,sell,3938.27,BTC-1MAR19-4000-C,55.02,0.023,0.5,1,1550839423304,15771397,89
2019-02-22 12:43:43.304,1.5,sell,3938.27,BTC-1MAR19-4000-C,55.02,0.023,1.5,1,1550839423304,15771398,90
2019-02-22 12:43:43.304,0.5,sell,3938.27,BTC-1MAR19-4000-C,55.02,0.023,0.5,1,1550839423304,15771400,92
2019-02-22 12:43:43.304,0.3,sell,3938.27,BTC-1MAR19-4000-C,55.02,0.023,0.3,1,1550839423304,15771399,91
2019-02-22 12:43:43.304,1.0,sell,3938.27,BTC-1MAR19-4000-C,55.02,0.023,1.0,1,1550839423304,15771396,88
2019-02-22 12:43:43.304,0.6,sell,3938.27,BTC-1MAR19-4000-C,55.02,0.023,0.6,1,1550839423304,15771395,87
2019-02-22 12:43:43.304,0.6,sell,3938.27,BTC-1MAR19-4000-C,55.02,0.023,0.6,1,1550839423304,15771401,93
2019-02-22 13:33:18.550,0.1,sell,3943.67,BTC-1MAR19-4000-C,51.3,0.0215,0.1,2,1550842398550,15773803,94
2019-02-22 13:34:09.018,2.9,buy,3946.92,BTC-1MAR19-4000-C,50.67,0.0215,2.9,3,1550842449018,15773878,95
2019-02-22 13:58:05.397,1.0,buy,3950.03,BTC-1MAR19-4000-C,53.85,0.0235,1.0,0,1550843885397,15775624,96
2019-02-22 14:13:29.797,0.3,buy,3939.06,BTC-1MAR19-4000-C,54.18,0.0225,0.3,2,1550844809797,15776739,97
2019-02-22 14:13:56.748,2.7,buy,3941.27,BTC-1MAR19-4000-C,54.69,0.023,2.7,0,1550844836748,15776800,98
2019-02-22 14:30:46.070,1.0,buy,3939.19,BTC-1MAR19-4000-C,51.39,0.021,1.0,2,1550845846070,15777897,99
2019-02-22 14:59:20.361,2.0,buy,3943.22,BTC-1MAR19-4000-C,55.37,0.0235,2.0,0,1550847560361,15778783,100
2019-02-22 15:02:01.086,5.0,sell,3945.6,BTC-1MAR19-4000-C,53.97,0.023,5.0,2,1550847721086,15778829,101
2019-02-22 15:12:59.475,0.1,sell,3939.98,BTC-1MAR19-4000-C,51.35,0.021,0.1,2,1550848379475,15779171,102
2019-02-22 15:14:02.261,0.5,buy,3939.86,BTC-1MAR19-4000-C,55.13,0.023,0.5,0,1550848442261,15779218,103
2019-02-22 16:55:57.507,0.2,sell,3929.87,BTC-1MAR19-4000-C,51.68,0.02,0.2,2,1550854557507,15784159,104
2019-02-22 17:44:42.535,1.0,buy,3933.79,BTC-1MAR19-4000-C,52.96,0.021,1.0,0,1550857482535,15785014,105
2019-02-22 18:06:18.824,0.1,buy,3943.48,BTC-1MAR19-4000-C,52.08,0.0215,0.1,0,1550858778824,15785512,106
2019-02-22 18:06:18.824,1.9,buy,3943.48,BTC-1MAR19-4000-C,52.08,0.0215,1.9,1,1550858778824,15785513,107
2019-02-22 18:11:34.423,0.5,buy,3940.42,BTC-1MAR19-4000-C,52.7,0.0215,0.5,1,1550859094423,15785586,108
2019-02-22 19:21:43.159,0.2,buy,3946.44,BTC-1MAR19-4000-C,49.8,0.0205,0.2,2,1550863303159,15786257,109
2019-02-22 20:15:12.579,0.1,sell,3935.29,BTC-1MAR19-4000-C,51.18,0.02,0.1,2,1550866512579,15786918,110
2019-02-22 20:16:57.603,6.5,sell,3934.65,BTC-1MAR19-4000-C,51.31,0.02,6.5,3,1550866617603,15786973,111
2019-02-22 20:32:07.952,3.4,sell,3935.97,BTC-1MAR19-4000-C,51.09,0.02,3.4,3,1550867527952,15787292,112
2019-02-22 21:00:20.087,2.0,sell,3932.11,BTC-1MAR19-4000-C,50.95,0.0195,2.0,2,1550869220087,15787425,113
2019-02-22 22:21:45.887,1.0,sell,3946.24,BTC-1MAR19-4000-C,49.36,0.02,1.0,0,1550874105887,15788354,114
2019-02-22 23:35:33.298,1.5,buy,3948.79,BTC-1MAR19-4000-C,51.93,0.0215,1.5,0,1550878533298,15789229,115
2019-02-22 23:41:45.630,1.0,buy,3949.9,BTC-1MAR19-4000-C,51.72,0.0215,1.0,1,1550878905630,15789396,116
2019-02-22 23:45:44.956,1.0,sell,3949.07,BTC-1MAR19-4000-C,50.94,0.021,1.0,2,1550879144956,15789480,117
2019-02-23 00:02:09.585,4.0,sell,3935.16,BTC-1MAR19-4000-C,53.78,0.021,4.0,3,1550880129585,15790128,118
2019-02-23 00:31:22.724,5.0,sell,3934.55,BTC-1MAR19-4000-C,53.01,0.0205,5.0,2,1550881882724,15791106,119
2019-02-23 00:33:09.783,5.0,sell,3935.74,BTC-1MAR19-4000-C,51.81,0.02,5.0,2,1550881989783,15791185,120
2019-02-23 01:29:23.505,0.7000000000000001,sell,3938.35,BTC-1MAR19-4000-C,50.48,0.0195,0.7000000000000001,2,1550885363505,15791603,121
2019-02-23 01:32:05.228,0.1,buy,3940.24,BTC-1MAR19-4000-C,53.03,0.021,0.1,0,1550885525228,15791687,122
2019-02-23 04:34:03.881,2.0,sell,3930.52,BTC-1MAR19-4000-C,54.54,0.0205,2.0,2,1550896443881,15793726,123
2019-02-23 04:35:40.970,2.0,sell,3928.68,BTC-1MAR19-4000-C,54.91,0.0205,2.0,3,1550896540970,15793798,124
2019-02-23 04:35:43.227,2.0,sell,3927.3,BTC-1MAR19-4000-C,55.18,0.0205,2.0,3,1550896543227,15793819,125
2019-02-23 04:35:44.743,2.0,sell,3926.39,BTC-1MAR19-4000-C,55.36,0.0205,2.0,3,1550896544743,15793832,126
2019-02-23 04:47:06.033,2.0,sell,3921.61,BTC-1MAR19-4000-C,56.34,0.0205,2.0,3,1550897226033,15794252,127
2019-02-23 05:10:51.856,1.0,buy,3923.5,BTC-1MAR19-4000-C,56.04,0.0205,1.0,3,1550898651856,15794949,128
2019-02-23 05:17:27.078,6.9,sell,3915.32,BTC-1MAR19-4000-C,56.66,0.02,6.9,2,1550899047078,15795654,129
2019-02-23 05:17:28.641,3.1,sell,3915.18,BTC-1MAR19-4000-C,56.69,0.02,3.1,3,1550899048641,15795661,130
2019-02-23 05:17:34.040,5.0,sell,3914.79,BTC-1MAR19-4000-C,54.76,0.019,5.0,2,1550899054040,15795680,131
2019-02-23 08:53:15.667,1.0,buy,3920.45,BTC-1MAR19-4000-C,57.37,0.0205,1.0,0,1550911995667,15798448,132
2019-02-23 15:44:23.357,1.0,sell,3917.19,BTC-1MAR19-4000-C,55.3,0.0185,1.0,2,1550936663357,15805466,133
2019-02-23 15:44:30.394,9.0,sell,3916.78,BTC-1MAR19-4000-C,55.38,0.0185,9.0,3,1550936670394,15805468,134
2019-02-23 16:56:43.545,0.1,buy,3961.72,BTC-1MAR19-4000-C,52.34,0.0215,0.1,0,1550941003545,15806795,135
2019-02-23 16:59:04.639,0.2,buy,3969.87,BTC-1MAR19-4000-C,56.6,0.0245,0.2,0,1550941144639,15807834,136
2019-02-23 16:59:04.639,0.3,buy,3969.87,BTC-1MAR19-4000-C,56.6,0.0245,0.3,1,1550941144639,15807835,137
2019-02-23 16:59:04.644,0.8,buy,3969.87,BTC-1MAR19-4000-C,56.6,0.0245,0.8,1,1550941144644,15807836,138
2019-02-23 16:59:04.644,0.2,buy,3969.87,BTC-1MAR19-4000-C,56.6,0.0245,0.2,1,1550941144644,15807837,139
2019-02-23 16:59:04.649,0.6,buy,3969.87,BTC-1MAR19-4000-C,56.6,0.0245,0.6,1,1550941144649,15807838,140
2019-02-23 16:59:04.653,1.3,buy,3969.87,BTC-1MAR19-4000-C,56.6,0.0245,1.3,1,1550941144653,15807839,141
2019-02-23 16:59:04.888,0.2,buy,3969.87,BTC-1MAR19-4000-C,56.6,0.0245,0.2,1,1550941144888,15807843,142
2019-02-23 16:59:04.892,1.4,buy,3969.87,BTC-1MAR19-4000-C,56.6,0.0245,1.4,1,1550941144892,15807844,143
2019-02-23 16:59:04.893,0.6,buy,3969.87,BTC-1MAR19-4000-C,56.6,0.0245,0.6,1,1550941144893,15807845,144
2019-02-23 16:59:04.915,0.5,buy,3969.87,BTC-1MAR19-4000-C,56.6,0.0245,0.5,1,1550941144915,15807846,145
2019-02-23 17:07:20.822,0.1,buy,4001.9,BTC-1MAR19-4000-C,50.04,0.025,0.1,0,1550941640822,15811026,146
2019-02-23 17:07:34.479,0.1,buy,4004.17,BTC-1MAR19-4000-C,57.57,0.029,0.1,0,1550941654479,15811291,147
2019-02-23 17:10:27.108,4.8,sell,3978.03,BTC-1MAR19-4000-C,50.71,0.0225,4.8,2,1550941827108,15814035,148
2019-02-23 17:10:31.645,0.2,sell,3974.45,BTC-1MAR19-4000-C,51.54,0.0225,0.2,3,1550941831645,15814110,149
2019-02-23 17:22:52.232,0.1,buy,3988.18,BTC-1MAR19-4000-C,53.43,0.025,0.1,0,1550942572232,15818282,150
2019-02-23 17:25:07.328,0.1,buy,3988.43,BTC-1MAR19-4000-C,53.37,0.025,0.1,1,1550942707328,15818541,151
2019-02-23 17:25:41.094,3.9,buy,3996.22,BTC-1MAR19-4000-C,51.5,0.025,3.9,1,1550942741094,15818625,152
2019-02-23 17:25:48.783,0.9,buy,3999.96,BTC-1MAR19-4000-C,50.58,0.025,0.9,1,1550942748783,15818732,153
2019-02-23 17:27:33.111,3.0,buy,3998.44,BTC-1MAR19-4000-C,53.99,0.0265,3.0,0,1550942853111,15819134,154
2019-02-23 17:37:29.731,3.0,sell,4021.5,BTC-1MAR19-4000-C,52.24,0.0285,3.0,0,1550943449731,15822406,155
2019-02-23 17:42:08.684,1.0,sell,4046.4,BTC-1MAR19-4000-C,52.67,0.032,1.0,0,1550943728684,15823970,156
2019-02-23 17:42:26.771,4.0,buy,4041.81,BTC-1MAR19-4000-C,56.01,0.033,4.0,0,1550943746771,15824059,157
2019-02-23 17:57:05.129,1.0,buy,4087.42,BTC-1MAR19-4000-C,52.01,0.0375,1.0,0,1550944625129,15828768,158
2019-02-23 18:00:12.090,2.0,buy,4094.99,BTC-1MAR19-4000-C,53.92,0.0395,2.0,0,1550944812090,15829887,159
2019-02-23 18:01:36.327,0.2,buy,4099.05,BTC-1MAR19-4000-C,53.69,0.04,0.2,0,1550944896327,15830359,160
2019-02-23 18:04:35.869,1.0,buy,4126.92,BTC-1MAR19-4000-C,55.34,0.045,1.0,0,1550945075869,15832164,161
2019-02-23 19:22:54.572,1.0,sell,4115.55,BTC-1MAR19-4000-C,58.43,0.0445,1.0,2,1550949774572,15841105,162
2019-02-23 19:34:04.309,1.0,sell,4115.57,BTC-1MAR19-4000-C,58.47,0.0445,1.0,3,1550950444309,15841804,163
2019-02-23 19:34:05.133,0.7000000000000001,sell,4115.56,BTC-1MAR19-4000-C,58.47,0.0445,0.7000000000000001,3,1550950445133,15841805,164
2019-02-23 19:37:27.596,4.0,sell,4103.06,BTC-1MAR19-4000-C,48.17,0.038,4.0,2,1550950647596,15842371,165
2019-02-23 20:29:15.994,3.3000000000000003,buy,4128.72,BTC-1MAR19-4000-C,58.65,0.0465,3.3000000000000003,0,1550953755994,15844525,166
2019-02-23 20:29:16.326,0.1,buy,4128.72,BTC-1MAR19-4000-C,58.65,0.0465,0.1,1,1550953756326,15844528,167
2019-02-23 21:56:13.995,0.1,buy,4111.12,BTC-1MAR19-4000-C,60.5,0.0445,0.1,2,1550958973995,15850858,168
2019-02-23 23:01:18.052,3.0,buy,4116.1,BTC-1MAR19-4000-C,56.78,0.0435,3.0,2,1550962878052,15853060,169
2019-02-24 00:12:50.998,0.1,sell,4112.52,BTC-1MAR19-4000-C,54.86,0.042,0.1,2,1550967170998,15854730,170
2019-02-24 00:15:05.114,1.0,sell,4113.32,BTC-1MAR19-4000-C,54.59,0.042,1.0,3,1550967305114,15854748,171
2019-02-24 00:15:05.114,1.0,sell,4113.32,BTC-1MAR19-4000-C,54.59,0.042,1.0,3,1550967305114,15854749,172
2019-02-24 03:12:28.336,0.1,sell,4153.1,BTC-1MAR19-4000-C,51.87,0.047,0.1,0,1550977948336,15861504,173
2019-02-24 03:19:47.027,0.1,buy,4168.6,BTC-1MAR19-4000-C,52.95,0.05,0.1,0,1550978387027,15862062,174
2019-02-24 06:53:23.066,1.0,buy,4157.67,BTC-1MAR19-4000-C,60.98,0.051,1.0,0,1550991203066,15870849,175
2019-02-24 08:46:25.653,2.0,sell,4146.42,BTC-1MAR19-4000-C,53.35,0.046,2.0,2,1550997985653,15872348,176
2019-02-24 08:46:39.166,0.5,sell,4146.42,BTC-1MAR19-4000-C,53.35,0.046,0.5,3,1550997999166,15872377,177
2019-02-24 11:41:27.328,1.0,buy,4134.81,BTC-1MAR19-4000-C,63.73,0.048,1.0,0,1551008487328,15877742,178
2019-02-24 11:41:53.699,1.0,buy,4133.65,BTC-1MAR19-4000-C,64.17,0.048,1.0,1,1551008513699,15877747,179
2019-02-24 12:28:06.268,1.0,sell,4123.91,BTC-1MAR19-4000-C,54.56,0.0425,1.0,2,1551011286268,15879991,180
2019-02-24 14:03:34.964,0.2,sell,4052.25,BTC-1MAR19-4000-C,63.26,0.0355,0.2,2,1551017014964,15885496,181
2019-02-24 14:12:19.941,5.0,sell,3907.53,BTC-1MAR19-4000-C,61.46,0.018000000000000002,5.0,2,1551017539941,15893954,182
2019-02-24 14:14:41.595,0.3,buy,3841.86,BTC-1MAR19-4000-C,60.11,0.012,0.3,2,1551017681595,15897620,183
2019-02-24 14:14:48.140,0.3,buy,3838.46,BTC-1MAR19-4000-C,60.74,0.012,0.3,3,1551017688140,15897748,184
2019-02-24 14:15:13.419,0.3,sell,3818.32,BTC-1MAR19-4000-C,63.11,0.0115,0.3,2,1551017713419,15898499,185
2019-02-24 14:15:20.829,0.4,buy,3805.61,BTC-1MAR19-4000-C,64.03,0.011000000000000001,0.4,2,1551017720829,15898824,186
2019-02-24 14:16:19.032,0.2,buy,3745.36,BTC-1MAR19-4000-C,63.88,0.0075,0.2,2,1551017779032,15901092,187
2019-02-24 14:16:27.905,0.2,sell,3739.75,BTC-1MAR19-4000-C,64.77,0.0075,0.2,2,1551017787905,15901312,189
2019-02-24 14:16:27.905,0.2,sell,3739.75,BTC-1MAR19-4000-C,66.36,0.008,0.2,0,1551017787905,15901311,188
2019-02-24 14:16:52.295,0.2,buy,3728.05,BTC-1MAR19-4000-C,63.27,0.0065,0.2,2,1551017812295,15901921,190
2019-02-24 14:17:04.166,0.2,buy,3725.44,BTC-1MAR19-4000-C,74.86,0.01,0.2,0,1551017824166,15902177,191
2019-02-24 14:20:25.836,0.4,sell,3830.54,BTC-1MAR19-4000-C,51.42,0.008,0.4,2,1551018025836,15907016,192
2019-02-24 14:20:59.028,1.0,sell,3830.16,BTC-1MAR19-4000-C,62.3,0.012,1.0,0,1551018059028,15907559,193
2019-02-24 14:54:26.090,5.0,buy,3797.12,BTC-1MAR19-4000-C,68.43,0.012,5.0,1,1551020066090,15926938,194
2019-02-24 15:05:40.504,0.1,buy,3793.91,BTC-1MAR19-4000-C,69.07,0.012,0.1,1,1551020740504,15930944,195
2019-02-24 15:08:29.573,0.1,buy,3805.64,BTC-1MAR19-4000-C,68.3,0.0125,0.1,0,1551020909573,15931519,196
2019-02-24 15:22:30.747,3.0,sell,3793.55,BTC-1MAR19-4000-C,63.69,0.01,3.0,2,1551021750747,15933869,197
2019-02-24 15:37:44.749,0.5,buy,3787.54,BTC-1MAR19-4000-C,66.22,0.0105,0.5,0,1551022664749,15935733,198
2019-02-24 15:56:37.586,2.0,buy,3777.57,BTC-1MAR19-4000-C,66.61,0.01,2.0,2,1551023797586,15938359,199
2019-02-24 16:03:16.111,0.1,sell,3733.05,BTC-1MAR19-4000-C,66.35,0.0075,0.1,2,1551024196111,15940725,200
2019-02-24 16:03:16.111,4.1,sell,3733.05,BTC-1MAR19-4000-C,66.35,0.0075,4.1,3,1551024196111,15940726,201
2019-02-24 16:03:16.111,1.8,sell,3733.05,BTC-1MAR19-4000-C,66.35,0.0075,1.8,3,1551024196111,15940727,202
2019-02-24 16:06:34.830,3.3000000000000003,sell,3779.8,BTC-1MAR19-4000-C,64.84,0.0095,3.3000000000000003,1,1551024394830,15942131,204
2019-02-24 16:06:34.830,1.7,sell,3779.8,BTC-1MAR19-4000-C,64.84,0.0095,1.7,0,1551024394830,15942130,203
2019-02-24 17:06:15.703,0.2,buy,3756.77,BTC-1MAR19-4000-C,70.52,0.01,0.2,0,1551027975703,15950170,205
2019-02-24 17:58:26.335,5.1000000000000005,buy,3760.39,BTC-1MAR19-4000-C,70.18,0.01,5.1000000000000005,1,1551031106335,15952607,207
2019-02-24 17:58:26.335,1.8,buy,3760.39,BTC-1MAR19-4000-C,70.18,0.01,1.8,1,1551031106335,15952606,206
2019-02-24 17:58:26.335,1.7,buy,3760.39,BTC-1MAR19-4000-C,70.18,0.01,1.7,1,1551031106335,15952608,208
2019-02-24 18:06:15.785,0.1,sell,3757.76,BTC-1MAR19-4000-C,70.67,0.01,0.1,1,1551031575785,15952977,209
2019-02-24 18:22:51.603,1.0,sell,3762.29,BTC-1MAR19-4000-C,69.98,0.01,1.0,1,1551032571603,15953699,210
2019-02-24 18:24:29.280,0.1,sell,3759.05,BTC-1MAR19-4000-C,70.55,0.01,0.1,1,1551032669280,15953787,211
2019-02-24 18:24:50.650,0.1,sell,3759.87,BTC-1MAR19-4000-C,70.41,0.01,0.1,1,1551032690650,15953797,212
2019-02-24 18:43:09.896,1.0,sell,3776.0,BTC-1MAR19-4000-C,67.72,0.01,1.0,1,1551033789896,15954325,213
2019-02-24 18:45:06.764,1.0,sell,3772.48,BTC-1MAR19-4000-C,68.34,0.01,1.0,1,1551033906764,15954370,214
2019-02-24 19:51:11.449,0.1,sell,3770.9,BTC-1MAR19-4000-C,68.97,0.01,0.1,1,1551037871449,15956027,215
2019-02-24 22:03:43.851,8.0,sell,3768.24,BTC-1MAR19-4000-C,70.15,0.01,8.0,1,1551045823851,15960522,216
2019-02-24 22:03:51.767,1.0,sell,3753.01,BTC-1MAR19-4000-C,71.28,0.0095,1.0,2,1551045831767,15960779,217
2019-02-24 23:30:37.887,16.0,buy,3764.93,BTC-1MAR19-4000-C,71.22,0.01,16.0,0,1551051037887,15964689,218
2019-02-24 23:31:41.367,10.8,buy,3765.88,BTC-1MAR19-4000-C,72.55,0.0105,10.8,1,1551051101367,15964705,221
2019-02-24 23:31:41.367,7.5,buy,3765.88,BTC-1MAR19-4000-C,72.55,0.0105,7.5,0,1551051101367,15964703,219
2019-02-24 23:31:41.367,1.7,buy,3765.88,BTC-1MAR19-4000-C,72.55,0.0105,1.7,1,1551051101367,15964704,220
2019-02-24 23:31:55.734,8.2,buy,3765.87,BTC-1MAR19-4000-C,72.56,0.0105,8.2,1,1551051115734,15964710,223
2019-02-24 23:31:55.734,11.8,buy,3765.87,BTC-1MAR19-4000-C,72.56,0.0105,11.8,1,1551051115734,15964709,222
2019-02-24 23:48:59.861,1.0,sell,3746.93,BTC-1MAR19-4000-C,71.36,0.009000000000000001,1.0,2,1551052139861,15965630,224
2019-02-25 01:47:31.581,1.8,sell,3763.68,BTC-1MAR19-4000-C,67.55,0.0085,1.8,3,1551059251581,15970593,226
2019-02-25 01:47:31.581,0.2,sell,3763.68,BTC-1MAR19-4000-C,67.55,0.0085,0.2,2,1551059251581,15970592,225
2019-02-25 01:51:59.402,6.6000000000000005,sell,3762.26,BTC-1MAR19-4000-C,67.82,0.0085,6.6000000000000005,3,1551059519402,15970626,227
2019-02-25 01:51:59.402,6.7,sell,3762.26,BTC-1MAR19-4000-C,67.82,0.0085,6.7,3,1551059519402,15970627,228
2019-02-25 02:47:59.518,1.7,buy,3769.26,BTC-1MAR19-4000-C,66.91,0.0085,1.7,3,1551062879518,15971633,229
2019-02-25 04:33:39.803,1.0,buy,3782.71,BTC-1MAR19-4000-C,69.78,0.01,1.0,0,1551069219803,15974474,230
2019-02-25 07:00:46.561,0.2,sell,3779.46,BTC-1MAR19-4000-C,68.13,0.009000000000000001,0.2,2,1551078046561,15978065,231
2019-02-25 07:28:04.426,0.3,sell,3765.88,BTC-1MAR19-4000-C,67.46,0.008,0.3,2,1551079684426,15979232,232
2019-02-25 07:41:50.151,1.7,sell,3767.88,BTC-1MAR19-4000-C,67.19,0.008,1.7,3,1551080510151,15979752,233
2019-02-25 07:54:01.839,1.8,sell,3757.21,BTC-1MAR19-4000-C,63.93,0.0065,1.8,2,1551081241839,15980185,234
2019-02-25 07:54:01.839,0.2,sell,3757.21,BTC-1MAR19-4000-C,63.93,0.0065,0.2,3,1551081241839,15980186,235
2019-02-25 09:40:56.731,1.0,buy,3775.15,BTC-1MAR19-4000-C,69.87,0.009000000000000001,1.0,0,1551087656731,15981823,236
2019-02-25 11:39:13.704,6.5,sell,3778.32,BTC-1MAR19-4000-C,70.03,0.009000000000000001,6.5,1,1551094753704,15985984,237
2019-02-25 14:05:40.338,0.1,sell,3767.37,BTC-1MAR19-4000-C,69.64,0.008,0.1,2,1551103540338,15989272,238
2019-02-25 15:09:03.894,5.0,buy,3783.29,BTC-1MAR19-4000-C,65.39,0.0075,5.0,2,1551107343894,15990609,239
2019-02-25 15:09:31.667,10.0,buy,3783.69,BTC-1MAR19-4000-C,65.32,0.0075,10.0,3,1551107371667,15990617,241
2019-02-25 15:09:31.667,5.0,buy,3783.69,BTC-1MAR19-4000-C,65.32,0.0075,5.0,3,1551107371667,15990616,240
2019-02-25 15:09:54.837,1.7,buy,3783.98,BTC-1MAR19-4000-C,68.67,0.0085,1.7,0,1551107394837,15990618,242
2019-02-25 15:10:25.803,0.1,buy,3783.94,BTC-1MAR19-4000-C,71.97,0.0095,0.1,1,1551107425803,15990646,244
2019-02-25 15:10:25.803,7.0,buy,3783.94,BTC-1MAR19-4000-C,71.97,0.0095,7.0,0,1551107425803,15990645,243
2019-02-25 15:10:25.803,1.7,buy,3783.94,BTC-1MAR19-4000-C,71.97,0.0095,1.7,1,1551107425803,15990647,245
2019-02-25 15:10:25.803,17.5,buy,3783.94,BTC-1MAR19-4000-C,71.97,0.0095,17.5,1,1551107425803,15990648,246
2019-02-25 15:10:41.347,6.3,buy,3785.17,BTC-1MAR19-4000-C,73.35,0.01,6.3,1,1551107441347,15990671,250
2019-02-25 15:10:41.347,0.4,buy,3785.17,BTC-1MAR19-4000-C,73.35,0.01,0.4,0,1551107441347,15990669,248
2019-02-25 15:10:41.347,17.400000000000002,buy,3785.17,BTC-1MAR19-4000-C,71.74,0.0095,17.400000000000002,1,1551107441347,15990668,247
2019-02-25 15:10:41.347,16.0,buy,3785.17,BTC-1MAR19-4000-C,73.35,0.01,16.0,1,1551107441347,15990670,249
2019-02-25 15:10:41.347,1.7,buy,3785.17,BTC-1MAR19-4000-C,73.35,0.01,1.7,1,1551107441347,15990672,251
2019-02-25 15:12:15.626,0.1,buy,3784.65,BTC-1MAR19-4000-C,71.85,0.0095,0.1,2,1551107535626,15990710,252
2019-02-25 15:12:15.626,17.3,buy,3784.65,BTC-1MAR19-4000-C,71.85,0.0095,17.3,3,1551107535626,15990711,253
2019-02-25 15:12:56.725,1.7,sell,3784.3,BTC-1MAR19-4000-C,68.63,0.0085,1.7,3,1551107576725,15990734,255
2019-02-25 15:12:56.725,6.4,sell,3784.3,BTC-1MAR19-4000-C,68.63,0.0085,6.4,2,1551107576725,15990733,254
2019-02-25 15:58:32.655,0.6,buy,3791.09,BTC-1MAR19-4000-C,67.64,0.0085,0.6,3,1551110312655,15991751,256
2019-02-25 16:10:57.944,2.1,sell,3790.61,BTC-1MAR19-4000-C,66.13,0.008,2.1,2,1551111057944,15992084,257
2019-02-25 16:13:30.884,2.0,buy,3796.33,BTC-1MAR19-4000-C,66.73,0.0085,2.0,0,1551111210884,15992283,258
2019-02-25 16:15:11.818,2.0,buy,3790.96,BTC-1MAR19-4000-C,67.77,0.0085,2.0,1,1551111311818,15992672,259
2019-02-25 16:28:10.931,2.0,buy,3805.06,BTC-1MAR19-4000-C,65.15,0.0085,2.0,1,1551112090931,15993614,260
2019-02-25 16:28:27.385,2.0,buy,3808.06,BTC-1MAR19-4000-C,64.58,0.0085,2.0,1,1551112107385,15993787,261
2019-02-25 16:28:31.106,5.0,buy,3810.19,BTC-1MAR19-4000-C,64.17,0.0085,5.0,1,1551112111106,15993850,262
2019-02-25 16:28:36.343,0.1,buy,3813.64,BTC-1MAR19-4000-C,63.5,0.0085,0.1,1,1551112116343,15993957,263
2019-02-25 16:28:36.345,0.1,buy,3813.64,BTC-1MAR19-4000-C,63.5,0.0085,0.1,1,1551112116345,15993958,264
2019-02-25 16:28:38.547,16.0,buy,3815.29,BTC-1MAR19-4000-C,63.18,0.0085,16.0,1,1551112118547,15994005,265
2019-02-25 16:28:38.645,12.1,buy,3815.39,BTC-1MAR19-4000-C,63.17,0.0085,12.1,1,1551112118645,15994006,266
2019-02-25 16:49:42.570,3.0,buy,3821.83,BTC-1MAR19-4000-C,69.85,0.011000000000000001,3.0,0,1551113382570,15996844,267
2019-02-25 16:59:14.279,5.0,sell,3833.46,BTC-1MAR19-4000-C,69.02,0.0115,5.0,0,1551113954279,15998323,268
2019-02-25 16:59:36.960,5.0,sell,3831.4,BTC-1MAR19-4000-C,69.45,0.0115,5.0,1,1551113976960,15998376,269
2019-02-25 16:59:36.960,1.5,sell,3831.4,BTC-1MAR19-4000-C,69.45,0.0115,1.5,1,1551113976960,15998377,270
2019-02-25 17:21:08.464,3.3000000000000003,sell,3829.0,BTC-1MAR19-4000-C,65.53,0.01,3.3000000000000003,2,1551115268464,16000211,271
2019-02-25 17:24:04.576,4.9,sell,3822.84,BTC-1MAR19-4000-C,65.23,0.0095,4.9,2,1551115444576,16000382,272
2019-02-25 17:24:33.149,5.1000000000000005,sell,3819.95,BTC-1MAR19-4000-C,64.22,0.009000000000000001,5.1000000000000005,2,1551115473149,16000390,273
2019-02-25 17:29:41.300,2.0,sell,3825.22,BTC-1MAR19-4000-C,63.21,0.009000000000000001,2.0,3,1551115781300,16000658,274
2019-02-25 18:58:51.601,3.0,sell,3855.63,BTC-1MAR19-4000-C,66.56,0.012,3.0,0,1551121131601,16005149,275
2019-02-25 19:07:37.225,3.4,buy,3851.3,BTC-1MAR19-4000-C,67.56,0.012,3.4,1,1551121657225,16005514,277
2019-02-25 19:07:37.225,0.1,buy,3851.3,BTC-1MAR19-4000-C,67.56,0.012,0.1,1,1551121657225,16005513,276
2019-02-25 20:09:07.381,1.0,buy,3851.36,BTC-1MAR19-4000-C,67.95,0.012,1.0,1,1551125347381,16006791,278
2019-02-25 20:12:43.633,0.3,buy,3848.38,BTC-1MAR19-4000-C,68.63,0.012,0.3,1,1551125563633,16006852,279
2019-02-25 20:13:16.553,1.0,buy,3849.01,BTC-1MAR19-4000-C,68.49,0.012,1.0,1,1551125596553,16006858,280
2019-02-25 20:19:37.921,0.5,sell,3844.55,BTC-1MAR19-4000-C,64.98,0.0105,0.5,2,1551125977921,16006972,281
2019-02-25 20:26:36.943,4.0,sell,3818.1,BTC-1MAR19-4000-C,62.44,0.008,4.0,2,1551126396943,16007512,282
2019-02-25 20:30:00.978,1.1,buy,3819.49,BTC-1MAR19-4000-C,67.11,0.0095,1.1,1,1551126600978,16008223,284
2019-02-25 20:30:00.978,4.0,buy,3819.49,BTC-1MAR19-4000-C,67.11,0.0095,4.0,0,1551126600978,16008222,283
2019-02-25 20:47:26.777,0.1,sell,3821.03,BTC-1MAR19-4000-C,60.3,0.0075,0.1,2,1551127646777,16009489,285
2019-02-25 20:47:26.777,1.4,sell,3821.03,BTC-1MAR19-4000-C,60.3,0.0075,1.4,3,1551127646777,16009490,286
2019-02-25 21:46:56.017,0.1,buy,3816.89,BTC-1MAR19-4000-C,68.16,0.0095,0.1,0,1551131216017,16011082,287
2019-02-25 22:00:48.106,0.9,sell,3806.61,BTC-1MAR19-4000-C,61.81,0.006999999999999999,0.9,2,1551132048106,16011448,288
2019-02-25 23:42:33.821,0.2,sell,3821.15,BTC-1MAR19-4000-C,63.09,0.008,0.2,0,1551138153821,16012711,289
2019-02-26 00:27:31.889,2.5,buy,3818.58,BTC-1MAR19-4000-C,63.9,0.008,2.5,1,1551140851889,16013603,290
2019-02-26 01:01:42.706,4.0,buy,3820.24,BTC-1MAR19-4000-C,63.8,0.008,4.0,1,1551142902706,16013822,291
2019-02-26 01:04:41.955,1.0,buy,3819.56,BTC-1MAR19-4000-C,63.95,0.008,1.0,1,1551143081955,16013856,292
2019-02-26 02:24:16.487,0.4,buy,3825.92,BTC-1MAR19-4000-C,63.19,0.008,0.4,1,1551147856487,16014536,293
2019-02-26 02:24:35.131,0.1,buy,3826.05,BTC-1MAR19-4000-C,63.17,0.008,0.1,1,1551147875131,16014542,294
2019-02-26 04:41:55.651,1.2,buy,3817.91,BTC-1MAR19-4000-C,65.81,0.008,1.2,1,1551156115651,16015718,296
2019-02-26 04:41:55.651,1.8,buy,3817.91,BTC-1MAR19-4000-C,65.81,0.008,1.8,1,1551156115651,16015717,295
2019-02-26 07:40:30.745,0.1,buy,3785.42,BTC-1MAR19-4000-C,68.13,0.0065,0.1,2,1551166830745,16023321,297
2019-02-26 10:25:51.936,0.1,buy,3796.28,BTC-1MAR19-4000-C,67.26,0.0065,0.1,3,1551176751936,16026877,298
2019-02-26 10:25:51.936,5.6000000000000005,buy,3796.28,BTC-1MAR19-4000-C,67.26,0.0065,5.6000000000000005,3,1551176751936,16026878,299
2019-02-26 10:51:59.032,5.0,sell,3801.56,BTC-1MAR19-4000-C,66.39,0.0065,5.0,3,1551178319032,16027750,300
2019-02-26 11:04:35.105,0.1,buy,3801.01,BTC-1MAR19-4000-C,68.59,0.006999999999999999,0.1,0,1551179075105,16028006,301
2019-02-26 11:04:35.105,0.3,buy,3801.01,BTC-1MAR19-4000-C,68.59,0.006999999999999999,0.3,1,1551179075105,16028007,302
2019-02-26 13:11:17.336,1.0,buy,3782.09,BTC-1MAR19-4000-C,60.35,0.004,1.0,2,1551186677336,16030588,303
2019-02-26 17:11:34.646,0.1,sell,3794.08,BTC-1MAR19-4000-C,62.33,0.0045,0.1,0,1551201094646,16037026,304
2019-02-26 18:12:30.594,16.0,sell,3807.74,BTC-1MAR19-4000-C,57.65,0.004,16.0,2,1551204750594,16038643,305
2019-02-26 21:14:54.177,0.1,buy,3799.46,BTC-1MAR19-4000-C,63.32,0.0045,0.1,0,1551215694177,16042164,306
2019-02-26 21:46:05.371,0.1,sell,3797.59,BTC-1MAR19-4000-C,53.13,0.0025,0.1,2,1551217565371,16042383,307
2019-02-26 21:59:12.928,2.0,buy,3789.69,BTC-1MAR19-4000-C,63.21,0.004,2.0,0,1551218352928,16042890,308
2019-02-27 02:52:32.401,0.6,sell,3801.02,BTC-1MAR19-4000-C,54.95,0.0025,0.6,2,1551235952401,16047578,309
2019-02-27 02:55:40.771,10.0,sell,3802.5,BTC-1MAR19-4000-C,54.68,0.0025,10.0,3,1551236140771,16047621,310
2019-02-27 03:44:16.537,0.1,sell,3800.99,BTC-1MAR19-4000-C,52.03,0.002,0.1,2,1551239056537,16048145,311
2019-02-27 08:51:59.883,1.0,sell,3810.59,BTC-1MAR19-4000-C,62.51,0.0035,1.0,0,1551257519883,16051985,312
2019-02-27 10:40:19.473,0.5,sell,3810.94,BTC-1MAR19-4000-C,57.33,0.0025,0.5,2,1551264019473,16053322,313
2019-02-27 15:45:33.422,0.2,sell,3800.6,BTC-1MAR19-4000-C,50.02,0.001,0.2,3,1551282333422,16061906,315
2019-02-27 15:45:33.422,0.1,sell,3800.6,BTC-1MAR19-4000-C,50.02,0.001,0.1,2,1551282333422,16061905,314
2019-02-27 18:11:10.529,0.2,buy,3802.12,BTC-1MAR19-4000-C,60.91,0.002,0.2,0,1551291070529,16063642,316
2019-02-27 18:36:43.603,2.0,sell,3797.5,BTC-1MAR19-4000-C,57.82,0.0015,2.0,2,1551292603603,16064167,317
2019-02-27 20:04:43.244,1.0,buy,3799.31,BTC-1MAR19-4000-C,58.59,0.0015,1.0,3,1551297883244,16064714,318
2019-02-27 20:32:40.264,2.0,sell,3776.56,BTC-1MAR19-4000-C,58.33,0.001,2.0,2,1551299560264,16065392,319
2019-02-27 20:47:43.913,1.0,buy,3729.71,BTC-1MAR19-4000-C,74.56,0.0015,1.0,0,1551300463913,16075722,321
2019-02-27 20:47:43.913,1.0,buy,3729.71,BTC-1MAR19-4000-C,68.25,0.001,1.0,3,1551300463913,16075721,320
2019-02-27 21:00:54.876,1.0,sell,3718.31,BTC-1MAR19-4000-C,62.15,0.0005,1.0,2,1551301254876,16077289,322
2019-02-27 21:00:54.876,2.0,sell,3718.31,BTC-1MAR19-4000-C,62.15,0.0005,2.0,3,1551301254876,16077290,323
2019-02-27 21:00:54.876,13.7,sell,3718.31,BTC-1MAR19-4000-C,62.15,0.0005,13.7,3,1551301254876,16077291,324
2019-02-27 22:55:56.130,10.0,sell,3761.84,BTC-1MAR19-4000-C,55.47,0.0005,10.0,3,1551308156130,16083354,325
2019-02-27 23:03:58.235,6.0,buy,3784.46,BTC-1MAR19-4000-C,64.62,0.0015,6.0,0,1551308638235,16084964,326
2019-02-28 00:25:29.782,0.4,sell,3794.56,BTC-1MAR19-4000-C,50.17,0.0005,0.4,2,1551313529782,16089853,327
2019-02-28 00:38:03.172,0.1,sell,3799.4,BTC-1MAR19-4000-C,49.36,0.0005,0.1,3,1551314283172,16090153,328
2019-02-28 01:52:01.927,1.0,buy,3816.34,BTC-1MAR19-4000-C,54.19,0.001,1.0,0,1551318721927,16092106,329
2019-02-28 01:52:06.145,1.0,buy,3816.34,BTC-1MAR19-4000-C,54.19,0.001,1.0,1,1551318726145,16092107,330
2019-02-28 01:52:10.517,1.0,buy,3816.17,BTC-1MAR19-4000-C,54.22,0.001,1.0,1,1551318730517,16092109,331
2019-02-28 01:52:13.880,1.0,buy,3815.99,BTC-1MAR19-4000-C,54.27,0.001,1.0,1,1551318733880,16092112,332
2019-02-28 01:52:18.112,1.0,buy,3816.0,BTC-1MAR19-4000-C,54.26,0.001,1.0,1,1551318738112,16092117,333
2019-02-28 01:53:35.254,5.0,buy,3814.22,BTC-1MAR19-4000-C,54.7,0.001,5.0,1,1551318815254,16092137,334
2019-02-28 02:03:52.374,5.0,buy,3814.93,BTC-1MAR19-4000-C,54.69,0.001,5.0,1,1551319432374,16092297,335
2019-02-28 02:32:37.052,5.0,buy,3806.51,BTC-1MAR19-4000-C,57.1,0.001,5.0,1,1551321157052,16092748,336
2019-02-28 02:59:41.659,10.0,buy,3803.79,BTC-1MAR19-4000-C,58.18,0.001,10.0,1,1551322781659,16093000,337
2019-02-28 03:39:07.195,29.5,sell,3802.1,BTC-1MAR19-4000-C,51.34,0.0005,29.5,2,1551325147195,16093447,338
2019-02-28 04:07:33.430,30.0,sell,3801.23,BTC-1MAR19-4000-C,51.97,0.0005,30.0,3,1551326853430,16093551,339
2019-02-28 04:55:42.752,8.0,sell,3806.22,BTC-1MAR19-4000-C,51.64,0.0005,8.0,3,1551329742752,16093959,341
2019-02-28 04:55:42.752,30.0,sell,3806.22,BTC-1MAR19-4000-C,51.64,0.0005,30.0,3,1551329742752,16093958,340
2019-02-28 06:07:58.427,30.0,sell,3806.07,BTC-1MAR19-4000-C,52.86,0.0005,30.0,3,1551334078427,16094615,342
2019-02-28 07:29:27.286,0.1,sell,3804.3,BTC-1MAR19-4000-C,54.7,0.0005,0.1,3,1551338967286,16095439,343
2019-02-28 07:29:27.286,1.0,sell,3804.3,BTC-1MAR19-4000-C,54.7,0.0005,1.0,3,1551338967286,16095440,344
2019-02-28 07:38:29.042,0.2,sell,3804.66,BTC-1MAR19-4000-C,54.79,0.0005,0.2,3,1551339509042,16095492,345
2019-02-28 07:38:29.042,0.1,sell,3804.66,BTC-1MAR19-4000-C,54.79,0.0005,0.1,3,1551339509042,16095493,346
2019-02-28 07:41:59.173,0.1,sell,3805.22,BTC-1MAR19-4000-C,54.73,0.0005,0.1,3,1551339719173,16095527,347
2019-02-28 10:16:42.393,2.0,sell,3818.88,BTC-1MAR19-4000-C,54.53,0.0005,2.0,3,1551349002393,16100357,348
2019-02-28 11:24:49.098,1.0,buy,3817.47,BTC-1MAR19-4000-C,65.25,0.001,1.0,0,1551353089098,16101563,349
2019-02-28 11:33:50.145,3.0,buy,3823.33,BTC-1MAR19-4000-C,63.84,0.001,3.0,1,1551353630145,16101749,350
2019-02-28 11:37:38.042,1.3,buy,3823.1,BTC-1MAR19-4000-C,64.01,0.001,1.3,1,1551353858042,16101813,351
2019-02-28 11:45:05.075,1.1,buy,3824.59,BTC-1MAR19-4000-C,63.77,0.001,1.1,1,1551354305075,16101908,352
2019-02-28 11:45:13.206,2.0,buy,3824.71,BTC-1MAR19-4000-C,63.73,0.001,2.0,1,1551354313206,16101909,353
2019-02-28 12:17:15.631,1.6,buy,3823.52,BTC-1MAR19-4000-C,64.93,0.001,1.6,1,1551356235631,16102442,354
2019-02-28 12:17:15.631,0.4,buy,3823.52,BTC-1MAR19-4000-C,64.93,0.001,0.4,1,1551356235631,16102443,355
2019-02-28 15:25:30.078,1.0,buy,3829.07,BTC-1MAR19-4000-C,69.06,0.001,1.0,1,1551367530078,16106115,356
2019-02-28 15:45:32.980,0.4,buy,3845.48,BTC-1MAR19-4000-C,64.56,0.001,0.4,1,1551368732980,16118552,357
2019-02-28 15:48:05.778,0.7000000000000001,buy,3848.58,BTC-1MAR19-4000-C,70.63,0.0015,0.7000000000000001,0,1551368885778,16119238,358
2019-02-28 15:52:46.986,8.0,sell,3838.46,BTC-1MAR19-4000-C,57.65,0.0005,8.0,2,1551369166986,16119788,359
2019-02-28 16:07:35.943,10.0,buy,3855.39,BTC-1MAR19-4000-C,62.07,0.001,10.0,0,1551370055943,16121242,360
2019-02-28 17:18:24.057,50.0,sell,3803.74,BTC-1MAR19-4000-C,70.81,0.0005,50.0,2,1551374304057,16130075,361
2019-02-28 17:25:56.918,50.0,sell,3806.69,BTC-1MAR19-4000-C,70.25,0.0005,50.0,3,1551374756918,16130427,362
2019-02-28 17:27:07.279,0.1,buy,3805.98,BTC-1MAR19-4000-C,81.41,0.001,0.1,0,1551374827279,16130454,363
