date_utc,amount,direction,indexPrice,instrument,iv,price,quantity,tickDirection,timeStamp,tradeId,tradeSeq
2019-02-21 09:34:47,0.1,sell,3914.33,BTC-1MAR19-4000-C,51.66,0.021,0.1,1,1550741687799,15736367,1
2019-02-21 10:06:13,1.0,buy,3898.32,BTC-1MAR19-4000-C,58.85,0.0235,1.0,0,1550743573092,15737878,2
2019-02-21 10:31:04,1.0,buy,3896.02,BTC-1MAR19-4000-C,59.31,0.0235,1.0,1,1550745064271,15738652,3
2019-02-21 11:17:11,0.1,buy,3879.44,BTC-1MAR19-4000-C,56.84,0.0205,0.1,2,1550747831370,15740075,4
2019-02-21 11:18:08,5.8,buy,3881.34,BTC-1MAR19-4000-C,56.53,0.0205,5.8,3,1550747888377,15740174,5
2019-02-21 11:21:14,4.9,buy,3879.22,BTC-1MAR19-4000-C,56.89,0.0205,4.9,3,1550748074525,15740370,6
2019-02-21 15:07:55,0.1,buy,3896.08,BTC-1MAR19-4000-C,55.56,0.021,0.1,0,1550761675142,15745581,7
2019-02-21 15:07:55,3.9,buy,3896.08,BTC-1MAR19-4000-C,57.35,0.022,3.9,0,1550761675142,15745582,8
2019-02-21 16:13:50,1.0,sell,3888.38,BTC-1MAR19-4000-C,52.47,0.0185,1.0,2,1550765630283,15746557,9
2019-02-21 16:35:55,0.2,sell,3883.54,BTC-1MAR19-4000-C,52.4,0.018000000000000002,0.2,2,1550766955678,15746933,10
2019-02-21 16:35:55,4.8,sell,3883.54,BTC-1MAR19-4000-C,51.48,0.0175,4.8,2,1550766955678,15746934,11
2019-02-21 16:38:41,1.0,sell,3886.57,BTC-1MAR19-4000-C,51.91,0.018000000000000002,1.0,0,1550767121312,15746985,12
2019-02-21 16:38:41,1.2,sell,3886.57,BTC-1MAR19-4000-C,51.91,0.018000000000000002,1.2,1,1550767121317,15746986,13
2019-02-21 16:38:41,1.1,sell,3886.57,BTC-1MAR19-4000-C,51.91,0.018000000000000002,1.1,1,1550767121319,15746987,14
2019-02-21 16:40:39,1.0,sell,3885.37,BTC-1MAR19-4000-C,51.19,0.0175,1.0,2,1550767239075,15747002,15
2019-02-21 16:43:59,0.5,buy,3889.59,BTC-1MAR19-4000-C,51.43,0.018000000000000002,0.5,1,1550767439665,15747067,19
2019-02-21 16:43:59,1.2,buy,3889.59,BTC-1MAR19-4000-C,51.43,0.018000000000000002,1.2,1,1550767439665,15747066,18
2019-02-21 16:43:59,2.6,buy,3889.59,BTC-1MAR19-4000-C,51.43,0.018000000000000002,2.6,1,1550767439665,15747065,17
2019-02-21 16:43:59,0.9,buy,3889.59,BTC-1MAR19-4000-C,51.43,0.018000000000000002,0.9,0,1550767439665,15747064,16
2019-02-21 17:05:36,0.5,buy,3891.48,BTC-1MAR19-4000-C,51.17,0.018000000000000002,0.5,1,1550768736305,15747299,20
2019-02-21 17:05:36,0.5,buy,3891.48,BTC-1MAR19-4000-C,51.17,0.018000000000000002,0.5,1,1550768736305,15747300,21
2019-02-21 17:20:32,1.0,buy,3890.47,BTC-1MAR19-4000-C,51.37,0.018000000000000002,1.0,1,1550769632520,15747406,22
2019-02-21 17:32:48,0.6,buy,3890.03,BTC-1MAR19-4000-C,51.47,0.018000000000000002,0.6,1,1550770368147,15747483,23
2019-02-21 17:33:03,0.2,buy,3890.08,BTC-1MAR19-4000-C,51.46,0.018000000000000002,0.2,1,1550770383536,15747484,24
2019-02-21 17:37:59,2.0,sell,3888.74,BTC-1MAR19-4000-C,50.77,0.0175,2.0,2,1550770679693,15747520,25
2019-02-21 17:38:15,1.6,sell,3889.25,BTC-1MAR19-4000-C,50.69,0.0175,1.6,3,1550770695664,15747523,26
2019-02-21 17:50:56,0.1,buy,3893.32,BTC-1MAR19-4000-C,50.97,0.018000000000000002,0.1,0,1550771456784,15747751,27
2019-02-21 17:51:10,0.1,buy,3893.33,BTC-1MAR19-4000-C,50.96,0.018000000000000002,0.1,1,1550771470204,15747752,28
2019-02-21 17:56:22,0.4,buy,3893.75,BTC-1MAR19-4000-C,50.91,0.018000000000000002,0.4,1,1550771782186,15747768,29
2019-02-21 18:05:17,0.1,buy,3891.87,BTC-1MAR19-4000-C,51.24,0.018000000000000002,0.1,1,1550772317119,15747903,30
2019-02-21 18:53:55,2.0,sell,3880.35,BTC-1MAR19-4000-C,50.46,0.0165,2.0,2,1550775235192,15748646,31
2019-02-21 20:09:19,1.1,sell,3895.49,BTC-1MAR19-4000-C,50.0,0.0175,1.1,0,1550779759140,15749836,32
2019-02-21 20:20:15,0.1,buy,3895.34,BTC-1MAR19-4000-C,50.98,0.018000000000000002,0.1,0,1550780415865,15749983,33
2019-02-21 21:22:57,0.3,buy,3899.09,BTC-1MAR19-4000-C,50.49,0.018000000000000002,0.3,1,1550784177933,15750338,34
2019-02-21 22:53:14,0.1,buy,3887.72,BTC-1MAR19-4000-C,53.56,0.0185,0.1,0,1550789594754,15750887,35
2019-02-22 00:19:08,1.0,sell,3904.26,BTC-1MAR19-4000-C,49.1,0.0175,1.0,2,1550794748014,15752408,36
2019-02-22 00:20:25,0.5,sell,3900.54,BTC-1MAR19-4000-C,49.74,0.0175,0.5,3,1550794825409,15752456,37
2019-02-22 00:20:47,0.1,sell,3901.53,BTC-1MAR19-4000-C,49.57,0.0175,0.1,3,1550794847350,15752467,38
2019-02-22 00:21:19,0.4,sell,3901.54,BTC-1MAR19-4000-C,48.64,0.017,0.4,2,1550794879960,15752475,39
2019-02-22 01:12:53,1.0,buy,3901.7,BTC-1MAR19-4000-C,52.46,0.019,1.0,0,1550797973729,15752899,40
2019-02-22 02:30:00,1.0,sell,3919.63,BTC-1MAR19-4000-C,47.65,0.018000000000000002,1.0,2,1550802600513,15754284,41
2019-02-22 02:32:55,0.1,sell,3922.04,BTC-1MAR19-4000-C,48.15,0.0185,0.1,0,1550802775072,15754357,42
2019-02-22 04:32:42,0.4,buy,3913.33,BTC-1MAR19-4000-C,49.05,0.018000000000000002,0.4,2,1550809962454,15755534,43
2019-02-22 04:40:13,0.4,sell,3910.71,BTC-1MAR19-4000-C,48.6,0.0175,0.4,2,1550810413929,15755609,44
2019-02-22 04:42:38,0.1,sell,3911.24,BTC-1MAR19-4000-C,48.51,0.0175,0.1,3,1550810558558,15755641,45
2019-02-22 05:53:50,0.2,sell,3914.23,BTC-1MAR19-4000-C,50.02,0.0185,0.2,0,1550814830578,15756719,46
2019-02-22 06:09:31,1.8,sell,3913.87,BTC-1MAR19-4000-C,50.13,0.0185,1.8,1,1550815771049,15756911,47
2019-02-22 06:34:38,2.0,buy,3915.2,BTC-1MAR19-4000-C,50.89,0.019,2.0,0,1550817278720,15757096,48
2019-02-22 06:54:01,1.0,sell,3913.83,BTC-1MAR19-4000-C,49.31,0.018000000000000002,1.0,2,1550818441145,15757254,49
2019-02-22 08:20:40,0.5,buy,3908.33,BTC-1MAR19-4000-C,50.5,0.018000000000000002,0.5,3,1550823640393,15761070,50
2019-02-22 08:22:41,1.0,buy,3912.3,BTC-1MAR19-4000-C,50.74,0.0185,1.0,0,1550823761565,15761485,51
2019-02-22 08:24:21,2.0,buy,3920.27,BTC-1MAR19-4000-C,50.25,0.019,2.0,0,1550823861295,15761757,52
2019-02-22 08:31:00,0.5,buy,3926.13,BTC-1MAR19-4000-C,50.13,0.0195,0.5,0,1550824260188,15762604,53
2019-02-22 08:53:00,0.5,sell,3924.71,BTC-1MAR19-4000-C,51.37,0.02,0.5,0,1550825580072,15763953,54
2019-02-22 09:00:08,4.0,buy,3930.18,BTC-1MAR19-4000-C,52.24,0.021,4.0,0,1550826008534,15764635,55
2019-02-22 09:02:32,1.0,sell,3927.0,BTC-1MAR19-4000-C,52.84,0.021,1.0,1,1550826152156,15764771,56
2019-02-22 09:04:42,4.5,sell,3922.55,BTC-1MAR19-4000-C,52.74,0.0205,4.5,2,1550826282983,15764913,57
2019-02-22 09:23:41,0.1,sell,3922.38,BTC-1MAR19-4000-C,50.95,0.0195,0.1,2,1550827421122,15765279,58
2019-02-22 09:23:41,0.9,sell,3922.38,BTC-1MAR19-4000-C,50.95,0.0195,0.9,3,1550827421122,15765280,59
2019-02-22 09:29:41,0.5,buy,3920.61,BTC-1MAR19-4000-C,52.22,0.02,0.5,0,1550827781363,15765348,60
2019-02-22 09:31:10,0.5,sell,3923.25,BTC-1MAR19-4000-C,51.74,0.02,0.5,1,1550827870474,15765382,61
2019-02-22 09:40:39,0.2,buy,3931.07,BTC-1MAR19-4000-C,51.25,0.0205,0.2,0,1550828439049,15765679,62
2019-02-22 09:42:28,0.3,sell,3922.79,BTC-1MAR19-4000-C,52.79,0.0205,0.3,1,1550828548574,15765874,63
2019-02-22 09:43:40,3.5,sell,3920.87,BTC-1MAR19-4000-C,53.15,0.0205,3.5,1,1550828620179,15765926,64
2019-02-22 09:52:02,0.2,sell,3921.35,BTC-1MAR19-4000-C,53.08,0.0205,0.2,1,1550829122560,15766075,65
2019-02-22 09:59:51,0.1,sell,3925.15,BTC-1MAR19-4000-C,53.33,0.021,0.1,0,1550829591328,15766240,66
2019-02-22 10:20:39,6.2,sell,3924.99,BTC-1MAR19-4000-C,53.42,0.021,6.2,1,1550830839248,15766779,67
2019-02-22 11:03:16,1.0,sell,3921.05,BTC-1MAR19-4000-C,54.27,0.021,1.0,1,1550833396361,15767451,68
2019-02-22 11:22:21,0.2,buy,3928.6,BTC-1MAR19-4000-C,54.78,0.022000000000000002,0.2,0,1550834541770,15767811,69
2019-02-22 11:22:21,0.1,buy,3928.6,BTC-1MAR19-4000-C,54.78,0.022000000000000002,0.1,1,1550834541770,15767812,70
2019-02-22 11:26:46,0.1,sell,3921.69,BTC-1MAR19-4000-C,54.21,0.021,0.1,2,1550834806458,15768014,71
2019-02-22 11:30:46,2.0,sell,3922.47,BTC-1MAR19-4000-C,54.08,0.021,2.0,3,1550835046602,15768101,72
2019-02-22 11:45:54,0.5,sell,3925.24,BTC-1MAR19-4000-C,50.78,0.0195,0.5,2,1550835954247,15768354,73
2019-02-22 11:52:42,1.0,sell,3923.0,BTC-1MAR19-4000-C,50.27,0.019,1.0,2,1550836362625,15768578,74
2019-02-22 12:14:59,0.5,sell,3924.39,BTC-1MAR19-4000-C,50.07,0.019,0.5,3,1550837699056,15768989,75
2019-02-22 12:16:04,0.2,sell,3923.75,BTC-1MAR19-4000-C,50.19,0.019,0.2,3,1550837764359,15769007,76
2019-02-22 12:23:17,0.5,buy,3933.23,BTC-1MAR19-4000-C,50.32,0.02,0.5,0,1550838197598,15769252,77
2019-02-22 12:23:32,0.1,buy,3940.09,BTC-1MAR19-4000-C,52.75,0.022000000000000002,0.1,1,1550838212850,15769459,80
2019-02-22 12:23:32,0.5,buy,3940.09,BTC-1MAR19-4000-C,52.75,0.022000000000000002,0.5,0,1550838212850,15769457,78
2019-02-22 12:23:32,0.6,buy,3940.09,BTC-1MAR19-4000-C,52.75,0.022000000000000002,0.6,1,1550838212850,15769458,79
2019-02-22 12:24:29,0.5,sell,3931.84,BTC-1MAR19-4000-C,51.52,0.0205,0.5,2,1550838269474,15769832,81
2019-02-22 12:40:32,0.1,buy,3944.05,BTC-1MAR19-4000-C,53.88,0.023,0.1,0,1550839232800,15770974,83
2019-02-22 12:40:32,3.2,buy,3944.05,BTC-1MAR19-4000-C,53.88,0.023,3.2,1,1550839232800,15770975,84
2019-02-22 12:40:32,0.5,buy,3944.05,BTC-1MAR19-4000-C,52.95,0.0225,0.5,0,1550839232800,15770973,82
2019-02-22 12:40:50,1.2,buy,3943.39,BTC-1MAR19-4000-C,54.01,0.023,1.2,1,1550839250896,15771012,85
2019-02-22 12:43:43,0.1,sell,3938.27,BTC-1MAR19-4000-C,55.02,0.023,0.1,1,1550839423304,15771394,86
2019-02-22 12:43:43,0.6,sell,3938.27,BTC-1MAR19-4000-C,55.02,0.023,0.6,1,1550839423304,15771395,87
2019-02-22 12:43:43,1.0,sell,3938.27,BTC-1MAR19-4000-C,55.02,0.023,1.0,1,1550839423304,15771396,88
2019-02-22 12:43:43,0.5,sell,3938.27,BTC-1MAR19-4000-C,55.02,0.023,0.5,1,1550839423304,15771397,89
2019-02-22 12:43:43,1.5,sell,3938.27,BTC-1MAR19-4000-C,55.02,0.023,1.5,1,1550839423304,15771398,90
2019-02-22 12:43:43,0.3,sell,3938.27,BTC-1MAR19-4000-C,55.02,0.023,0.3,1,1550839423304,15771399,91
2019-02-22 12:43:43,0.5,sell,3938.27,BTC-1MAR19-4000-C,55.02,0.023,0.5,1,1550839423304,15771400,92
2019-02-22 12:43:43,0.6,sell,3938.27,BTC-1MAR19-4000-C,55.02,0.023,0.6,1,1550839423304,15771401,93
2019-02-22 13:33:18,0.1,sell,3943.67,BTC-1MAR19-4000-C,51.3,0.0215,0.1,2,1550842398550,15773803,94
2019-02-22 13:34:09,2.9,buy,3946.92,BTC-1MAR19-4000-C,50.67,0.0215,2.9,3,1550842449018,15773878,95
2019-02-22 13:58:05,1.0,buy,3950.03,BTC-1MAR19-4000-C,53.85,0.0235,1.0,0,1550843885397,15775624,96
2019-02-22 14:13:29,0.3,buy,3939.06,BTC-1MAR19-4000-C,54.18,0.0225,0.3,2,1550844809797,15776739,97
2019-02-22 14:13:56,2.7,buy,3941.27,BTC-1MAR19-4000-C,54.69,0.023,2.7,0,1550844836748,15776800,98
2019-02-22 14:30:46,1.0,buy,3939.19,BTC-1MAR19-4000-C,51.39,0.021,1.0,2,1550845846070,15777897,99
2019-02-22 14:59:20,2.0,buy,3943.22,BTC-1MAR19-4000-C,55.37,0.0235,2.0,0,1550847560361,15778783,100
2019-02-22 15:02:01,5.0,sell,3945.6,BTC-1MAR19-4000-C,53.97,0.023,5.0,2,1550847721086,15778829,101
2019-02-22 15:12:59,0.1,sell,3939.98,BTC-1MAR19-4000-C,51.35,0.021,0.1,2,1550848379475,15779171,102
2019-02-22 15:14:02,0.5,buy,3939.86,BTC-1MAR19-4000-C,55.13,0.023,0.5,0,1550848442261,15779218,103
2019-02-22 16:55:57,0.2,sell,3929.87,BTC-1MAR19-4000-C,51.68,0.02,0.2,2,1550854557507,15784159,104
2019-02-22 17:44:42,1.0,buy,3933.79,BTC-1MAR19-4000-C,52.96,0.021,1.0,0,1550857482535,15785014,105
2019-02-22 18:06:18,0.1,buy,3943.48,BTC-1MAR19-4000-C,52.08,0.0215,0.1,0,1550858778824,15785512,106
2019-02-22 18:06:18,1.9,buy,3943.48,BTC-1MAR19-4000-C,52.08,0.0215,1.9,1,1550858778824,15785513,107
2019-02-22 18:11:34,0.5,buy,3940.42,BTC-1MAR19-4000-C,52.7,0.0215,0.5,1,1550859094423,15785586,108
2019-02-22 19:21:43,0.2,buy,3946.44,BTC-1MAR19-4000-C,49.8,0.0205,0.2,2,1550863303159,15786257,109
2019-02-22 20:15:12,0.1,sell,3935.29,BTC-1MAR19-4000-C,51.18,0.02,0.1,2,1550866512579,15786918,110
2019-02-22 20:16:57,6.5,sell,3934.65,BTC-1MAR19-4000-C,51.31,0.02,6.5,3,1550866617603,15786973,111
2019-02-22 20:32:07,3.4,sell,3935.97,BTC-1MAR19-4000-C,51.09,0.02,3.4,3,1550867527952,15787292,112
2019-02-22 21:00:20,2.0,sell,3932.11,BTC-1MAR19-4000-C,50.95,0.0195,2.0,2,1550869220087,15787425,113
2019-02-22 22:21:45,1.0,sell,3946.24,BTC-1MAR19-4000-C,49.36,0.02,1.0,0,1550874105887,15788354,114
2019-02-22 23:35:33,1.5,buy,3948.79,BTC-1MAR19-4000-C,51.93,0.0215,1.5,0,1550878533298,15789229,115
2019-02-22 23:41:45,1.0,buy,3949.9,BTC-1MAR19-4000-C,51.72,0.0215,1.0,1,1550878905630,15789396,116
2019-02-22 23:45:44,1.0,sell,3949.07,BTC-1MAR19-4000-C,50.94,0.021,1.0,2,1550879144956,15789480,117
2019-02-23 00:02:09,4.0,sell,3935.16,BTC-1MAR19-4000-C,53.78,0.021,4.0,3,1550880129585,15790128,118
2019-02-23 00:31:22,5.0,sell,3934.55,BTC-1MAR19-4000-C,53.01,0.0205,5.0,2,1550881882724,15791106,119
2019-02-23 00:33:09,5.0,sell,3935.74,BTC-1MAR19-4000-C,51.81,0.02,5.0,2,1550881989783,15791185,120
2019-02-23 01:29:23,0.7000000000000001,sell,3938.35,BTC-1MAR19-4000-C,50.48,0.0195,0.7000000000000001,2,1550885363505,15791603,121
2019-02-23 01:32:05,0.1,buy,3940.24,BTC-1MAR19-4000-C,53.03,0.021,0.1,0,1550885525228,15791687,122
2019-02-23 04:34:03,2.0,sell,3930.52,BTC-1MAR19-4000-C,54.54,0.0205,2.0,2,1550896443881,15793726,123
2019-02-23 04:35:40,2.0,sell,3928.68,BTC-1MAR19-4000-C,54.91,0.0205,2.0,3,1550896540970,15793798,124
2019-02-23 04:35:43,2.0,sell,3927.3,BTC-1MAR19-4000-C,55.18,0.0205,2.0,3,1550896543227,15793819,125
2019-02-23 04:35:44,2.0,sell,3926.39,BTC-1MAR19-4000-C,55.36,0.0205,2.0,3,1550896544743,15793832,126
2019-02-23 04:47:06,2.0,sell,3921.61,BTC-1MAR19-4000-C,56.34,0.0205,2.0,3,1550897226033,15794252,127
2019-02-23 05:10:51,1.0,buy,3923.5,BTC-1MAR19-4000-C,56.04,0.0205,1.0,3,1550898651856,15794949,128
2019-02-23 05:17:27,6.9,sell,3915.32,BTC-1MAR19-4000-C,56.66,0.02,6.9,2,1550899047078,15795654,129
2019-02-23 05:17:28,3.1,sell,3915.18,BTC-1MAR19-4000-C,56.69,0.02,3.1,3,1550899048641,15795661,130
2019-02-23 05:17:34,5.0,sell,3914.79,BTC-1MAR19-4000-C,54.76,0.019,5.0,2,1550899054040,15795680,131
2019-02-23 08:53:15,1.0,buy,3920.45,BTC-1MAR19-4000-C,57.37,0.0205,1.0,0,1550911995667,15798448,132
