date_utc,amount,direction,indexPrice,instrument,iv,price,quantity,tickDirection,timeStamp,tradeId,tradeSeq
2019-04-12 06:16:29.793,89.0,sell,164.28,ETH-27SEP19-220-P,73.92,0.398,89.0,1,1555049789793,864811,1
2019-04-12 06:16:38.157,89.0,sell,164.3,ETH-27SEP19-220-P,73.18,0.396,89.0,2,1555049798157,864812,2
2019-04-12 06:16:49.352,89.0,sell,164.31,ETH-27SEP19-220-P,70.94,0.39,89.0,2,1555049809352,864826,3
2019-04-12 06:41:00.360,89.0,sell,164.54,ETH-27SEP19-220-P,69.56,0.385,89.0,2,1555051260360,865335,4
2019-04-18 17:18:01.518,37.0,sell,173.78,ETH-27SEP19-220-P,69.17,0.332,37.0,2,1555607881518,1068877,5
2019-04-23 09:34:24.988,55.0,sell,174.74,ETH-27SEP19-220-P,66.39,0.322,55.0,2,1556012064988,1181511,6
2019-04-23 15:49:07.383,60.0,sell,173.64,ETH-27SEP19-220-P,66.13,0.325,60.0,0,1556034547383,1186728,7
2019-04-25 20:13:52.189,60.0,sell,164.27,ETH-27SEP19-220-P,61.34,0.37799999999999995,60.0,1,1556223232189,1237289,9
2019-04-25 20:13:52.189,59.0,sell,164.27,ETH-27SEP19-220-P,61.34,0.37799999999999995,59.0,0,1556223232189,1237288,8
2019-04-25 20:14:09.593,59.0,sell,164.27,ETH-27SEP19-220-P,61.01,0.377,59.0,2,1556223249593,1237297,10
2019-04-25 20:14:12.272,20.0,sell,164.27,ETH-27SEP19-220-P,0.0,0.006,20.0,2,1556223252272,1237308,13
2019-04-25 20:14:12.272,35.0,sell,164.27,ETH-27SEP19-220-P,57.98,0.37,35.0,2,1556223252272,1237306,11
2019-04-25 20:14:12.272,4.0,sell,164.27,ETH-27SEP19-220-P,0.0,0.006999999999999999,4.0,2,1556223252272,1237307,12
2019-04-25 20:16:19.761,4.0,buy,164.27,ETH-27SEP19-220-P,62.25,0.38,4.0,0,1556223379761,1237436,14
2019-05-11 10:58:42.566,1.0,sell,192.14,ETH-27SEP19-220-P,77.69,0.275,1.0,2,1557572322566,1769425,15
2019-05-13 14:01:56.639,120.0,sell,193.68,ETH-27SEP19-220-P,81.59,0.28,120.0,0,1557756116639,2026089,16
2019-05-13 16:06:46.206,30.0,sell,208.01,ETH-27SEP19-220-P,89.05,0.242,30.0,2,1557763606206,2041591,17
2019-05-13 22:03:46.150,1.0,sell,205.25,ETH-27SEP19-220-P,90.01,0.249,1.0,0,1557785026150,2064674,18
2019-05-13 22:25:26.169,120.0,buy,203.51,ETH-27SEP19-220-P,90.21,0.255,120.0,0,1557786326169,2066247,19
2019-05-14 08:13:48.209,2.0,buy,212.6,ETH-27SEP19-220-P,91.17,0.22,2.0,2,1557821628209,2110374,20
2019-05-14 08:21:06.708,2.0,sell,211.73,ETH-27SEP19-220-P,92.51,0.22699999999999998,2.0,0,1557822066708,2111261,21
2019-05-14 08:30:22.003,20.0,buy,210.72,ETH-27SEP19-220-P,92.79,0.23,20.0,0,1557822622003,2111688,22
2019-05-14 19:00:21.290,120.0,sell,205.17,ETH-27SEP19-220-P,92.66,0.248,120.0,0,1557860421290,2156384,23
2019-05-14 19:00:21.290,30.0,sell,205.17,ETH-27SEP19-220-P,91.82,0.24600000000000002,30.0,2,1557860421290,2156385,24
2019-05-15 06:13:25.252,50.0,sell,233.4,ETH-27SEP19-220-P,97.04,0.17800000000000002,50.0,2,1557900805252,2206034,25
2019-05-15 09:08:40.192,50.0,sell,229.76,ETH-27SEP19-220-P,97.14,0.187,50.0,0,1557911320192,2221685,26
2019-05-15 09:09:22.835,50.0,sell,229.72,ETH-27SEP19-220-P,95.85,0.184,50.0,2,1557911362835,2221707,27
2019-05-15 09:09:50.717,60.0,sell,229.71,ETH-27SEP19-220-P,95.4,0.183,60.0,2,1557911390717,2221708,28
2019-05-15 09:14:50.703,60.0,sell,230.4,ETH-27SEP19-220-P,94.33,0.179,60.0,2,1557911690703,2222074,29
2019-05-15 09:15:01.262,50.0,sell,230.92,ETH-27SEP19-220-P,93.93,0.177,50.0,2,1557911701262,2222119,30
2019-05-15 09:15:01.262,10.0,sell,230.92,ETH-27SEP19-220-P,93.47,0.17600000000000002,10.0,2,1557911701262,2222120,31
2019-05-15 09:30:18.970,40.0,sell,232.15,ETH-27SEP19-220-P,94.75,0.17600000000000002,40.0,3,1557912618970,2222845,32
2019-05-15 09:30:18.970,60.0,sell,232.15,ETH-27SEP19-220-P,94.75,0.17600000000000002,60.0,3,1557912618970,2222846,33
2019-05-15 09:30:35.035,60.0,sell,232.24,ETH-27SEP19-220-P,94.94,0.17600000000000002,60.0,3,1557912635035,2222871,34
2019-05-15 09:30:46.438,50.0,sell,232.39,ETH-27SEP19-220-P,94.62,0.175,50.0,2,1557912646438,2222897,35
2019-05-15 09:30:59.300,50.0,sell,232.42,ETH-27SEP19-220-P,93.35,0.172,50.0,2,1557912659300,2222914,36
2019-05-15 13:04:37.287,10.0,buy,233.94,ETH-27SEP19-220-P,103.11,0.192,10.0,0,1557925477287,2237063,37
2019-05-15 18:06:24.222,5.0,buy,243.28,ETH-27SEP19-220-P,96.2,0.16,5.0,2,1557943584222,2266571,38
2019-05-17 11:41:30.155,2.0,buy,225.6,ETH-27SEP19-220-P,94.71,0.18899999999999997,2.0,0,1558093290155,2724419,39
2019-05-17 13:13:22.414,2.0,buy,233.54,ETH-27SEP19-220-P,99.46,0.17800000000000002,2.0,2,1558098802414,2749034,40
2019-05-17 18:28:01.426,2.0,buy,228.26,ETH-27SEP19-220-P,94.55,0.18,2.0,0,1558117681426,2806083,41
2019-05-17 18:50:25.517,2.0,buy,231.51,ETH-27SEP19-220-P,96.37,0.18,2.0,1,1558119025517,2808164,42
2019-05-18 09:28:52.538,2.0,buy,232.07,ETH-27SEP19-220-P,96.31,0.185,2.0,0,1558171732538,2906343,43
2019-05-18 14:05:10.706,1.0,sell,237.38,ETH-27SEP19-220-P,95.39,0.17300000000000001,1.0,2,1558188310706,2926902,44
2019-05-19 17:32:12.631,103.0,buy,257.44,ETH-27SEP19-220-P,99.17,0.13699999999999998,103.0,2,1558287132631,3043678,45
2019-05-19 17:32:12.631,60.0,buy,257.44,ETH-27SEP19-220-P,100.69,0.14,60.0,0,1558287132631,3043679,46
2019-05-19 17:32:12.631,80.0,buy,257.44,ETH-27SEP19-220-P,102.71,0.14400000000000002,80.0,0,1558287132631,3043680,47
2019-05-19 17:32:13.357,7.0,sell,257.36,ETH-27SEP19-220-P,119.89,0.17800000000000002,7.0,0,1558287133357,3043681,48
2019-05-19 18:15:37.459,102.0,buy,256.59,ETH-27SEP19-220-P,99.64,0.141,102.0,2,1558289737459,3046354,49
2019-05-19 18:15:37.459,60.0,buy,256.59,ETH-27SEP19-220-P,100.64,0.14300000000000002,60.0,0,1558289737459,3046355,50
2019-05-19 18:15:37.459,80.0,buy,256.59,ETH-27SEP19-220-P,101.15,0.14400000000000002,80.0,0,1558289737459,3046356,51
2019-05-19 18:15:38.715,8.0,sell,256.59,ETH-27SEP19-220-P,120.8,0.183,8.0,0,1558289738715,3046357,52
2019-05-20 09:32:32.285,1.0,buy,248.94,ETH-27SEP19-220-P,100.39,0.153,1.0,2,1558344752285,3124042,53
2019-05-22 08:56:02.363,27.0,buy,256.76,ETH-27SEP19-220-P,97.97,0.131,27.0,2,1558515362363,3284983,54
2019-05-24 23:27:54.845,2.0,buy,247.65,ETH-27SEP19-220-P,92.5,0.142,2.0,0,1558740474845,3497960,55
2019-05-26 12:30:28.882,5.0,sell,247.76,ETH-27SEP19-220-P,90.6,0.136,5.0,2,1558873828882,3567969,56
2019-05-26 12:30:28.882,118.0,sell,247.76,ETH-27SEP19-220-P,88.12,0.131,118.0,2,1558873828882,3567970,57
2019-05-26 12:30:28.882,37.0,sell,247.76,ETH-27SEP19-220-P,87.63,0.13,37.0,2,1558873828882,3567971,58
2019-05-28 13:38:51.157,1.0,buy,267.43,ETH-27SEP19-220-P,99.91,0.109,1.0,2,1559050731157,3758360,59
2019-05-30 18:29:10.427,40.0,sell,270.16,ETH-27SEP19-220-P,91.95,0.097,40.0,2,1559240950427,3960955,60
2019-05-30 18:29:10.427,60.0,sell,270.16,ETH-27SEP19-220-P,87.97,0.09,60.0,2,1559240950427,3960956,61
2019-05-30 18:30:31.140,2.0,buy,270.26,ETH-27SEP19-220-P,95.56,0.103,2.0,0,1559241031140,3960995,62
2019-05-30 18:31:45.889,2.0,buy,270.33,ETH-27SEP19-220-P,95.66,0.103,2.0,1,1559241105889,3961001,63
2019-05-30 18:31:48.060,2.0,buy,270.33,ETH-27SEP19-220-P,95.66,0.103,2.0,1,1559241108060,3961002,64
2019-05-30 18:31:49.176,2.0,buy,270.33,ETH-27SEP19-220-P,95.66,0.103,2.0,1,1559241109176,3961003,65
2019-05-30 18:31:51.553,2.0,buy,270.33,ETH-27SEP19-220-P,95.66,0.103,2.0,1,1559241111553,3961004,66
2019-05-30 18:33:11.317,11.0,buy,270.18,ETH-27SEP19-220-P,95.5,0.103,11.0,1,1559241191317,3961034,67
2019-05-30 18:33:32.248,21.0,sell,270.05,ETH-27SEP19-220-P,91.49,0.096,21.0,2,1559241212248,3961056,68
2019-05-30 18:40:01.704,59.0,buy,270.42,ETH-27SEP19-220-P,95.68,0.103,59.0,0,1559241601704,3961188,69
2019-05-30 18:40:01.704,40.0,buy,270.42,ETH-27SEP19-220-P,97.37,0.106,40.0,0,1559241601704,3961189,70
2019-05-30 18:40:01.704,1.0,buy,270.42,ETH-27SEP19-220-P,97.94,0.107,1.0,0,1559241601704,3961190,71
2019-05-30 18:43:32.160,80.0,buy,270.65,ETH-27SEP19-220-P,96.3,0.104,80.0,2,1559241812160,3961291,72
2019-05-30 18:43:32.160,13.0,buy,270.65,ETH-27SEP19-220-P,98.0,0.107,13.0,0,1559241812160,3961292,73
2019-05-30 21:25:34.553,1.0,sell,246.46,ETH-27SEP19-220-P,95.92,0.14300000000000002,1.0,0,1559251534553,3986727,74
2019-05-30 21:25:36.985,1.0,buy,246.63,ETH-27SEP19-220-P,96.83,0.14400000000000002,1.0,0,1559251536985,3986784,75
2019-05-30 21:25:39.478,1.0,sell,245.89,ETH-27SEP19-220-P,96.09,0.14400000000000002,1.0,1,1559251539478,3986849,76
2019-05-30 21:25:42.644,1.0,sell,245.56,ETH-27SEP19-220-P,96.31,0.145,1.0,0,1559251542644,3986977,77
2019-05-30 21:25:46.099,1.0,sell,245.41,ETH-27SEP19-220-P,96.95,0.147,1.0,0,1559251546099,3987129,78
2019-05-30 21:25:49.784,1.0,buy,245.15,ETH-27SEP19-220-P,97.48,0.149,1.0,0,1559251549784,3987302,79
2019-05-30 21:25:53.127,1.0,sell,245.18,ETH-27SEP19-220-P,97.26,0.149,1.0,1,1559251553127,3987478,80
2019-05-30 21:25:56.922,1.0,buy,245.12,ETH-27SEP19-220-P,97.59,0.15,1.0,0,1559251556922,3987774,81
2019-05-30 21:26:00.873,1.0,buy,244.13,ETH-27SEP19-220-P,97.32,0.151,1.0,0,1559251560873,3988067,82
2019-05-30 21:26:05.072,1.0,sell,244.55,ETH-27SEP19-220-P,98.35,0.154,1.0,0,1559251565072,3988416,83
2019-05-30 21:26:09.640,1.0,sell,244.46,ETH-27SEP19-220-P,99.18,0.156,1.0,0,1559251569640,3988750,84
2019-05-30 21:26:13.597,1.0,sell,244.09,ETH-27SEP19-220-P,98.64,0.156,1.0,1,1559251573597,3989002,85
2019-05-30 21:26:18.140,1.0,sell,243.51,ETH-27SEP19-220-P,98.48,0.157,1.0,0,1559251578140,3989304,86
2019-05-30 21:26:22.690,1.0,sell,243.3,ETH-27SEP19-220-P,99.54,0.159,1.0,0,1559251582690,3989589,87
2019-05-30 21:26:27.219,1.0,sell,242.62,ETH-27SEP19-220-P,98.79,0.16,1.0,0,1559251587219,3989862,88
2019-05-30 21:26:30.187,1.0,sell,242.88,ETH-27SEP19-220-P,97.66,0.158,1.0,2,1559251590187,3989984,89
2019-05-30 21:26:33.868,1.0,sell,241.86,ETH-27SEP19-220-P,97.61,0.159,1.0,0,1559251593868,3990086,90
2019-05-30 21:26:37.189,1.0,sell,241.89,ETH-27SEP19-220-P,97.26,0.159,1.0,1,1559251597189,3990235,91
2019-05-30 21:26:40.666,1.0,sell,241.61,ETH-27SEP19-220-P,97.02,0.16,1.0,0,1559251600666,3990360,92
2019-05-30 21:26:44.926,1.0,sell,241.3,ETH-27SEP19-220-P,98.01,0.162,1.0,0,1559251604926,3990515,93
2019-05-30 21:26:48.373,1.0,sell,241.55,ETH-27SEP19-220-P,98.15,0.162,1.0,1,1559251608373,3990686,94
2019-05-30 21:26:51.821,1.0,sell,240.85,ETH-27SEP19-220-P,97.24,0.161,1.0,2,1559251611821,3990816,95
2019-05-30 21:26:54.429,1.0,sell,240.86,ETH-27SEP19-220-P,96.5,0.16,1.0,2,1559251614429,3991018,96
2019-05-30 21:26:56.768,1.0,sell,240.26,ETH-27SEP19-220-P,96.18,0.159,1.0,2,1559251616768,3991110,97
2019-05-30 21:26:58.837,1.0,sell,240.26,ETH-27SEP19-220-P,95.62,0.159,1.0,3,1559251618837,3991239,98
2019-05-30 21:27:00.651,1.0,sell,240.36,ETH-27SEP19-220-P,95.87,0.159,1.0,3,1559251620651,3991354,99
2019-05-30 21:27:02.774,1.0,sell,240.33,ETH-27SEP19-220-P,96.45,0.16,1.0,0,1559251622774,3991419,100
2019-05-30 21:27:04.942,1.0,sell,240.29,ETH-27SEP19-220-P,95.95,0.159,1.0,2,1559251624942,3991502,101
2019-05-30 21:27:07.510,1.0,sell,240.0,ETH-27SEP19-220-P,96.36,0.16,1.0,0,1559251627510,3991591,102
2019-05-30 21:27:09.955,1.0,sell,240.07,ETH-27SEP19-220-P,96.48,0.16,1.0,1,1559251629955,3991710,103
2019-05-30 21:27:12.496,1.0,sell,240.01,ETH-27SEP19-220-P,96.55,0.16,1.0,1,1559251632496,3991794,104
2019-05-30 21:27:15.178,1.0,sell,239.95,ETH-27SEP19-220-P,96.58,0.16,1.0,1,1559251635178,3991856,105
2019-05-30 21:27:18.212,1.0,sell,239.94,ETH-27SEP19-220-P,97.1,0.161,1.0,0,1559251638212,3991948,106
2019-05-30 21:27:21.300,1.0,sell,239.93,ETH-27SEP19-220-P,97.17,0.161,1.0,1,1559251641300,3992052,107
2019-05-30 21:27:24.504,1.0,sell,239.63,ETH-27SEP19-220-P,96.93,0.161,1.0,1,1559251644504,3992135,108
2019-05-30 21:27:27.596,1.0,sell,239.56,ETH-27SEP19-220-P,96.8,0.161,1.0,1,1559251647596,3992218,109
2019-05-30 21:27:30.585,1.0,sell,239.51,ETH-27SEP19-220-P,97.24,0.162,1.0,0,1559251650585,3992290,110
2019-05-30 21:27:34.200,1.0,sell,239.58,ETH-27SEP19-220-P,97.81,0.163,1.0,0,1559251654200,3992363,111
2019-05-30 21:27:36.875,1.0,sell,239.54,ETH-27SEP19-220-P,96.85,0.161,1.0,2,1559251656875,3992472,112
2019-05-30 21:27:39.835,1.0,sell,240.01,ETH-27SEP19-220-P,97.87,0.162,1.0,0,1559251659835,3992574,113
2019-05-30 21:27:42.799,1.0,sell,240.05,ETH-27SEP19-220-P,97.4,0.161,1.0,2,1559251662799,3992638,114
2019-05-30 21:27:46.042,1.0,sell,239.82,ETH-27SEP19-220-P,96.67,0.16,1.0,2,1559251666042,3992694,115
2019-05-30 21:27:49.124,1.0,sell,239.97,ETH-27SEP19-220-P,97.37,0.161,1.0,0,1559251669124,3992737,116
2019-05-30 21:27:51.737,1.0,sell,239.81,ETH-27SEP19-220-P,96.81,0.16,1.0,2,1559251671737,3992773,117
2019-05-30 21:27:54.736,1.0,sell,239.9,ETH-27SEP19-220-P,97.75,0.162,1.0,0,1559251674736,3992835,118
2019-05-30 21:27:58.092,1.0,sell,240.01,ETH-27SEP19-220-P,97.93,0.162,1.0,1,1559251678092,3992890,119
2019-05-30 21:28:01.119,1.0,sell,239.72,ETH-27SEP19-220-P,97.33,0.161,1.0,2,1559251681119,3992940,120
2019-05-30 21:28:04.307,1.0,sell,239.73,ETH-27SEP19-220-P,97.73,0.162,1.0,0,1559251684307,3992971,121
2019-05-30 21:28:07.903,1.0,sell,239.71,ETH-27SEP19-220-P,98.27,0.163,1.0,0,1559251687903,3993028,122
2019-05-30 21:28:11.513,1.0,sell,239.6,ETH-27SEP19-220-P,97.65,0.162,1.0,2,1559251691513,3993068,123
2019-05-30 21:28:15.426,1.0,sell,240.26,ETH-27SEP19-220-P,98.65,0.163,1.0,0,1559251695426,3993118,124
2019-05-30 21:28:20.439,1.0,buy,240.12,ETH-27SEP19-220-P,98.79,0.16399999999999998,1.0,0,1559251700439,3993247,125
2019-05-30 21:28:25.148,1.0,buy,239.75,ETH-27SEP19-220-P,98.22,0.16399999999999998,1.0,1,1559251705148,3993345,126
2019-05-30 21:28:29.268,1.0,buy,239.75,ETH-27SEP19-220-P,98.02,0.16399999999999998,1.0,1,1559251709268,3993450,127
2019-05-30 21:28:33.827,1.0,buy,239.9,ETH-27SEP19-220-P,99.0,0.166,1.0,0,1559251713827,3993572,128
2019-05-30 21:28:38.234,1.0,buy,239.72,ETH-27SEP19-220-P,98.58,0.166,1.0,1,1559251718234,3993750,129
2019-05-30 21:28:42.639,1.0,buy,239.85,ETH-27SEP19-220-P,98.55,0.166,1.0,1,1559251722639,3993865,130
2019-05-30 21:28:46.555,1.0,sell,240.08,ETH-27SEP19-220-P,98.27,0.165,1.0,2,1559251726555,3994007,131
2019-05-30 21:28:50.153,1.0,sell,240.23,ETH-27SEP19-220-P,97.98,0.16399999999999998,1.0,2,1559251730153,3994196,132
2019-05-30 21:28:53.701,1.0,sell,240.51,ETH-27SEP19-220-P,98.33,0.16399999999999998,1.0,3,1559251733701,3994269,133
2019-05-30 21:28:57.321,1.0,sell,240.71,ETH-27SEP19-220-P,98.24,0.163,1.0,2,1559251737321,3994324,134
2019-05-30 21:29:00.429,1.0,sell,240.88,ETH-27SEP19-220-P,98.12,0.162,1.0,2,1559251740429,3994487,135
2019-05-30 21:29:04.088,1.0,sell,241.58,ETH-27SEP19-220-P,98.79,0.162,1.0,3,1559251744088,3994595,136
2019-05-30 21:29:08.482,1.0,buy,242.05,ETH-27SEP19-220-P,99.77,0.163,1.0,0,1559251748482,3994679,137
2019-05-30 21:29:12.887,1.0,buy,242.26,ETH-27SEP19-220-P,99.93,0.163,1.0,1,1559251752887,3994758,138
2019-05-30 21:29:17.011,1.0,sell,242.14,ETH-27SEP19-220-P,98.74,0.161,1.0,2,1559251757011,3994844,139
2019-05-30 21:29:20.945,1.0,buy,242.75,ETH-27SEP19-220-P,98.84,0.16,1.0,2,1559251760945,3994952,140
2019-05-30 21:29:27.186,1.0,buy,242.47,ETH-27SEP19-220-P,98.7,0.16,1.0,3,1559251767186,3995078,141
2019-05-30 21:29:31.758,1.0,buy,242.42,ETH-27SEP19-220-P,98.78,0.16,1.0,3,1559251771758,3995159,142
2019-05-30 21:29:36.312,1.0,buy,242.43,ETH-27SEP19-220-P,98.72,0.16,1.0,3,1559251776312,3995305,143
2019-05-30 21:29:40.426,1.0,buy,242.86,ETH-27SEP19-220-P,99.11,0.16,1.0,3,1559251780426,3995418,144
2019-05-30 21:29:44.681,1.0,buy,243.02,ETH-27SEP19-220-P,99.39,0.16,1.0,3,1559251784681,3995487,145
2019-05-30 21:29:48.959,1.0,buy,243.14,ETH-27SEP19-220-P,99.6,0.16,1.0,3,1559251788959,3995577,146
2019-05-30 21:29:53.366,1.0,sell,243.33,ETH-27SEP19-220-P,99.76,0.16,1.0,3,1559251793366,3995694,147
2019-05-30 21:29:58.046,1.0,sell,243.5,ETH-27SEP19-220-P,99.81,0.16,1.0,3,1559251798046,3995772,148
2019-05-30 21:30:02.036,1.0,sell,243.53,ETH-27SEP19-220-P,99.36,0.159,1.0,2,1559251802036,3995833,149
2019-05-30 21:30:06.444,1.0,sell,243.61,ETH-27SEP19-220-P,99.37,0.159,1.0,3,1559251806444,3995962,150
2019-05-30 21:30:10.566,1.0,sell,243.52,ETH-27SEP19-220-P,98.76,0.158,1.0,2,1559251810566,3996020,151
2019-05-30 21:30:14.655,1.0,sell,243.66,ETH-27SEP19-220-P,99.47,0.159,1.0,0,1559251814655,3996045,152
2019-05-30 21:30:19.095,1.0,sell,243.9,ETH-27SEP19-220-P,99.69,0.159,1.0,1,1559251819095,3996171,153
2019-05-30 21:30:23.316,1.0,sell,243.8,ETH-27SEP19-220-P,99.13,0.158,1.0,2,1559251823316,3996254,154
2019-05-30 21:30:27.884,1.0,sell,243.83,ETH-27SEP19-220-P,100.05,0.16,1.0,0,1559251827884,3996332,155
2019-05-30 21:30:32.435,1.0,buy,243.79,ETH-27SEP19-220-P,99.4,0.159,1.0,2,1559251832435,3996533,156
2019-05-30 21:30:36.840,1.0,buy,243.68,ETH-27SEP19-220-P,99.41,0.159,1.0,3,1559251836840,3996620,157
2019-05-30 21:30:41.398,1.0,buy,243.85,ETH-27SEP19-220-P,99.7,0.159,1.0,3,1559251841398,3996741,158
2019-05-30 21:30:46.261,1.0,buy,244.13,ETH-27SEP19-220-P,99.85,0.159,1.0,3,1559251846261,3996811,159
2019-05-30 21:30:50.755,1.0,sell,244.41,ETH-27SEP19-220-P,99.6,0.158,1.0,2,1559251850755,3996915,160
2019-05-30 21:30:55.242,1.0,buy,244.62,ETH-27SEP19-220-P,100.3,0.159,1.0,0,1559251855242,3996971,161
2019-05-30 21:30:59.970,1.0,buy,244.43,ETH-27SEP19-220-P,100.04,0.159,1.0,1,1559251859970,3997140,162
2019-05-30 21:31:04.376,1.0,buy,244.7,ETH-27SEP19-220-P,100.14,0.159,1.0,1,1559251864376,3997260,163
2019-05-30 21:31:08.786,1.0,buy,244.48,ETH-27SEP19-220-P,99.74,0.159,1.0,1,1559251868786,3997318,164
2019-05-30 21:31:13.092,1.0,buy,244.71,ETH-27SEP19-220-P,99.77,0.159,1.0,1,1559251873092,3997398,165
2019-05-30 21:31:17.659,1.0,buy,244.67,ETH-27SEP19-220-P,99.76,0.159,1.0,1,1559251877659,3997563,166
2019-05-30 21:31:22.065,1.0,buy,244.56,ETH-27SEP19-220-P,98.85,0.157,1.0,2,1559251882065,3997618,167
2019-05-30 21:31:26.468,1.0,buy,244.49,ETH-27SEP19-220-P,99.03,0.157,1.0,3,1559251886468,3997667,168
2019-05-30 21:31:30.719,1.0,buy,244.56,ETH-27SEP19-220-P,99.24,0.157,1.0,3,1559251890719,3997776,169
2019-05-30 21:31:35.141,1.0,buy,244.62,ETH-27SEP19-220-P,99.19,0.157,1.0,3,1559251895141,3997880,170
2019-05-30 21:31:39.701,1.0,buy,244.38,ETH-27SEP19-220-P,98.77,0.157,1.0,3,1559251899701,3997987,171
2019-05-30 21:31:44.104,1.0,buy,244.38,ETH-27SEP19-220-P,98.59,0.157,1.0,3,1559251904104,3998086,172
2019-05-30 21:31:48.208,1.0,buy,244.4,ETH-27SEP19-220-P,98.46,0.157,1.0,3,1559251908208,3998171,173
2019-05-30 21:31:52.311,1.0,buy,244.48,ETH-27SEP19-220-P,98.41,0.157,1.0,3,1559251912311,3998248,174
2019-05-30 21:31:56.150,1.0,buy,244.07,ETH-27SEP19-220-P,97.86,0.157,1.0,3,1559251916150,3998309,175
2019-05-30 21:31:59.833,1.0,buy,244.04,ETH-27SEP19-220-P,97.86,0.157,1.0,3,1559251919833,3998370,176
2019-05-30 21:32:03.331,1.0,buy,243.89,ETH-27SEP19-220-P,97.76,0.157,1.0,3,1559251923331,3998410,177
2019-05-30 21:32:06.832,1.0,buy,243.82,ETH-27SEP19-220-P,97.71,0.157,1.0,3,1559251926832,3998507,178
2019-05-30 21:32:10.329,1.0,buy,243.49,ETH-27SEP19-220-P,97.37,0.157,1.0,3,1559251930329,3998610,179
2019-05-30 21:32:13.537,1.0,buy,243.63,ETH-27SEP19-220-P,97.46,0.157,1.0,3,1559251933537,3998662,180
2019-05-30 21:32:16.726,1.0,buy,243.74,ETH-27SEP19-220-P,97.47,0.157,1.0,3,1559251936726,3998711,181
2019-05-30 21:32:20.067,1.0,buy,243.62,ETH-27SEP19-220-P,97.84,0.158,1.0,0,1559251940067,3998776,182
2019-05-30 21:32:23.568,1.0,buy,243.59,ETH-27SEP19-220-P,97.78,0.158,1.0,1,1559251943568,3998855,183
2019-05-30 21:32:27.078,1.0,buy,243.5,ETH-27SEP19-220-P,98.1,0.159,1.0,0,1559251947078,3998918,184
2019-05-30 21:32:30.572,1.0,buy,243.58,ETH-27SEP19-220-P,98.13,0.159,1.0,1,1559251950572,3998957,185
2019-05-30 21:32:33.918,1.0,buy,243.28,ETH-27SEP19-220-P,97.82,0.159,1.0,1,1559251953918,3999003,186
2019-05-30 21:32:37.564,1.0,buy,243.34,ETH-27SEP19-220-P,98.28,0.16,1.0,0,1559251957564,3999105,187
2019-05-30 21:32:41.213,1.0,buy,242.78,ETH-27SEP19-220-P,97.59,0.16,1.0,1,1559251961213,3999240,188
2019-05-30 21:32:44.717,1.0,buy,243.0,ETH-27SEP19-220-P,98.14,0.161,1.0,0,1559251964717,3999354,189
2019-05-30 21:32:48.360,1.0,buy,242.51,ETH-27SEP19-220-P,97.69,0.161,1.0,1,1559251968360,3999497,190
2019-05-30 21:32:51.853,1.0,buy,242.44,ETH-27SEP19-220-P,98.06,0.162,1.0,0,1559251971853,3999571,191
2019-05-30 21:32:55.999,1.0,buy,242.32,ETH-27SEP19-220-P,98.22,0.163,1.0,0,1559251975999,3999697,192
2019-05-30 21:33:01.631,1.0,buy,241.76,ETH-27SEP19-220-P,99.38,0.16699999999999998,1.0,0,1559251981631,3999824,193
2019-05-30 21:33:06.509,1.0,buy,241.59,ETH-27SEP19-220-P,99.08,0.16699999999999998,1.0,1,1559251986509,3999926,194
2019-05-30 21:33:11.218,1.0,buy,241.42,ETH-27SEP19-220-P,98.85,0.16699999999999998,1.0,1,1559251991218,4000131,195
2019-05-30 21:33:15.333,1.0,buy,241.32,ETH-27SEP19-220-P,98.76,0.16699999999999998,1.0,1,1559251995333,4000277,196
2019-05-30 21:33:19.443,1.0,buy,241.38,ETH-27SEP19-220-P,98.82,0.16699999999999998,1.0,1,1559251999443,4000420,197
2019-05-30 21:33:23.542,1.0,buy,241.34,ETH-27SEP19-220-P,98.78,0.16699999999999998,1.0,1,1559252003542,4000538,198
2019-05-30 21:33:27.645,1.0,buy,241.54,ETH-27SEP19-220-P,98.99,0.16699999999999998,1.0,1,1559252007645,4000716,199
2019-05-30 21:33:31.304,1.0,buy,241.66,ETH-27SEP19-220-P,98.79,0.166,1.0,2,1559252011304,4000847,200
2019-05-30 21:33:34.642,1.0,buy,241.66,ETH-27SEP19-220-P,98.09,0.16399999999999998,1.0,2,1559252014642,4000931,201
2019-05-30 21:33:38.142,1.0,buy,241.92,ETH-27SEP19-220-P,98.53,0.16399999999999998,1.0,3,1559252018142,4001012,202
2019-05-30 21:33:42.393,1.0,buy,242.32,ETH-27SEP19-220-P,98.97,0.16399999999999998,1.0,3,1559252022393,4001113,203
2019-05-30 21:33:46.504,1.0,buy,242.2,ETH-27SEP19-220-P,98.93,0.16399999999999998,1.0,3,1559252026504,4001190,204
2019-05-30 21:33:50.602,1.0,buy,242.66,ETH-27SEP19-220-P,99.27,0.16399999999999998,1.0,3,1559252030602,4001308,205
2019-05-30 21:33:54.398,1.0,buy,242.75,ETH-27SEP19-220-P,99.01,0.16399999999999998,1.0,3,1559252034398,4001412,206
2019-05-30 21:33:59.023,1.0,buy,242.9,ETH-27SEP19-220-P,100.02,0.165,1.0,0,1559252039023,4001494,207
2019-05-30 21:34:03.305,1.0,buy,242.9,ETH-27SEP19-220-P,99.04,0.163,1.0,2,1559252043305,4001550,208
2019-05-30 21:34:07.919,1.0,buy,243.09,ETH-27SEP19-220-P,98.97,0.163,1.0,3,1559252047919,4001597,209
2019-05-30 21:34:12.326,1.0,buy,242.8,ETH-27SEP19-220-P,98.67,0.163,1.0,3,1559252052326,4001722,210
2019-05-30 21:34:16.122,1.0,buy,242.98,ETH-27SEP19-220-P,98.8,0.163,1.0,3,1559252056122,4001761,211
2019-05-30 21:34:19.921,1.0,buy,242.94,ETH-27SEP19-220-P,98.66,0.163,1.0,3,1559252059921,4001799,212
2019-05-30 21:34:23.722,1.0,buy,242.99,ETH-27SEP19-220-P,98.63,0.163,1.0,3,1559252063722,4001949,213
2019-05-30 21:34:27.520,1.0,buy,243.0,ETH-27SEP19-220-P,98.63,0.163,1.0,3,1559252067520,4002077,214
2019-05-30 21:34:31.320,1.0,buy,243.02,ETH-27SEP19-220-P,98.58,0.163,1.0,3,1559252071320,4002160,215
2019-05-30 21:34:34.966,1.0,buy,243.02,ETH-27SEP19-220-P,98.44,0.163,1.0,3,1559252074966,4002268,216
2019-05-30 21:34:38.619,1.0,buy,242.91,ETH-27SEP19-220-P,98.23,0.163,1.0,3,1559252078619,4002323,217
2019-05-30 21:34:41.959,1.0,buy,242.88,ETH-27SEP19-220-P,98.14,0.163,1.0,3,1559252081959,4002368,218
2019-05-30 21:34:45.453,1.0,buy,242.92,ETH-27SEP19-220-P,98.11,0.163,1.0,3,1559252085453,4002426,219
2019-05-30 21:34:49.249,1.0,buy,242.91,ETH-27SEP19-220-P,98.47,0.16399999999999998,1.0,0,1559252089249,4002477,220
2019-05-30 21:34:53.051,1.0,buy,242.91,ETH-27SEP19-220-P,98.43,0.16399999999999998,1.0,1,1559252093051,4002546,221
2019-05-30 21:34:56.846,1.0,buy,242.89,ETH-27SEP19-220-P,98.24,0.16399999999999998,1.0,1,1559252096846,4002615,222
2019-05-30 21:35:00.490,1.0,buy,242.92,ETH-27SEP19-220-P,98.23,0.16399999999999998,1.0,1,1559252100490,4002728,223
2019-05-30 21:35:04.146,1.0,buy,242.76,ETH-27SEP19-220-P,98.04,0.16399999999999998,1.0,1,1559252104146,4002747,224
2019-05-30 21:35:07.661,1.0,buy,242.88,ETH-27SEP19-220-P,98.06,0.16399999999999998,1.0,1,1559252107661,4002866,225
2019-05-30 21:35:10.696,1.0,buy,243.08,ETH-27SEP19-220-P,98.37,0.16399999999999998,1.0,1,1559252110696,4002904,226
2019-05-30 21:35:14.191,1.0,buy,243.09,ETH-27SEP19-220-P,98.39,0.16399999999999998,1.0,1,1559252114191,4002969,227
2019-05-30 21:35:17.683,1.0,buy,243.19,ETH-27SEP19-220-P,98.55,0.16399999999999998,1.0,1,1559252117683,4002995,228
2019-05-30 21:35:21.489,1.0,buy,243.69,ETH-27SEP19-220-P,98.91,0.16399999999999998,1.0,1,1559252121489,4003061,229
2019-05-30 21:35:25.139,1.0,buy,243.79,ETH-27SEP19-220-P,98.33,0.162,1.0,2,1559252125139,4003101,230
2019-05-30 21:35:28.633,1.0,buy,243.68,ETH-27SEP19-220-P,98.31,0.162,1.0,3,1559252128633,4003166,231
2019-05-30 21:35:32.126,1.0,buy,244.09,ETH-27SEP19-220-P,98.73,0.162,1.0,3,1559252132126,4003237,232
2019-05-30 21:35:35.771,1.0,buy,244.09,ETH-27SEP19-220-P,98.59,0.162,1.0,3,1559252135771,4003254,233
2019-05-30 21:45:46.568,50.0,buy,247.34,ETH-27SEP19-220-P,91.95,0.14,50.0,2,1559252746568,4008064,234
2019-05-30 21:45:47.890,3.0,buy,247.34,ETH-27SEP19-220-P,91.87,0.14,3.0,3,1559252747890,4008090,235
2019-05-30 21:45:55.448,3.0,buy,246.89,ETH-27SEP19-220-P,91.31,0.14,3.0,3,1559252755448,4008133,236
2019-05-30 21:46:01.978,37.0,buy,246.86,ETH-27SEP19-220-P,91.31,0.14,37.0,3,1559252761978,4008174,237
2019-05-31 03:04:51.227,81.0,sell,253.45,ETH-27SEP19-220-P,99.74,0.14400000000000002,81.0,0,1559271891227,4031723,238
2019-05-31 03:04:52.163,1.0,sell,253.43,ETH-27SEP19-220-P,99.77,0.14400000000000002,1.0,1,1559271892163,4031745,239
2019-05-31 03:04:52.419,1.0,sell,253.43,ETH-27SEP19-220-P,99.77,0.14400000000000002,1.0,1,1559271892419,4031746,240
2019-05-31 13:45:00.154,1.0,buy,262.07,ETH-27SEP19-220-P,91.76,0.112,1.0,2,1559310300154,4060350,241
2019-06-01 05:43:12.991,48.0,sell,268.99,ETH-27SEP19-220-P,92.84,0.087,48.0,2,1559367792991,4115145,242
2019-06-01 10:00:24.220,48.0,sell,270.11,ETH-27SEP19-220-P,91.67,0.086,48.0,2,1559383224220,4123367,243
2019-06-01 10:23:43.238,48.0,buy,269.59,ETH-27SEP19-220-P,91.09,0.086,48.0,3,1559384623238,4124194,244
2019-06-01 10:24:05.098,80.0,buy,269.31,ETH-27SEP19-220-P,90.87,0.086,80.0,3,1559384645098,4124229,245
2019-06-01 10:24:08.660,74.0,buy,269.21,ETH-27SEP19-220-P,90.81,0.086,74.0,3,1559384648660,4124230,246
2019-06-01 21:47:28.580,48.0,buy,269.39,ETH-27SEP19-220-P,90.92,0.09,48.0,0,1559425648580,4147386,247
2019-06-01 21:48:22.622,2.0,sell,269.23,ETH-27SEP19-220-P,90.14,0.08900000000000001,2.0,2,1559425702622,4147462,248
2019-06-04 18:34:01.322,51.0,buy,242.37,ETH-27SEP19-220-P,89.87,0.136,51.0,0,1559673241322,4348721,249
2019-06-04 18:39:20.711,32.0,buy,242.21,ETH-27SEP19-220-P,89.73,0.136,32.0,1,1559673560711,4348807,250
2019-06-04 22:06:33.483,10.0,sell,235.6,ETH-27SEP19-220-P,88.36,0.146,10.0,0,1559685993483,4367861,251
2019-06-07 10:43:09.660,5.0,buy,249.18,ETH-27SEP19-220-P,91.67,0.126,5.0,2,1559904189660,4492340,252
2019-06-09 08:42:47.745,48.0,sell,244.1,ETH-27SEP19-220-P,81.18,0.11699999999999999,48.0,2,1560069767745,4540577,253
2019-06-09 08:43:00.278,45.0,sell,244.08,ETH-27SEP19-220-P,80.66,0.11599999999999999,45.0,2,1560069780278,4540578,254
2019-06-09 08:43:07.560,30.0,sell,244.08,ETH-27SEP19-220-P,80.14,0.115,30.0,2,1560069787560,4540582,255
2019-06-09 08:43:07.560,48.0,sell,244.08,ETH-27SEP19-220-P,80.14,0.115,48.0,3,1560069787560,4540583,256
2019-06-12 15:10:42.826,48.0,sell,252.35,ETH-27SEP19-220-P,85.78,0.11,48.0,2,1560352242826,4674647,257
2019-06-12 15:11:17.935,100.0,sell,253.03,ETH-27SEP19-220-P,86.29,0.11,100.0,3,1560352277935,4675158,258
2019-06-12 15:11:20.535,100.0,sell,253.08,ETH-27SEP19-220-P,86.38,0.11,100.0,3,1560352280535,4675181,259
2019-06-12 15:11:55.960,2.0,sell,254.18,ETH-27SEP19-220-P,87.31,0.11,2.0,3,1560352315960,4675454,260
2019-06-12 16:24:25.826,48.0,sell,258.97,ETH-27SEP19-220-P,87.0,0.102,48.0,2,1560356665826,4681313,261
2019-06-12 16:24:27.724,48.0,sell,258.99,ETH-27SEP19-220-P,87.04,0.102,48.0,3,1560356667724,4681318,262
2019-06-12 16:28:07.687,100.0,sell,259.61,ETH-27SEP19-220-P,87.52,0.102,100.0,3,1560356887687,4681697,263
2019-06-12 16:29:18.255,304.0,sell,260.3,ETH-27SEP19-220-P,88.18,0.102,304.0,3,1560356958255,4681959,264
2019-06-12 23:51:58.755,50.0,sell,261.88,ETH-27SEP19-220-P,88.09,0.1,50.0,2,1560383518755,4694273,265
2019-06-12 23:51:58.924,51.0,sell,261.88,ETH-27SEP19-220-P,88.09,0.1,51.0,3,1560383518924,4694307,266
2019-06-12 23:58:02.658,149.0,sell,263.32,ETH-27SEP19-220-P,89.24,0.1,149.0,3,1560383882658,4695786,267
2019-06-14 22:33:36.444,100.0,buy,263.05,ETH-27SEP19-220-P,90.12,0.09699999999999999,100.0,2,1560551616444,4771193,268
2019-06-15 09:38:21.976,1.0,sell,263.86,ETH-27SEP19-220-P,85.66,0.086,1.0,2,1560591501976,4785945,269
2019-06-16 06:02:10.750,48.0,sell,276.97,ETH-27SEP19-220-P,88.33,0.071,48.0,2,1560664930750,4818157,270
2019-06-16 14:12:53.309,1.0,sell,274.1,ETH-27SEP19-220-P,88.84,0.076,1.0,0,1560694373309,4846694,271
2019-06-19 23:27:32.090,1.0,buy,268.75,ETH-27SEP19-220-P,95.32,0.089,1.0,0,1560986852090,4995693,272
