date_utc,amount,direction,indexPrice,instrument,iv,price,quantity,tickDirection,timeStamp,tradeId,tradeSeq
2019-02-14 04:33:17.920,10.0,sell,3580.8,BTC-27SEP19-8000-C,58.77,0.0105,10.0,2,1550118797920,15354123,77
2019-02-14 10:42:39.176,1.0,buy,3565.1,BTC-27SEP19-8000-C,60.07,0.0115,1.0,0,1550140959176,15361876,78
2019-02-14 15:50:44.153,2.0,buy,3566.92,BTC-27SEP19-8000-C,60.01,0.0115,2.0,1,1550159444153,15370043,79
2019-02-14 17:34:14.554,0.1,buy,3572.7,BTC-27SEP19-8000-C,59.97,0.0115,0.1,1,1550165654554,15371727,80
2019-02-15 19:29:44.195,10.0,buy,3568.05,BTC-27SEP19-8000-C,59.61,0.011000000000000001,10.0,2,1550258984195,15401410,81
2019-02-15 19:29:44.195,5.0,buy,3568.05,BTC-27SEP19-8000-C,59.61,0.011000000000000001,5.0,3,1550258984195,15401411,82
2019-02-15 19:29:47.110,6.1000000000000005,buy,3568.05,BTC-27SEP19-8000-C,59.61,0.011000000000000001,6.1000000000000005,3,1550258987110,15401412,83
2019-02-15 19:29:51.068,11.0,sell,3568.43,BTC-27SEP19-8000-C,59.6,0.011000000000000001,11.0,3,1550258991068,15401421,84
2019-02-16 02:51:39.987,10.0,buy,3581.02,BTC-27SEP19-8000-C,59.89,0.0115,10.0,0,1550285499987,15405242,85
2019-02-16 03:08:00.282,0.1,buy,3583.12,BTC-27SEP19-8000-C,60.37,0.012,0.1,0,1550286480282,15405628,86
2019-02-16 03:59:13.067,0.1,buy,3584.61,BTC-27SEP19-8000-C,60.27,0.012,0.1,1,1550289553067,15406688,87
2019-02-16 12:16:16.998,6.0,buy,3592.43,BTC-27SEP19-8000-C,60.09,0.012,6.0,1,1550319376998,15412601,88
2019-02-16 14:19:47.021,1.1,buy,3599.52,BTC-27SEP19-8000-C,60.02,0.012,1.1,1,1550326787021,15417603,89
2019-02-16 14:20:16.004,0.5,buy,3598.73,BTC-27SEP19-8000-C,60.02,0.012,0.5,1,1550326816004,15417607,90
2019-02-17 10:31:44.801,4.0,buy,3641.77,BTC-27SEP19-8000-C,59.08,0.0115,4.0,2,1550399504801,15436213,91
2019-02-17 21:10:49.191,3.0,buy,3578.6,BTC-27SEP19-8000-C,59.49,0.011000000000000001,3.0,2,1550437849191,15452768,92
2019-02-17 23:02:40.137,3.0,buy,3603.27,BTC-27SEP19-8000-C,58.71,0.0105,3.0,2,1550444560137,15456217,93
2019-02-18 14:25:24.107,0.1,buy,3820.9,BTC-27SEP19-8000-C,59.15,0.0145,0.1,0,1550499924107,15540694,94
2019-02-18 16:59:23.653,17.0,buy,3861.24,BTC-27SEP19-8000-C,57.81,0.013999999999999999,17.0,2,1550509163653,15565139,95
2019-02-18 17:05:02.421,0.1,buy,3845.32,BTC-27SEP19-8000-C,58.07,0.013999999999999999,0.1,3,1550509502421,15566777,96
2019-02-18 18:29:46.028,0.1,buy,3892.27,BTC-27SEP19-8000-C,59.13,0.016,0.1,0,1550514586028,15573343,97
2019-02-18 19:52:34.480,2.0,sell,3874.42,BTC-27SEP19-8000-C,59.24,0.016,2.0,1,1550519554480,15577045,98
2019-02-18 22:49:32.670,0.1,buy,3855.35,BTC-27SEP19-8000-C,60.68,0.0175,0.1,0,1550530172670,15584834,99
2019-02-18 23:28:33.101,0.6,buy,3861.79,BTC-27SEP19-8000-C,60.26,0.017,0.6,2,1550532513101,15586240,100
2019-02-19 03:05:15.913,10.0,buy,3862.52,BTC-27SEP19-8000-C,60.92,0.018000000000000002,10.0,0,1550545515913,15606586,101
2019-02-19 08:48:54.477,3.0,sell,3886.9,BTC-27SEP19-8000-C,60.96,0.0185,3.0,0,1550566134477,15615332,102
2019-02-19 09:44:05.939,10.0,buy,3872.45,BTC-27SEP19-8000-C,60.74,0.018000000000000002,10.0,2,1550569445939,15616833,103
2019-02-19 13:11:26.273,10.0,sell,3889.49,BTC-27SEP19-8000-C,60.89,0.0185,10.0,0,1550581886273,15624062,104
2019-02-19 13:11:31.313,10.0,sell,3889.82,BTC-27SEP19-8000-C,60.89,0.0185,10.0,1,1550581891313,15624063,105
2019-02-19 13:11:38.525,5.0,sell,3890.15,BTC-27SEP19-8000-C,60.88,0.0185,5.0,1,1550581898525,15624064,106
2019-02-19 15:38:37.530,0.1,buy,3937.8,BTC-27SEP19-8000-C,61.15,0.0195,0.1,0,1550590717530,15649690,107
2019-02-19 22:28:45.633,5.0,sell,3907.84,BTC-27SEP19-8000-C,58.99,0.016,5.0,2,1550615325633,15666845,108
2019-02-21 12:06:17.937,15.0,sell,3899.01,BTC-27SEP19-8000-C,58.66,0.0155,15.0,2,1550750777937,15742038,109
2019-02-21 12:06:18.030,3.0,buy,3899.01,BTC-27SEP19-8000-C,58.66,0.0155,3.0,3,1550750778030,15742039,110
2019-02-21 12:06:53.530,1.0,sell,3897.15,BTC-27SEP19-8000-C,58.29,0.015,1.0,2,1550750813530,15742062,111
2019-02-21 12:11:51.353,10.0,buy,3893.27,BTC-27SEP19-8000-C,61.08,0.0185,10.0,0,1550751111353,15742138,112
2019-02-21 12:33:28.229,5.0,sell,3897.06,BTC-27SEP19-8000-C,60.61,0.018000000000000002,5.0,2,1550752408229,15742758,113
2019-02-21 15:23:19.394,5.0,sell,3892.87,BTC-27SEP19-8000-C,58.82,0.0155,5.0,2,1550762599394,15745787,114
2019-02-21 21:06:06.411,10.0,sell,3892.25,BTC-27SEP19-8000-C,58.45,0.015,10.0,2,1550783166411,15750185,115
2019-02-23 16:33:53.378,7.0,buy,3929.53,BTC-27SEP19-8000-C,61.47,0.019,7.0,1,1550939633378,15806149,117
2019-02-23 16:33:53.378,1.0,buy,3929.53,BTC-27SEP19-8000-C,61.47,0.019,1.0,0,1550939633378,15806148,116
2019-02-24 04:14:22.852,2.0,buy,4164.01,BTC-27SEP19-8000-C,62.15,0.025,2.0,0,1550981662852,15865996,118
2019-02-24 14:11:50.999,0.1,sell,3955.5,BTC-27SEP19-8000-C,63.6,0.022,0.1,2,1551017510999,15892599,119
2019-02-24 19:20:48.601,2.2,sell,3775.21,BTC-27SEP19-8000-C,63.1,0.017,2.2,2,1551036048601,15955471,120
2019-02-25 03:05:04.977,2.5,sell,3776.15,BTC-27SEP19-8000-C,62.55,0.0165,2.5,2,1551063904977,15972598,123
2019-02-25 03:05:04.977,5.7,sell,3776.15,BTC-27SEP19-8000-C,62.14,0.016,5.7,2,1551063904977,15972599,124
2019-02-25 03:05:04.977,1.0,sell,3776.15,BTC-27SEP19-8000-C,62.95,0.017,1.0,3,1551063904977,15972597,122
2019-02-25 03:05:04.977,0.8,sell,3776.15,BTC-27SEP19-8000-C,62.95,0.017,0.8,3,1551063904977,15972596,121
2019-02-25 03:05:46.801,10.0,sell,3774.53,BTC-27SEP19-8000-C,62.14,0.016,10.0,3,1551063946801,15972624,125
2019-02-25 03:06:55.987,10.0,sell,3774.09,BTC-27SEP19-8000-C,61.75,0.0155,10.0,2,1551064015987,15972862,126
2019-02-25 07:35:16.476,3.0,buy,3769.2,BTC-27SEP19-8000-C,61.71,0.0155,3.0,3,1551080116476,15979673,127
2019-02-25 17:01:10.849,0.1,buy,3829.66,BTC-27SEP19-8000-C,63.39,0.0185,0.1,0,1551114070849,15998510,128
2019-02-25 17:48:52.475,1.0,buy,3825.51,BTC-27SEP19-8000-C,63.46,0.0185,1.0,1,1551116932475,16001171,129
2019-02-25 19:34:37.168,2.0,buy,3848.28,BTC-27SEP19-8000-C,63.48,0.019,2.0,0,1551123277168,16006243,130
2019-02-25 23:31:13.698,3.0,sell,3828.73,BTC-27SEP19-8000-C,61.44,0.016,3.0,2,1551137473698,16012564,131
2019-02-25 23:31:13.698,7.0,sell,3828.73,BTC-27SEP19-8000-C,61.44,0.016,7.0,3,1551137473698,16012565,132
2019-02-26 06:13:56.241,0.1,buy,3787.3,BTC-27SEP19-8000-C,62.46,0.0165,0.1,0,1551161636241,16020489,133
2019-02-26 23:51:55.315,0.3,buy,3797.21,BTC-27SEP19-8000-C,62.05,0.016,0.3,2,1551225115315,16044176,134
2019-02-27 00:12:55.970,5.0,sell,3781.76,BTC-27SEP19-8000-C,61.92,0.0155,5.0,2,1551226375970,16044778,135
2019-02-27 12:57:57.466,4.7,buy,3810.41,BTC-27SEP19-8000-C,61.9,0.016,4.7,0,1551272277466,16055356,136
2019-02-27 12:57:57.466,5.0,buy,3810.41,BTC-27SEP19-8000-C,61.9,0.016,5.0,1,1551272277466,16055357,137
2019-02-27 13:09:24.737,4.0,buy,3817.02,BTC-27SEP19-8000-C,63.05,0.0175,4.0,0,1551272964737,16055522,138
2019-02-27 13:51:05.584,2.0,buy,3819.69,BTC-27SEP19-8000-C,61.8,0.016,2.0,2,1551275465584,16056210,139
2019-02-27 13:52:00.938,8.0,buy,3820.12,BTC-27SEP19-8000-C,61.8,0.016,8.0,3,1551275520938,16056219,140
2019-02-27 20:33:31.824,5.0,sell,3760.98,BTC-27SEP19-8000-C,61.82,0.015,5.0,2,1551299611824,16065978,141
2019-02-27 20:38:03.294,5.0,sell,3723.53,BTC-27SEP19-8000-C,61.89,0.0145,5.0,2,1551299883294,16072078,142
2019-02-27 20:38:07.932,10.0,sell,3715.09,BTC-27SEP19-8000-C,62.0,0.0145,10.0,3,1551299887932,16072165,143
2019-02-27 20:38:11.576,10.0,sell,3713.51,BTC-27SEP19-8000-C,62.09,0.0145,10.0,3,1551299891576,16072193,144
2019-02-27 20:38:41.731,10.0,sell,3718.68,BTC-27SEP19-8000-C,62.03,0.0145,10.0,3,1551299921731,16072459,145
2019-02-27 21:54:24.774,2.0,buy,3738.6,BTC-27SEP19-8000-C,62.12,0.015,2.0,0,1551304464774,16080553,146
2019-02-27 23:39:44.306,0.1,buy,3801.15,BTC-27SEP19-8000-C,62.4,0.0165,0.1,0,1551310784306,16088968,147
2019-02-28 00:09:39.776,0.1,buy,3794.09,BTC-27SEP19-8000-C,62.57,0.0165,0.1,1,1551312579776,16089640,148
2019-02-28 06:03:20.825,3.0,buy,3809.35,BTC-27SEP19-8000-C,61.95,0.016,3.0,2,1551333800825,16094558,149
2019-02-28 08:59:29.006,5.0,buy,3822.85,BTC-27SEP19-8000-C,61.4,0.0155,5.0,2,1551344369006,16098041,150
2019-02-28 09:53:23.672,1.0,buy,3824.74,BTC-27SEP19-8000-C,61.81,0.016,1.0,0,1551347603672,16099782,151
2019-02-28 13:03:23.807,1.0,buy,3818.22,BTC-27SEP19-8000-C,61.87,0.016,1.0,1,1551359003807,16103408,152
2019-02-28 15:44:59.631,0.3,sell,3841.72,BTC-27SEP19-8000-C,60.73,0.015,0.3,2,1551368699631,16118393,153
