date_utc,amount,direction,indexPrice,instrument,iv,price,quantity,tickDirection,timeStamp,tradeId,tradeSeq
2019-02-14 04:33:17.920,10.0,sell,3580.8,BTC-27SEP19-8000-C,58.77,0.0105,10.0,2,1550118797920,15354123,77
2019-02-14 10:42:39.176,1.0,buy,3565.1,BTC-27SEP19-8000-C,60.07,0.0115,1.0,0,1550140959176,15361876,78
2019-02-14 15:50:44.153,2.0,buy,3566.92,BTC-27SEP19-8000-C,60.01,0.0115,2.0,1,1550159444153,15370043,79
2019-02-14 17:34:14.554,0.1,buy,3572.7,BTC-27SEP19-8000-C,59.97,0.0115,0.1,1,1550165654554,15371727,80
2019-02-15 19:29:44.195,10.0,buy,3568.05,BTC-27SEP19-8000-C,59.61,0.011000000000000001,10.0,2,1550258984195,15401410,81
2019-02-15 19:29:44.195,5.0,buy,3568.05,BTC-27SEP19-8000-C,59.61,0.011000000000000001,5.0,3,1550258984195,15401411,82
2019-02-15 19:29:47.110,6.1000000000000005,buy,3568.05,BTC-27SEP19-8000-C,59.61,0.011000000000000001,6.1000000000000005,3,1550258987110,15401412,83
2019-02-15 19:29:51.068,11.0,sell,3568.43,BTC-27SEP19-8000-C,59.6,0.011000000000000001,11.0,3,1550258991068,15401421,84
2019-02-16 02:51:39.987,10.0,buy,3581.02,BTC-27SEP19-8000-C,59.89,0.0115,10.0,0,1550285499987,15405242,85
2019-02-16 03:08:00.282,0.1,buy,3583.12,BTC-27SEP19-8000-C,60.37,0.012,0.1,0,1550286480282,15405628,86
2019-02-16 03:59:13.067,0.1,buy,3584.61,BTC-27SEP19-8000-C,60.27,0.012,0.1,1,1550289553067,15406688,87
2019-02-16 12:16:16.998,6.0,buy,3592.43,BTC-27SEP19-8000-C,60.09,0.012,6.0,1,1550319376998,15412601,88
2019-02-16 14:19:47.021,1.1,buy,3599.52,BTC-27SEP19-8000-C,60.02,0.012,1.1,1,1550326787021,15417603,89
2019-02-16 14:20:16.004,0.5,buy,3598.73,BTC-27SEP19-8000-C,60.02,0.012,0.5,1,1550326816004,15417607,90
2019-02-17 10:31:44.801,4.0,buy,3641.77,BTC-27SEP19-8000-C,59.08,0.0115,4.0,2,1550399504801,15436213,91
2019-02-17 21:10:49.191,3.0,buy,3578.6,BTC-27SEP19-8000-C,59.49,0.011000000000000001,3.0,2,1550437849191,15452768,92
2019-02-17 23:02:40.137,3.0,buy,3603.27,BTC-27SEP19-8000-C,58.71,0.0105,3.0,2,1550444560137,15456217,93
2019-02-18 14:25:24.107,0.1,buy,3820.9,BTC-27SEP19-8000-C,59.15,0.0145,0.1,0,1550499924107,15540694,94
2019-02-18 16:59:23.653,17.0,buy,3861.24,BTC-27SEP19-8000-C,57.81,0.013999999999999999,17.0,2,1550509163653,15565139,95
2019-02-18 17:05:02.421,0.1,buy,3845.32,BTC-27SEP19-8000-C,58.07,0.013999999999999999,0.1,3,1550509502421,15566777,96
2019-02-18 18:29:46.028,0.1,buy,3892.27,BTC-27SEP19-8000-C,59.13,0.016,0.1,0,1550514586028,15573343,97
2019-02-18 19:52:34.480,2.0,sell,3874.42,BTC-27SEP19-8000-C,59.24,0.016,2.0,1,1550519554480,15577045,98
2019-02-18 22:49:32.670,0.1,buy,3855.35,BTC-27SEP19-8000-C,60.68,0.0175,0.1,0,1550530172670,15584834,99
2019-02-18 23:28:33.101,0.6,buy,3861.79,BTC-27SEP19-8000-C,60.26,0.017,0.6,2,1550532513101,15586240,100
2019-02-19 03:05:15.913,10.0,buy,3862.52,BTC-27SEP19-8000-C,60.92,0.018000000000000002,10.0,0,1550545515913,15606586,101
2019-02-19 08:48:54.477,3.0,sell,3886.9,BTC-27SEP19-8000-C,60.96,0.0185,3.0,0,1550566134477,15615332,102
2019-02-19 09:44:05.939,10.0,buy,3872.45,BTC-27SEP19-8000-C,60.74,0.018000000000000002,10.0,2,1550569445939,15616833,103
2019-02-19 13:11:26.273,10.0,sell,3889.49,BTC-27SEP19-8000-C,60.89,0.0185,10.0,0,1550581886273,15624062,104
2019-02-19 13:11:31.313,10.0,sell,3889.82,BTC-27SEP19-8000-C,60.89,0.0185,10.0,1,1550581891313,15624063,105
2019-02-19 13:11:38.525,5.0,sell,3890.15,BTC-27SEP19-8000-C,60.88,0.0185,5.0,1,1550581898525,15624064,106
2019-02-19 15:38:37.530,0.1,buy,3937.8,BTC-27SEP19-8000-C,61.15,0.0195,0.1,0,1550590717530,15649690,107
2019-02-19 22:28:45.633,5.0,sell,3907.84,BTC-27SEP19-8000-C,58.99,0.016,5.0,2,1550615325633,15666845,108
2019-02-21 12:06:17.937,15.0,sell,3899.01,BTC-27SEP19-8000-C,58.66,0.0155,15.0,2,1550750777937,15742038,109
2019-02-21 12:06:18.030,3.0,buy,3899.01,BTC-27SEP19-8000-C,58.66,0.0155,3.0,3,1550750778030,15742039,110
2019-02-21 12:06:53.530,1.0,sell,3897.15,BTC-27SEP19-8000-C,58.29,0.015,1.0,2,1550750813530,15742062,111
2019-02-21 12:11:51.353,10.0,buy,3893.27,BTC-27SEP19-8000-C,61.08,0.0185,10.0,0,1550751111353,15742138,112
2019-02-21 12:33:28.229,5.0,sell,3897.06,BTC-27SEP19-8000-C,60.61,0.018000000000000002,5.0,2,1550752408229,15742758,113
2019-02-21 15:23:19.394,5.0,sell,3892.87,BTC-27SEP19-8000-C,58.82,0.0155,5.0,2,1550762599394,15745787,114
2019-02-21 21:06:06.411,10.0,sell,3892.25,BTC-27SEP19-8000-C,58.45,0.015,10.0,2,1550783166411,15750185,115
2019-02-23 16:33:53.378,1.0,buy,3929.53,BTC-27SEP19-8000-C,61.47,0.019,1.0,0,1550939633378,15806148,116
2019-02-23 16:33:53.378,7.0,buy,3929.53,BTC-27SEP19-8000-C,61.47,0.019,7.0,1,1550939633378,15806149,117
2019-02-24 04:14:22.852,2.0,buy,4164.01,BTC-27SEP19-8000-C,62.15,0.025,2.0,0,1550981662852,15865996,118
2019-02-24 14:11:50.999,0.1,sell,3955.5,BTC-27SEP19-8000-C,63.6,0.022,0.1,2,1551017510999,15892599,119
2019-02-24 19:20:48.601,2.2,sell,3775.21,BTC-27SEP19-8000-C,63.1,0.017,2.2,2,1551036048601,15955471,120
2019-02-25 03:05:04.977,2.5,sell,3776.15,BTC-27SEP19-8000-C,62.55,0.0165,2.5,2,1551063904977,15972598,123
2019-02-25 03:05:04.977,5.7,sell,3776.15,BTC-27SEP19-8000-C,62.14,0.016,5.7,2,1551063904977,15972599,124
2019-02-25 03:05:04.977,1.0,sell,3776.15,BTC-27SEP19-8000-C,62.95,0.017,1.0,3,1551063904977,15972597,122
2019-02-25 03:05:04.977,0.8,sell,3776.15,BTC-27SEP19-8000-C,62.95,0.017,0.8,3,1551063904977,15972596,121
2019-02-25 03:05:46.801,10.0,sell,3774.53,BTC-27SEP19-8000-C,62.14,0.016,10.0,3,1551063946801,15972624,125
2019-02-25 03:06:55.987,10.0,sell,3774.09,BTC-27SEP19-8000-C,61.75,0.0155,10.0,2,1551064015987,15972862,126
2019-02-25 07:35:16.476,3.0,buy,3769.2,BTC-27SEP19-8000-C,61.71,0.0155,3.0,3,1551080116476,15979673,127
2019-02-25 17:01:10.849,0.1,buy,3829.66,BTC-27SEP19-8000-C,63.39,0.0185,0.1,0,1551114070849,15998510,128
2019-02-25 17:48:52.475,1.0,buy,3825.51,BTC-27SEP19-8000-C,63.46,0.0185,1.0,1,1551116932475,16001171,129
2019-02-25 19:34:37.168,2.0,buy,3848.28,BTC-27SEP19-8000-C,63.48,0.019,2.0,0,1551123277168,16006243,130
2019-02-25 23:31:13.698,3.0,sell,3828.73,BTC-27SEP19-8000-C,61.44,0.016,3.0,2,1551137473698,16012564,131
2019-02-25 23:31:13.698,7.0,sell,3828.73,BTC-27SEP19-8000-C,61.44,0.016,7.0,3,1551137473698,16012565,132
2019-02-26 06:13:56.241,0.1,buy,3787.3,BTC-27SEP19-8000-C,62.46,0.0165,0.1,0,1551161636241,16020489,133
2019-02-26 23:51:55.315,0.3,buy,3797.21,BTC-27SEP19-8000-C,62.05,0.016,0.3,2,1551225115315,16044176,134
2019-02-27 00:12:55.970,5.0,sell,3781.76,BTC-27SEP19-8000-C,61.92,0.0155,5.0,2,1551226375970,16044778,135
2019-02-27 12:57:57.466,5.0,buy,3810.41,BTC-27SEP19-8000-C,61.9,0.016,5.0,1,1551272277466,16055357,137
2019-02-27 12:57:57.466,4.7,buy,3810.41,BTC-27SEP19-8000-C,61.9,0.016,4.7,0,1551272277466,16055356,136
2019-02-27 13:09:24.737,4.0,buy,3817.02,BTC-27SEP19-8000-C,63.05,0.0175,4.0,0,1551272964737,16055522,138
2019-02-27 13:51:05.584,2.0,buy,3819.69,BTC-27SEP19-8000-C,61.8,0.016,2.0,2,1551275465584,16056210,139
2019-02-27 13:52:00.938,8.0,buy,3820.12,BTC-27SEP19-8000-C,61.8,0.016,8.0,3,1551275520938,16056219,140
2019-02-27 20:33:31.824,5.0,sell,3760.98,BTC-27SEP19-8000-C,61.82,0.015,5.0,2,1551299611824,16065978,141
2019-02-27 20:38:03.294,5.0,sell,3723.53,BTC-27SEP19-8000-C,61.89,0.0145,5.0,2,1551299883294,16072078,142
2019-02-27 20:38:07.932,10.0,sell,3715.09,BTC-27SEP19-8000-C,62.0,0.0145,10.0,3,1551299887932,16072165,143
2019-02-27 20:38:11.576,10.0,sell,3713.51,BTC-27SEP19-8000-C,62.09,0.0145,10.0,3,1551299891576,16072193,144
2019-02-27 20:38:41.731,10.0,sell,3718.68,BTC-27SEP19-8000-C,62.03,0.0145,10.0,3,1551299921731,16072459,145
2019-02-27 21:54:24.774,2.0,buy,3738.6,BTC-27SEP19-8000-C,62.12,0.015,2.0,0,1551304464774,16080553,146
2019-02-27 23:39:44.306,0.1,buy,3801.15,BTC-27SEP19-8000-C,62.4,0.0165,0.1,0,1551310784306,16088968,147
2019-02-28 00:09:39.776,0.1,buy,3794.09,BTC-27SEP19-8000-C,62.57,0.0165,0.1,1,1551312579776,16089640,148
2019-02-28 06:03:20.825,3.0,buy,3809.35,BTC-27SEP19-8000-C,61.95,0.016,3.0,2,1551333800825,16094558,149
2019-02-28 08:59:29.006,5.0,buy,3822.85,BTC-27SEP19-8000-C,61.4,0.0155,5.0,2,1551344369006,16098041,150
2019-02-28 09:53:23.672,1.0,buy,3824.74,BTC-27SEP19-8000-C,61.81,0.016,1.0,0,1551347603672,16099782,151
2019-02-28 13:03:23.807,1.0,buy,3818.22,BTC-27SEP19-8000-C,61.87,0.016,1.0,1,1551359003807,16103408,152
2019-02-28 15:44:59.631,0.3,sell,3841.72,BTC-27SEP19-8000-C,60.73,0.015,0.3,2,1551368699631,16118393,153
2019-02-28 23:13:58.432,2.9,buy,3801.78,BTC-27SEP19-8000-C,62.18,0.016,2.9,0,1551395638432,16140061,154
2019-03-01 05:56:20.943,1.0,buy,3802.17,BTC-27SEP19-8000-C,61.76,0.0155,1.0,2,1551419780943,16143190,155
2019-03-01 06:10:45.767,0.5,sell,3800.52,BTC-27SEP19-8000-C,60.51,0.014,0.5,2,1551420645767,16143248,156
2019-03-03 05:18:25.873,0.1,buy,3808.66,BTC-27SEP19-8000-C,60.65,0.013999999999999999,0.1,3,1551590305873,16185135,157
2019-03-03 17:14:08.359,12.4,buy,3789.85,BTC-27SEP19-8000-C,60.58,0.0135,12.4,3,1551633248359,16196378,159
2019-03-03 17:14:08.359,5.0,buy,3789.85,BTC-27SEP19-8000-C,60.58,0.0135,5.0,2,1551633248359,16196377,158
2019-03-03 17:14:29.955,11.9,buy,3789.85,BTC-27SEP19-8000-C,60.58,0.0135,11.9,3,1551633269955,16196389,160
2019-03-03 17:57:27.054,11.5,buy,3792.25,BTC-27SEP19-8000-C,60.55,0.0135,11.5,3,1551635847054,16196726,161
2019-03-03 17:57:56.561,11.4,buy,3792.23,BTC-27SEP19-8000-C,60.54,0.0135,11.4,3,1551635876561,16196735,162
2019-03-03 18:00:20.760,11.2,buy,3792.25,BTC-27SEP19-8000-C,60.55,0.0135,11.2,3,1551636020760,16196767,163
2019-03-03 18:00:30.694,10.5,buy,3792.06,BTC-27SEP19-8000-C,60.55,0.0135,10.5,3,1551636030694,16196776,164
2019-03-03 18:00:31.246,0.7000000000000001,sell,3792.06,BTC-27SEP19-8000-C,60.55,0.0135,0.7000000000000001,3,1551636031246,16196777,165
2019-03-03 18:00:35.503,10.8,buy,3792.06,BTC-27SEP19-8000-C,60.55,0.0135,10.8,3,1551636035503,16196787,166
2019-03-03 18:10:30.543,12.2,buy,3790.85,BTC-27SEP19-8000-C,60.57,0.0135,12.2,3,1551636630543,16196860,167
2019-03-03 18:10:34.034,12.2,buy,3790.85,BTC-27SEP19-8000-C,60.57,0.0135,12.2,3,1551636634034,16196861,168
2019-03-03 18:22:49.147,17.400000000000002,buy,3790.17,BTC-27SEP19-8000-C,60.61,0.0135,17.400000000000002,3,1551637369147,16196937,169
2019-03-03 18:22:57.125,17.400000000000002,buy,3790.15,BTC-27SEP19-8000-C,60.61,0.0135,17.400000000000002,3,1551637377125,16196938,170
2019-03-03 18:23:04.898,14.4,buy,3789.93,BTC-27SEP19-8000-C,60.62,0.0135,14.4,3,1551637384898,16196939,171
2019-03-03 18:36:21.324,12.9,buy,3791.42,BTC-27SEP19-8000-C,60.56,0.0135,12.9,3,1551638181324,16197022,172
2019-03-03 18:36:29.175,10.3,buy,3791.42,BTC-27SEP19-8000-C,60.56,0.0135,10.3,3,1551638189175,16197023,173
2019-03-03 18:40:05.919,10.7,buy,3792.69,BTC-27SEP19-8000-C,60.53,0.0135,10.7,3,1551638405919,16197063,174
2019-03-03 18:40:09.867,10.1,buy,3792.69,BTC-27SEP19-8000-C,60.52,0.0135,10.1,3,1551638409867,16197064,175
2019-03-03 18:51:11.165,10.4,buy,3792.37,BTC-27SEP19-8000-C,60.54,0.0135,10.4,3,1551639071165,16197105,176
2019-03-03 18:51:58.022,1.3,sell,3792.14,BTC-27SEP19-8000-C,60.54,0.0135,1.3,3,1551639118022,16197113,178
2019-03-03 18:51:58.022,10.4,sell,3792.14,BTC-27SEP19-8000-C,60.54,0.0135,10.4,3,1551639118022,16197112,177
2019-03-03 18:52:15.932,10.4,sell,3791.93,BTC-27SEP19-8000-C,60.54,0.0135,10.4,3,1551639135932,16197120,179
2019-03-04 00:19:41.968,0.1,buy,3801.65,BTC-27SEP19-8000-C,61.33,0.0145,0.1,0,1551658781968,16202336,180
2019-03-04 02:06:29.142,0.1,buy,3802.61,BTC-27SEP19-8000-C,61.31,0.0145,0.1,1,1551665189142,16203459,181
2019-03-04 07:37:57.083,0.1,sell,3729.72,BTC-27SEP19-8000-C,60.68,0.0125,0.1,2,1551685077083,16221762,182
2019-03-04 07:37:57.938,0.1,sell,3729.72,BTC-27SEP19-8000-C,60.68,0.0125,0.1,3,1551685077938,16221763,183
2019-03-04 16:54:35.943,10.0,buy,3714.99,BTC-27SEP19-8000-C,61.35,0.013,10.0,1,1551718475943,16240101,185
2019-03-04 16:54:35.943,5.0,buy,3714.99,BTC-27SEP19-8000-C,61.35,0.013,5.0,0,1551718475943,16240100,184
2019-03-04 17:55:18.780,0.1,buy,3719.11,BTC-27SEP19-8000-C,61.83,0.0135,0.1,0,1551722118780,16240541,186
2019-03-04 23:42:13.931,3.0,sell,3698.71,BTC-27SEP19-8000-C,61.69,0.013,3.0,2,1551742933931,16246194,187
2019-03-05 09:22:29.953,3.0,buy,3721.47,BTC-27SEP19-8000-C,62.17,0.014,3.0,0,1551777749953,16253487,188
2019-03-05 10:21:09.119,2.0,buy,3720.68,BTC-27SEP19-8000-C,62.62,0.0145,2.0,0,1551781269119,16253994,189
2019-03-05 14:56:30.318,0.1,buy,3819.31,BTC-27SEP19-8000-C,61.54,0.015,0.1,0,1551797790318,16278654,190
2019-03-05 16:54:41.188,6.0,sell,3827.27,BTC-27SEP19-8000-C,61.41,0.015,6.0,1,1551804881188,16290311,191
2019-03-05 19:27:27.296,10.0,sell,3850.46,BTC-27SEP19-8000-C,61.1,0.015,10.0,1,1551814047296,16293388,192
2019-03-05 19:28:18.938,10.0,buy,3851.08,BTC-27SEP19-8000-C,61.08,0.015,10.0,1,1551814098938,16293470,193
2019-03-05 22:00:13.266,0.1,buy,3834.14,BTC-27SEP19-8000-C,62.99,0.017,0.1,0,1551823213266,16295901,194
2019-03-06 15:09:58.296,0.1,buy,3840.33,BTC-27SEP19-8000-C,62.1,0.016,0.1,2,1551884998296,16323245,195
2019-03-06 16:28:13.670,2.3000000000000003,buy,3842.79,BTC-27SEP19-8000-C,62.07,0.016,2.3000000000000003,3,1551889693670,16325036,196
2019-03-06 17:37:56.552,4.0,buy,3848.84,BTC-27SEP19-8000-C,62.0,0.016,4.0,3,1551893876552,16326272,197
2019-03-06 17:38:17.987,3.6,buy,3849.43,BTC-27SEP19-8000-C,62.0,0.016,3.6,3,1551893897987,16326273,198
2019-03-07 00:07:40.086,3.4,sell,3861.35,BTC-27SEP19-8000-C,61.46,0.0155,3.4,2,1551917260086,16329781,199
2019-03-07 01:18:06.123,0.1,buy,3874.2,BTC-27SEP19-8000-C,62.89,0.0175,0.1,0,1551921486123,16332209,200
2019-03-07 01:50:37.894,8.0,buy,3868.48,BTC-27SEP19-8000-C,61.31,0.0155,8.0,2,1551923437894,16334903,201
2019-03-08 10:10:58.286,5.0,sell,3869.18,BTC-27SEP19-8000-C,59.8,0.0135,5.0,2,1552039858286,16380229,202
2019-03-08 18:33:57.340,10.0,sell,3885.62,BTC-27SEP19-8000-C,60.95,0.015,10.0,0,1552070037340,16391084,203
2019-03-08 19:31:36.311,13.1,sell,3890.84,BTC-27SEP19-8000-C,61.72,0.016,13.1,0,1552073496311,16391531,204
2019-03-08 19:31:42.779,13.1,sell,3890.84,BTC-27SEP19-8000-C,61.72,0.016,13.1,1,1552073502779,16391532,205
2019-03-08 19:38:53.011,10.7,sell,3890.5,BTC-27SEP19-8000-C,61.72,0.016,10.7,1,1552073933011,16391554,206
2019-03-08 19:39:03.358,10.3,sell,3889.92,BTC-27SEP19-8000-C,61.73,0.016,10.3,1,1552073943358,16391563,207
2019-03-08 19:40:21.565,42.0,sell,3890.48,BTC-27SEP19-8000-C,61.7,0.016,42.0,1,1552074021565,16391577,208
2019-03-08 19:45:11.498,0.8,buy,3890.64,BTC-27SEP19-8000-C,62.13,0.0165,0.8,0,1552074311498,16391674,209
2019-03-09 07:02:26.008,0.1,buy,3898.01,BTC-27SEP19-8000-C,62.12,0.0165,0.1,1,1552114946008,16416431,210
2019-03-09 07:12:41.300,0.1,buy,3893.98,BTC-27SEP19-8000-C,62.19,0.0165,0.1,1,1552115561300,16418624,211
2019-03-10 18:27:42.075,0.1,sell,3880.98,BTC-27SEP19-8000-C,60.56,0.013999999999999999,0.1,2,1552242462075,16465577,212
2019-03-10 18:27:42.075,10.8,sell,3880.98,BTC-27SEP19-8000-C,60.11,0.0135,10.8,2,1552242462075,16465578,213
2019-03-11 11:08:51.180,1.0,buy,3862.83,BTC-27SEP19-8000-C,62.22,0.0155,1.0,0,1552302531180,16483140,214
2019-03-11 17:10:57.842,10.0,buy,3843.53,BTC-27SEP19-8000-C,61.26,0.013999999999999999,10.0,2,1552324257842,16494828,215
2019-03-12 03:23:17.227,0.1,buy,3816.27,BTC-27SEP19-8000-C,61.67,0.014,0.1,3,1552360997227,16507199,216
2019-03-12 12:38:57.635,10.0,buy,3868.99,BTC-27SEP19-8000-C,60.92,0.013999999999999999,10.0,3,1552394337635,16519185,217
2019-03-12 13:45:00.194,0.1,buy,3863.18,BTC-27SEP19-8000-C,61.55,0.0145,0.1,0,1552398300194,16520780,218
2019-03-12 19:38:26.067,0.1,buy,3851.48,BTC-27SEP19-8000-C,61.77,0.0145,0.1,1,1552419506067,16524899,219
2019-03-12 20:06:31.744,0.1,buy,3859.28,BTC-27SEP19-8000-C,61.69,0.0145,0.1,1,1552421191744,16525186,220
2019-03-12 22:01:00.047,0.1,buy,3864.89,BTC-27SEP19-8000-C,61.67,0.0145,0.1,1,1552428060047,16525794,221
2019-03-13 01:47:24.106,10.0,buy,3862.95,BTC-27SEP19-8000-C,61.27,0.014,10.0,2,1552441644106,16527782,222
2019-03-13 01:47:31.107,10.0,sell,3862.92,BTC-27SEP19-8000-C,61.28,0.014,10.0,3,1552441651107,16527792,223
