date_utc,amount,direction,indexPrice,instrument,iv,price,quantity,tickDirection,timeStamp,tradeId,tradeSeq
2019-02-14 04:33:17.920,10.0,sell,3580.8,BTC-27SEP19-8000-C,58.77,0.0105,10.0,2,1550118797920,15354123,77
2019-02-14 10:42:39.176,1.0,buy,3565.1,BTC-27SEP19-8000-C,60.07,0.0115,1.0,0,1550140959176,15361876,78
2019-02-14 15:50:44.153,2.0,buy,3566.92,BTC-27SEP19-8000-C,60.01,0.0115,2.0,1,1550159444153,15370043,79
2019-02-14 17:34:14.554,0.1,buy,3572.7,BTC-27SEP19-8000-C,59.97,0.0115,0.1,1,1550165654554,15371727,80
2019-02-15 19:29:44.195,10.0,buy,3568.05,BTC-27SEP19-8000-C,59.61,0.011000000000000001,10.0,2,1550258984195,15401410,81
2019-02-15 19:29:44.195,5.0,buy,3568.05,BTC-27SEP19-8000-C,59.61,0.011000000000000001,5.0,3,1550258984195,15401411,82
2019-02-15 19:29:47.110,6.1000000000000005,buy,3568.05,BTC-27SEP19-8000-C,59.61,0.011000000000000001,6.1000000000000005,3,1550258987110,15401412,83
2019-02-15 19:29:51.068,11.0,sell,3568.43,BTC-27SEP19-8000-C,59.6,0.011000000000000001,11.0,3,1550258991068,15401421,84
2019-02-16 02:51:39.987,10.0,buy,3581.02,BTC-27SEP19-8000-C,59.89,0.0115,10.0,0,1550285499987,15405242,85
2019-02-16 03:08:00.282,0.1,buy,3583.12,BTC-27SEP19-8000-C,60.37,0.012,0.1,0,1550286480282,15405628,86
2019-02-16 03:59:13.067,0.1,buy,3584.61,BTC-27SEP19-8000-C,60.27,0.012,0.1,1,1550289553067,15406688,87
2019-02-16 12:16:16.998,6.0,buy,3592.43,BTC-27SEP19-8000-C,60.09,0.012,6.0,1,1550319376998,15412601,88
2019-02-16 14:19:47.021,1.1,buy,3599.52,BTC-27SEP19-8000-C,60.02,0.012,1.1,1,1550326787021,15417603,89
2019-02-16 14:20:16.004,0.5,buy,3598.73,BTC-27SEP19-8000-C,60.02,0.012,0.5,1,1550326816004,15417607,90
2019-02-17 10:31:44.801,4.0,buy,3641.77,BTC-27SEP19-8000-C,59.08,0.0115,4.0,2,1550399504801,15436213,91
2019-02-17 21:10:49.191,3.0,buy,3578.6,BTC-27SEP19-8000-C,59.49,0.011000000000000001,3.0,2,1550437849191,15452768,92
2019-02-17 23:02:40.137,3.0,buy,3603.27,BTC-27SEP19-8000-C,58.71,0.0105,3.0,2,1550444560137,15456217,93
2019-02-18 14:25:24.107,0.1,buy,3820.9,BTC-27SEP19-8000-C,59.15,0.0145,0.1,0,1550499924107,15540694,94
2019-02-18 16:59:23.653,17.0,buy,3861.24,BTC-27SEP19-8000-C,57.81,0.013999999999999999,17.0,2,1550509163653,15565139,95
2019-02-18 17:05:02.421,0.1,buy,3845.32,BTC-27SEP19-8000-C,58.07,0.013999999999999999,0.1,3,1550509502421,15566777,96
2019-02-18 18:29:46.028,0.1,buy,3892.27,BTC-27SEP19-8000-C,59.13,0.016,0.1,0,1550514586028,15573343,97
2019-02-18 19:52:34.480,2.0,sell,3874.42,BTC-27SEP19-8000-C,59.24,0.016,2.0,1,1550519554480,15577045,98
2019-02-18 22:49:32.670,0.1,buy,3855.35,BTC-27SEP19-8000-C,60.68,0.0175,0.1,0,1550530172670,15584834,99
2019-02-18 23:28:33.101,0.6,buy,3861.79,BTC-27SEP19-8000-C,60.26,0.017,0.6,2,1550532513101,15586240,100
2019-02-19 03:05:15.913,10.0,buy,3862.52,BTC-27SEP19-8000-C,60.92,0.018000000000000002,10.0,0,1550545515913,15606586,101
2019-02-19 08:48:54.477,3.0,sell,3886.9,BTC-27SEP19-8000-C,60.96,0.0185,3.0,0,1550566134477,15615332,102
2019-02-19 09:44:05.939,10.0,buy,3872.45,BTC-27SEP19-8000-C,60.74,0.018000000000000002,10.0,2,1550569445939,15616833,103
2019-02-19 13:11:26.273,10.0,sell,3889.49,BTC-27SEP19-8000-C,60.89,0.0185,10.0,0,1550581886273,15624062,104
2019-02-19 13:11:31.313,10.0,sell,3889.82,BTC-27SEP19-8000-C,60.89,0.0185,10.0,1,1550581891313,15624063,105
2019-02-19 13:11:38.525,5.0,sell,3890.15,BTC-27SEP19-8000-C,60.88,0.0185,5.0,1,1550581898525,15624064,106
2019-02-19 15:38:37.530,0.1,buy,3937.8,BTC-27SEP19-8000-C,61.15,0.0195,0.1,0,1550590717530,15649690,107
2019-02-19 22:28:45.633,5.0,sell,3907.84,BTC-27SEP19-8000-C,58.99,0.016,5.0,2,1550615325633,15666845,108
2019-02-21 12:06:17.937,15.0,sell,3899.01,BTC-27SEP19-8000-C,58.66,0.0155,15.0,2,1550750777937,15742038,109
2019-02-21 12:06:18.030,3.0,buy,3899.01,BTC-27SEP19-8000-C,58.66,0.0155,3.0,3,1550750778030,15742039,110
2019-02-21 12:06:53.530,1.0,sell,3897.15,BTC-27SEP19-8000-C,58.29,0.015,1.0,2,1550750813530,15742062,111
2019-02-21 12:11:51.353,10.0,buy,3893.27,BTC-27SEP19-8000-C,61.08,0.0185,10.0,0,1550751111353,15742138,112
2019-02-21 12:33:28.229,5.0,sell,3897.06,BTC-27SEP19-8000-C,60.61,0.018000000000000002,5.0,2,1550752408229,15742758,113
2019-02-21 15:23:19.394,5.0,sell,3892.87,BTC-27SEP19-8000-C,58.82,0.0155,5.0,2,1550762599394,15745787,114
2019-02-21 21:06:06.411,10.0,sell,3892.25,BTC-27SEP19-8000-C,58.45,0.015,10.0,2,1550783166411,15750185,115
2019-02-23 16:33:53.378,1.0,buy,3929.53,BTC-27SEP19-8000-C,61.47,0.019,1.0,0,1550939633378,15806148,116
2019-02-23 16:33:53.378,7.0,buy,3929.53,BTC-27SEP19-8000-C,61.47,0.019,7.0,1,1550939633378,15806149,117
2019-02-24 04:14:22.852,2.0,buy,4164.01,BTC-27SEP19-8000-C,62.15,0.025,2.0,0,1550981662852,15865996,118
2019-02-24 14:11:50.999,0.1,sell,3955.5,BTC-27SEP19-8000-C,63.6,0.022,0.1,2,1551017510999,15892599,119
2019-02-24 19:20:48.601,2.2,sell,3775.21,BTC-27SEP19-8000-C,63.1,0.017,2.2,2,1551036048601,15955471,120
2019-02-25 03:05:04.977,2.5,sell,3776.15,BTC-27SEP19-8000-C,62.55,0.0165,2.5,2,1551063904977,15972598,123
2019-02-25 03:05:04.977,5.7,sell,3776.15,BTC-27SEP19-8000-C,62.14,0.016,5.7,2,1551063904977,15972599,124
2019-02-25 03:05:04.977,0.8,sell,3776.15,BTC-27SEP19-8000-C,62.95,0.017,0.8,3,1551063904977,15972596,121
2019-02-25 03:05:04.977,1.0,sell,3776.15,BTC-27SEP19-8000-C,62.95,0.017,1.0,3,1551063904977,15972597,122
2019-02-25 03:05:46.801,10.0,sell,3774.53,BTC-27SEP19-8000-C,62.14,0.016,10.0,3,1551063946801,15972624,125
2019-02-25 03:06:55.987,10.0,sell,3774.09,BTC-27SEP19-8000-C,61.75,0.0155,10.0,2,1551064015987,15972862,126
2019-02-25 07:35:16.476,3.0,buy,3769.2,BTC-27SEP19-8000-C,61.71,0.0155,3.0,3,1551080116476,15979673,127
2019-02-25 17:01:10.849,0.1,buy,3829.66,BTC-27SEP19-8000-C,63.39,0.0185,0.1,0,1551114070849,15998510,128
2019-02-25 17:48:52.475,1.0,buy,3825.51,BTC-27SEP19-8000-C,63.46,0.0185,1.0,1,1551116932475,16001171,129
2019-02-25 19:34:37.168,2.0,buy,3848.28,BTC-27SEP19-8000-C,63.48,0.019,2.0,0,1551123277168,16006243,130
2019-02-25 23:31:13.698,3.0,sell,3828.73,BTC-27SEP19-8000-C,61.44,0.016,3.0,2,1551137473698,16012564,131
2019-02-25 23:31:13.698,7.0,sell,3828.73,BTC-27SEP19-8000-C,61.44,0.016,7.0,3,1551137473698,16012565,132
2019-02-26 06:13:56.241,0.1,buy,3787.3,BTC-27SEP19-8000-C,62.46,0.0165,0.1,0,1551161636241,16020489,133
2019-02-26 23:51:55.315,0.3,buy,3797.21,BTC-27SEP19-8000-C,62.05,0.016,0.3,2,1551225115315,16044176,134
2019-02-27 00:12:55.970,5.0,sell,3781.76,BTC-27SEP19-8000-C,61.92,0.0155,5.0,2,1551226375970,16044778,135
2019-02-27 12:57:57.466,4.7,buy,3810.41,BTC-27SEP19-8000-C,61.9,0.016,4.7,0,1551272277466,16055356,136
2019-02-27 12:57:57.466,5.0,buy,3810.41,BTC-27SEP19-8000-C,61.9,0.016,5.0,1,1551272277466,16055357,137
2019-02-27 13:09:24.737,4.0,buy,3817.02,BTC-27SEP19-8000-C,63.05,0.0175,4.0,0,1551272964737,16055522,138
2019-02-27 13:51:05.584,2.0,buy,3819.69,BTC-27SEP19-8000-C,61.8,0.016,2.0,2,1551275465584,16056210,139
2019-02-27 13:52:00.938,8.0,buy,3820.12,BTC-27SEP19-8000-C,61.8,0.016,8.0,3,1551275520938,16056219,140
2019-02-27 20:33:31.824,5.0,sell,3760.98,BTC-27SEP19-8000-C,61.82,0.015,5.0,2,1551299611824,16065978,141
2019-02-27 20:38:03.294,5.0,sell,3723.53,BTC-27SEP19-8000-C,61.89,0.0145,5.0,2,1551299883294,16072078,142
2019-02-27 20:38:07.932,10.0,sell,3715.09,BTC-27SEP19-8000-C,62.0,0.0145,10.0,3,1551299887932,16072165,143
2019-02-27 20:38:11.576,10.0,sell,3713.51,BTC-27SEP19-8000-C,62.09,0.0145,10.0,3,1551299891576,16072193,144
2019-02-27 20:38:41.731,10.0,sell,3718.68,BTC-27SEP19-8000-C,62.03,0.0145,10.0,3,1551299921731,16072459,145
2019-02-27 21:54:24.774,2.0,buy,3738.6,BTC-27SEP19-8000-C,62.12,0.015,2.0,0,1551304464774,16080553,146
2019-02-27 23:39:44.306,0.1,buy,3801.15,BTC-27SEP19-8000-C,62.4,0.0165,0.1,0,1551310784306,16088968,147
2019-02-28 00:09:39.776,0.1,buy,3794.09,BTC-27SEP19-8000-C,62.57,0.0165,0.1,1,1551312579776,16089640,148
2019-02-28 06:03:20.825,3.0,buy,3809.35,BTC-27SEP19-8000-C,61.95,0.016,3.0,2,1551333800825,16094558,149
2019-02-28 08:59:29.006,5.0,buy,3822.85,BTC-27SEP19-8000-C,61.4,0.0155,5.0,2,1551344369006,16098041,150
2019-02-28 09:53:23.672,1.0,buy,3824.74,BTC-27SEP19-8000-C,61.81,0.016,1.0,0,1551347603672,16099782,151
2019-02-28 13:03:23.807,1.0,buy,3818.22,BTC-27SEP19-8000-C,61.87,0.016,1.0,1,1551359003807,16103408,152
2019-02-28 15:44:59.631,0.3,sell,3841.72,BTC-27SEP19-8000-C,60.73,0.015,0.3,2,1551368699631,16118393,153
2019-02-28 23:13:58.432,2.9,buy,3801.78,BTC-27SEP19-8000-C,62.18,0.016,2.9,0,1551395638432,16140061,154
2019-03-01 05:56:20.943,1.0,buy,3802.17,BTC-27SEP19-8000-C,61.76,0.0155,1.0,2,1551419780943,16143190,155
2019-03-01 06:10:45.767,0.5,sell,3800.52,BTC-27SEP19-8000-C,60.51,0.014,0.5,2,1551420645767,16143248,156
2019-03-03 05:18:25.873,0.1,buy,3808.66,BTC-27SEP19-8000-C,60.65,0.013999999999999999,0.1,3,1551590305873,16185135,157
2019-03-03 17:14:08.359,12.4,buy,3789.85,BTC-27SEP19-8000-C,60.58,0.0135,12.4,3,1551633248359,16196378,159
2019-03-03 17:14:08.359,5.0,buy,3789.85,BTC-27SEP19-8000-C,60.58,0.0135,5.0,2,1551633248359,16196377,158
2019-03-03 17:14:29.955,11.9,buy,3789.85,BTC-27SEP19-8000-C,60.58,0.0135,11.9,3,1551633269955,16196389,160
2019-03-03 17:57:27.054,11.5,buy,3792.25,BTC-27SEP19-8000-C,60.55,0.0135,11.5,3,1551635847054,16196726,161
2019-03-03 17:57:56.561,11.4,buy,3792.23,BTC-27SEP19-8000-C,60.54,0.0135,11.4,3,1551635876561,16196735,162
2019-03-03 18:00:20.760,11.2,buy,3792.25,BTC-27SEP19-8000-C,60.55,0.0135,11.2,3,1551636020760,16196767,163
2019-03-03 18:00:30.694,10.5,buy,3792.06,BTC-27SEP19-8000-C,60.55,0.0135,10.5,3,1551636030694,16196776,164
2019-03-03 18:00:31.246,0.7000000000000001,sell,3792.06,BTC-27SEP19-8000-C,60.55,0.0135,0.7000000000000001,3,1551636031246,16196777,165
2019-03-03 18:00:35.503,10.8,buy,3792.06,BTC-27SEP19-8000-C,60.55,0.0135,10.8,3,1551636035503,16196787,166
2019-03-03 18:10:30.543,12.2,buy,3790.85,BTC-27SEP19-8000-C,60.57,0.0135,12.2,3,1551636630543,16196860,167
2019-03-03 18:10:34.034,12.2,buy,3790.85,BTC-27SEP19-8000-C,60.57,0.0135,12.2,3,1551636634034,16196861,168
2019-03-03 18:22:49.147,17.400000000000002,buy,3790.17,BTC-27SEP19-8000-C,60.61,0.0135,17.400000000000002,3,1551637369147,16196937,169
2019-03-03 18:22:57.125,17.400000000000002,buy,3790.15,BTC-27SEP19-8000-C,60.61,0.0135,17.400000000000002,3,1551637377125,16196938,170
2019-03-03 18:23:04.898,14.4,buy,3789.93,BTC-27SEP19-8000-C,60.62,0.0135,14.4,3,1551637384898,16196939,171
2019-03-03 18:36:21.324,12.9,buy,3791.42,BTC-27SEP19-8000-C,60.56,0.0135,12.9,3,1551638181324,16197022,172
2019-03-03 18:36:29.175,10.3,buy,3791.42,BTC-27SEP19-8000-C,60.56,0.0135,10.3,3,1551638189175,16197023,173
2019-03-03 18:40:05.919,10.7,buy,3792.69,BTC-27SEP19-8000-C,60.53,0.0135,10.7,3,1551638405919,16197063,174
2019-03-03 18:40:09.867,10.1,buy,3792.69,BTC-27SEP19-8000-C,60.52,0.0135,10.1,3,1551638409867,16197064,175
2019-03-03 18:51:11.165,10.4,buy,3792.37,BTC-27SEP19-8000-C,60.54,0.0135,10.4,3,1551639071165,16197105,176
2019-03-03 18:51:58.022,10.4,sell,3792.14,BTC-27SEP19-8000-C,60.54,0.0135,10.4,3,1551639118022,16197112,177
2019-03-03 18:51:58.022,1.3,sell,3792.14,BTC-27SEP19-8000-C,60.54,0.0135,1.3,3,1551639118022,16197113,178
2019-03-03 18:52:15.932,10.4,sell,3791.93,BTC-27SEP19-8000-C,60.54,0.0135,10.4,3,1551639135932,16197120,179
2019-03-04 00:19:41.968,0.1,buy,3801.65,BTC-27SEP19-8000-C,61.33,0.0145,0.1,0,1551658781968,16202336,180
2019-03-04 02:06:29.142,0.1,buy,3802.61,BTC-27SEP19-8000-C,61.31,0.0145,0.1,1,1551665189142,16203459,181
2019-03-04 07:37:57.083,0.1,sell,3729.72,BTC-27SEP19-8000-C,60.68,0.0125,0.1,2,1551685077083,16221762,182
2019-03-04 07:37:57.938,0.1,sell,3729.72,BTC-27SEP19-8000-C,60.68,0.0125,0.1,3,1551685077938,16221763,183
2019-03-04 16:54:35.943,10.0,buy,3714.99,BTC-27SEP19-8000-C,61.35,0.013,10.0,1,1551718475943,16240101,185
2019-03-04 16:54:35.943,5.0,buy,3714.99,BTC-27SEP19-8000-C,61.35,0.013,5.0,0,1551718475943,16240100,184
2019-03-04 17:55:18.780,0.1,buy,3719.11,BTC-27SEP19-8000-C,61.83,0.0135,0.1,0,1551722118780,16240541,186
2019-03-04 23:42:13.931,3.0,sell,3698.71,BTC-27SEP19-8000-C,61.69,0.013,3.0,2,1551742933931,16246194,187
2019-03-05 09:22:29.953,3.0,buy,3721.47,BTC-27SEP19-8000-C,62.17,0.014,3.0,0,1551777749953,16253487,188
2019-03-05 10:21:09.119,2.0,buy,3720.68,BTC-27SEP19-8000-C,62.62,0.0145,2.0,0,1551781269119,16253994,189
2019-03-05 14:56:30.318,0.1,buy,3819.31,BTC-27SEP19-8000-C,61.54,0.015,0.1,0,1551797790318,16278654,190
2019-03-05 16:54:41.188,6.0,sell,3827.27,BTC-27SEP19-8000-C,61.41,0.015,6.0,1,1551804881188,16290311,191
2019-03-05 19:27:27.296,10.0,sell,3850.46,BTC-27SEP19-8000-C,61.1,0.015,10.0,1,1551814047296,16293388,192
2019-03-05 19:28:18.938,10.0,buy,3851.08,BTC-27SEP19-8000-C,61.08,0.015,10.0,1,1551814098938,16293470,193
2019-03-05 22:00:13.266,0.1,buy,3834.14,BTC-27SEP19-8000-C,62.99,0.017,0.1,0,1551823213266,16295901,194
2019-03-06 15:09:58.296,0.1,buy,3840.33,BTC-27SEP19-8000-C,62.1,0.016,0.1,2,1551884998296,16323245,195
2019-03-06 16:28:13.670,2.3000000000000003,buy,3842.79,BTC-27SEP19-8000-C,62.07,0.016,2.3000000000000003,3,1551889693670,16325036,196
2019-03-06 17:37:56.552,4.0,buy,3848.84,BTC-27SEP19-8000-C,62.0,0.016,4.0,3,1551893876552,16326272,197
2019-03-06 17:38:17.987,3.6,buy,3849.43,BTC-27SEP19-8000-C,62.0,0.016,3.6,3,1551893897987,16326273,198
2019-03-07 00:07:40.086,3.4,sell,3861.35,BTC-27SEP19-8000-C,61.46,0.0155,3.4,2,1551917260086,16329781,199
2019-03-07 01:18:06.123,0.1,buy,3874.2,BTC-27SEP19-8000-C,62.89,0.0175,0.1,0,1551921486123,16332209,200
2019-03-07 01:50:37.894,8.0,buy,3868.48,BTC-27SEP19-8000-C,61.31,0.0155,8.0,2,1551923437894,16334903,201
2019-03-08 10:10:58.286,5.0,sell,3869.18,BTC-27SEP19-8000-C,59.8,0.0135,5.0,2,1552039858286,16380229,202
2019-03-08 18:33:57.340,10.0,sell,3885.62,BTC-27SEP19-8000-C,60.95,0.015,10.0,0,1552070037340,16391084,203
2019-03-08 19:31:36.311,13.1,sell,3890.84,BTC-27SEP19-8000-C,61.72,0.016,13.1,0,1552073496311,16391531,204
2019-03-08 19:31:42.779,13.1,sell,3890.84,BTC-27SEP19-8000-C,61.72,0.016,13.1,1,1552073502779,16391532,205
2019-03-08 19:38:53.011,10.7,sell,3890.5,BTC-27SEP19-8000-C,61.72,0.016,10.7,1,1552073933011,16391554,206
2019-03-08 19:39:03.358,10.3,sell,3889.92,BTC-27SEP19-8000-C,61.73,0.016,10.3,1,1552073943358,16391563,207
2019-03-08 19:40:21.565,42.0,sell,3890.48,BTC-27SEP19-8000-C,61.7,0.016,42.0,1,1552074021565,16391577,208
2019-03-08 19:45:11.498,0.8,buy,3890.64,BTC-27SEP19-8000-C,62.13,0.0165,0.8,0,1552074311498,16391674,209
2019-03-09 07:02:26.008,0.1,buy,3898.01,BTC-27SEP19-8000-C,62.12,0.0165,0.1,1,1552114946008,16416431,210
2019-03-09 07:12:41.300,0.1,buy,3893.98,BTC-27SEP19-8000-C,62.19,0.0165,0.1,1,1552115561300,16418624,211
2019-03-10 18:27:42.075,0.1,sell,3880.98,BTC-27SEP19-8000-C,60.56,0.013999999999999999,0.1,2,1552242462075,16465577,212
2019-03-10 18:27:42.075,10.8,sell,3880.98,BTC-27SEP19-8000-C,60.11,0.0135,10.8,2,1552242462075,16465578,213
2019-03-11 11:08:51.180,1.0,buy,3862.83,BTC-27SEP19-8000-C,62.22,0.0155,1.0,0,1552302531180,16483140,214
2019-03-11 17:10:57.842,10.0,buy,3843.53,BTC-27SEP19-8000-C,61.26,0.013999999999999999,10.0,2,1552324257842,16494828,215
2019-03-12 03:23:17.227,0.1,buy,3816.27,BTC-27SEP19-8000-C,61.67,0.014,0.1,3,1552360997227,16507199,216
2019-03-12 12:38:57.635,10.0,buy,3868.99,BTC-27SEP19-8000-C,60.92,0.013999999999999999,10.0,3,1552394337635,16519185,217
2019-03-12 13:45:00.194,0.1,buy,3863.18,BTC-27SEP19-8000-C,61.55,0.0145,0.1,0,1552398300194,16520780,218
2019-03-12 19:38:26.067,0.1,buy,3851.48,BTC-27SEP19-8000-C,61.77,0.0145,0.1,1,1552419506067,16524899,219
2019-03-12 20:06:31.744,0.1,buy,3859.28,BTC-27SEP19-8000-C,61.69,0.0145,0.1,1,1552421191744,16525186,220
2019-03-12 22:01:00.047,0.1,buy,3864.89,BTC-27SEP19-8000-C,61.67,0.0145,0.1,1,1552428060047,16525794,221
2019-03-13 01:47:24.106,10.0,buy,3862.95,BTC-27SEP19-8000-C,61.27,0.014,10.0,2,1552441644106,16527782,222
2019-03-13 01:47:31.107,10.0,sell,3862.92,BTC-27SEP19-8000-C,61.28,0.013999999999999999,10.0,3,1552441651107,16527792,223
2019-03-14 14:12:57.047,0.1,buy,3882.75,BTC-27SEP19-8000-C,62.62,0.0155,0.1,0,1552572777047,16558478,224
2019-03-14 23:30:45.816,10.0,sell,3853.35,BTC-27SEP19-8000-C,61.26,0.0135,10.0,2,1552606245816,16574650,225
2019-03-15 00:53:59.613,5.0,buy,3859.32,BTC-27SEP19-8000-C,62.07,0.0145,5.0,0,1552611239613,16575308,226
2019-03-15 01:24:10.646,0.1,buy,3865.78,BTC-27SEP19-8000-C,61.99,0.0145,0.1,1,1552613050646,16576309,227
2019-03-15 13:10:34.755,10.0,buy,3880.14,BTC-27SEP19-8000-C,62.6,0.0155,10.0,0,1552655434755,16591155,228
2019-03-15 15:38:45.624,6.9,buy,3895.25,BTC-27SEP19-8000-C,61.14,0.013999999999999999,6.9,2,1552664325624,16595290,229
2019-03-16 01:08:16.199,0.5,buy,3909.29,BTC-27SEP19-8000-C,62.67,0.016,0.5,0,1552698496199,16604624,230
2019-03-16 13:24:20.853,1.0,buy,3980.45,BTC-27SEP19-8000-C,62.87,0.0175,1.0,0,1552742660853,16643649,231
2019-03-16 17:22:18.434,5.0,buy,3979.53,BTC-27SEP19-8000-C,62.86,0.0175,5.0,1,1552756938434,16647525,232
2019-03-16 17:22:44.708,5.0,buy,3979.56,BTC-27SEP19-8000-C,62.86,0.0175,5.0,1,1552756964708,16647530,233
2019-03-16 23:12:10.190,0.1,buy,3989.08,BTC-27SEP19-8000-C,62.73,0.0175,0.1,1,1552777930190,16649751,234
2019-03-17 14:30:03.977,5.0,sell,3971.45,BTC-27SEP19-8000-C,61.08,0.015,5.0,2,1552833003977,16663749,235
2019-03-18 00:42:56.056,0.5,sell,3981.61,BTC-27SEP19-8000-C,61.06,0.015,0.5,3,1552869776056,16669525,236
2019-03-18 16:40:27.209,2.0,sell,3967.13,BTC-27SEP19-8000-C,61.38,0.015,2.0,3,1552927227209,16691795,237
2019-03-20 00:40:41.252,2.0,sell,3988.71,BTC-27SEP19-8000-C,60.29,0.013999999999999999,2.0,2,1553042441252,16720266,238
2019-03-20 04:29:55.615,10.0,buy,3974.84,BTC-27SEP19-8000-C,60.62,0.013999999999999999,10.0,3,1553056195615,16724097,239
2019-03-20 19:50:30.233,5.0,buy,4012.92,BTC-27SEP19-8000-C,60.98,0.015,5.0,0,1553111430233,16738771,240
2019-03-20 19:55:04.512,1.0,buy,4013.22,BTC-27SEP19-8000-C,60.98,0.015,1.0,1,1553111704512,16738828,241
2019-03-20 20:57:43.952,1.0,buy,4011.43,BTC-27SEP19-8000-C,61.08,0.015,1.0,1,1553115463952,16739489,242
2019-03-21 07:55:53.852,1.0,sell,4037.0,BTC-27SEP19-8000-C,59.86,0.013999999999999999,1.0,2,1553154953852,16749853,243
2019-03-21 11:02:09.959,0.4,buy,4026.46,BTC-27SEP19-8000-C,60.96,0.015,0.4,0,1553166129959,16750921,244
2019-03-21 11:13:23.032,10.0,buy,4029.97,BTC-27SEP19-8000-C,60.87,0.015,10.0,1,1553166803032,16751027,245
2019-03-21 14:56:56.489,10.0,sell,3971.05,BTC-27SEP19-8000-C,61.47,0.0145,10.0,2,1553180216489,16761210,246
2019-03-22 04:26:34.682,5.0,sell,3971.99,BTC-27SEP19-8000-C,61.09,0.013999999999999999,5.0,2,1553228794682,16773944,247
2019-03-22 13:42:07.866,5.0,buy,3989.52,BTC-27SEP19-8000-C,61.73,0.015,5.0,0,1553262127866,16778477,248
2019-03-23 02:30:10.177,0.1,buy,3992.61,BTC-27SEP19-8000-C,61.74,0.015,0.1,1,1553308210177,16785740,249
2019-03-24 23:16:24.459,10.0,sell,3968.6,BTC-27SEP19-8000-C,61.89,0.0145,10.0,3,1553469384459,16806142,251
2019-03-24 23:16:24.459,3.0,sell,3968.6,BTC-27SEP19-8000-C,61.89,0.0145,3.0,2,1553469384459,16806141,250
2019-03-25 06:40:30.915,10.0,sell,3971.72,BTC-27SEP19-8000-C,61.46,0.014,10.0,2,1553496030915,16808572,252
2019-03-25 17:20:05.791,10.0,sell,3952.26,BTC-27SEP19-8000-C,61.44,0.0135,10.0,2,1553534405791,16815249,253
2019-03-26 02:12:39.011,0.5,sell,3913.63,BTC-27SEP19-8000-C,61.16,0.0125,0.5,2,1553566359011,16831612,254
2019-03-26 02:14:58.560,0.2,buy,3913.67,BTC-27SEP19-8000-C,62.13,0.0135,0.2,0,1553566498560,16831625,255
2019-03-26 22:39:22.371,5.0,buy,3914.68,BTC-27SEP19-8000-C,61.9,0.0125,5.0,2,1553639962371,16842445,256
2019-03-27 01:20:34.021,0.2,buy,3947.09,BTC-27SEP19-8000-C,62.2,0.0135,0.2,0,1553649634021,16847310,257
2019-03-27 01:41:10.294,0.2,buy,3976.38,BTC-27SEP19-8000-C,61.81,0.0135,0.2,1,1553650870294,16849791,258
2019-03-27 04:01:40.182,8.0,sell,3978.76,BTC-27SEP19-8000-C,60.21,0.012,8.0,3,1553659300182,16852083,260
2019-03-27 04:01:40.182,2.0,sell,3978.76,BTC-27SEP19-8000-C,60.21,0.012,2.0,2,1553659300182,16852082,259
2019-03-27 08:58:48.241,0.3,sell,3981.13,BTC-27SEP19-8000-C,60.75,0.0125,0.3,0,1553677128241,16855398,261
2019-03-27 15:45:45.340,0.4,buy,4006.0,BTC-27SEP19-8000-C,61.25,0.0135,0.4,0,1553701545340,16865537,262
2019-03-27 15:45:45.340,0.6,buy,4006.0,BTC-27SEP19-8000-C,61.25,0.0135,0.6,1,1553701545340,16865538,263
2019-03-27 17:37:22.354,10.0,sell,4009.67,BTC-27SEP19-8000-C,60.77,0.013,10.0,2,1553708242354,16867196,264
2019-03-27 17:38:11.958,10.0,sell,4009.65,BTC-27SEP19-8000-C,60.77,0.013,10.0,3,1553708291958,16867198,265
2019-03-27 17:40:53.655,0.4,buy,4008.39,BTC-27SEP19-8000-C,61.27,0.0135,0.4,0,1553708453655,16867211,266
2019-03-27 17:40:53.655,1.0,buy,4008.39,BTC-27SEP19-8000-C,61.27,0.0135,1.0,1,1553708453655,16867212,267
2019-03-27 17:40:53.655,1.0,buy,4008.39,BTC-27SEP19-8000-C,61.27,0.0135,1.0,1,1553708453655,16867213,268
2019-03-27 17:40:53.655,1.0,buy,4008.39,BTC-27SEP19-8000-C,61.27,0.0135,1.0,1,1553708453655,16867214,269
2019-03-27 17:41:09.606,10.0,sell,4008.33,BTC-27SEP19-8000-C,60.8,0.013,10.0,2,1553708469606,16867219,270
2019-03-27 17:43:52.078,10.0,sell,4010.62,BTC-27SEP19-8000-C,60.76,0.013,10.0,3,1553708632078,16867243,271
2019-03-27 18:16:21.724,10.0,sell,4011.7,BTC-27SEP19-8000-C,60.73,0.013,10.0,3,1553710581724,16867351,272
2019-03-28 05:25:35.095,10.0,sell,3997.59,BTC-27SEP19-8000-C,61.87,0.014,10.0,0,1553750735095,16920714,273
2019-03-28 10:37:00.858,10.0,sell,4004.32,BTC-27SEP19-8000-C,61.18,0.0135,10.0,2,1553769420858,16923768,274
2019-03-28 10:37:13.226,10.0,sell,4004.35,BTC-27SEP19-8000-C,61.18,0.0135,10.0,3,1553769433226,16923769,275
2019-03-28 14:03:05.694,0.3,buy,4011.79,BTC-27SEP19-8000-C,61.62,0.014,0.3,0,1553781785694,16925696,276
2019-03-28 14:03:28.128,0.3,buy,4012.07,BTC-27SEP19-8000-C,61.62,0.014,0.3,1,1553781808128,16925698,277
2019-03-28 14:03:37.025,2.4,buy,4011.83,BTC-27SEP19-8000-C,61.63,0.014,2.4,1,1553781817025,16925699,278
2019-03-28 14:54:35.802,7.0,buy,4015.51,BTC-27SEP19-8000-C,61.58,0.014,7.0,1,1553784875802,16925980,279
2019-03-31 23:10:25.153,0.1,buy,4093.51,BTC-27SEP19-8000-C,63.04,0.0165,0.1,0,1554073825153,16992319,280
2019-03-31 23:28:56.717,10.2,sell,4093.27,BTC-27SEP19-8000-C,61.79,0.015,10.2,2,1554074936717,16992421,281
2019-03-31 23:32:53.644,15.5,sell,4093.4,BTC-27SEP19-8000-C,61.35,0.0145,15.5,2,1554075173644,16992425,282
2019-04-01 00:39:08.187,0.1,buy,4096.9,BTC-27SEP19-8000-C,63.43,0.017,0.1,0,1554079148187,16995714,283
2019-04-01 06:49:33.393,10.0,sell,4124.57,BTC-27SEP19-8000-C,63.48,0.0175,10.0,0,1554101373393,17001357,284
2019-04-01 07:15:50.465,10.0,sell,4126.67,BTC-27SEP19-8000-C,63.01,0.017,10.0,2,1554102950465,17001508,285
2019-04-01 09:18:29.546,0.5,sell,4123.61,BTC-27SEP19-8000-C,62.71,0.0165,0.5,2,1554110309546,17003024,286
2019-04-01 10:55:17.328,10.0,buy,4114.74,BTC-27SEP19-8000-C,63.27,0.017,10.0,0,1554116117328,17003674,287
2019-04-01 11:17:06.825,6.1000000000000005,buy,4115.0,BTC-27SEP19-8000-C,63.3,0.017,6.1000000000000005,1,1554117426825,17003951,288
2019-04-01 11:17:17.314,9.5,sell,4115.07,BTC-27SEP19-8000-C,62.88,0.0165,9.5,2,1554117437314,17003952,289
2019-04-02 05:16:55.068,0.1,buy,4773.45,BTC-27SEP19-8000-C,62.71,0.032,0.1,0,1554182215068,17053174,290
2019-04-02 05:58:46.308,0.1,buy,4739.22,BTC-27SEP19-8000-C,58.76,0.025,0.1,2,1554184726308,17075541,291
2019-04-02 12:18:21.722,10.0,sell,4791.29,BTC-27SEP19-8000-C,63.74,0.035,10.0,0,1554207501722,17108460,292
2019-04-03 01:57:05.003,1.0,sell,4982.81,BTC-27SEP19-8000-C,62.37,0.0375,1.0,0,1554256625003,17166372,293
2019-04-03 01:59:00.938,10.0,buy,4981.6,BTC-27SEP19-8000-C,66.06,0.0445,10.0,0,1554256740938,17166437,294
2019-04-03 18:06:50.138,1.0,sell,5131.22,BTC-27SEP19-8000-C,64.04,0.0455,1.0,0,1554314810138,17221686,295
2019-04-03 18:22:33.274,2.0,buy,5143.55,BTC-27SEP19-8000-C,65.96,0.05,2.0,0,1554315753274,17221999,296
2019-04-03 18:24:48.752,2.0,buy,5144.3,BTC-27SEP19-8000-C,66.46,0.051,2.0,0,1554315888752,17222041,297
2019-04-04 03:00:56.531,10.0,buy,5012.2,BTC-27SEP19-8000-C,69.44,0.0525,10.0,0,1554346856531,17288414,298
2019-04-04 03:01:08.346,4.1,buy,5014.39,BTC-27SEP19-8000-C,69.41,0.0525,4.1,1,1554346868346,17288431,299
2019-04-04 03:01:08.348,5.9,sell,5014.39,BTC-27SEP19-8000-C,69.41,0.0525,5.9,1,1554346868348,17288432,300
2019-04-04 03:01:20.198,10.0,buy,5014.73,BTC-27SEP19-8000-C,69.88,0.0535,10.0,0,1554346880198,17288437,301
2019-04-04 03:01:20.200,1.0,sell,5014.73,BTC-27SEP19-8000-C,69.88,0.0535,1.0,1,1554346880200,17288438,302
2019-04-04 03:02:11.248,14.1,buy,5012.15,BTC-27SEP19-8000-C,70.83,0.0555,14.1,0,1554346931248,17288452,303
2019-04-04 03:02:11.248,5.9,buy,5012.15,BTC-27SEP19-8000-C,70.83,0.0555,5.9,1,1554346931248,17288453,304
2019-04-04 03:02:44.333,14.1,buy,5010.16,BTC-27SEP19-8000-C,70.46,0.0545,14.1,2,1554346964333,17288468,305
2019-04-04 03:02:44.336,5.9,sell,5010.16,BTC-27SEP19-8000-C,70.46,0.0545,5.9,3,1554346964336,17288469,306
2019-04-04 03:03:59.717,14.1,buy,5012.06,BTC-27SEP19-8000-C,72.24,0.0585,14.1,0,1554347039717,17288482,307
2019-04-04 03:03:59.718,0.9,sell,5012.06,BTC-27SEP19-8000-C,72.24,0.0585,0.9,1,1554347039718,17288483,308
2019-04-06 18:05:06.031,14.4,buy,5149.18,BTC-27SEP19-8000-C,67.35,0.0535,14.4,2,1554573906031,17416383,309
2019-04-06 18:26:32.524,14.4,buy,5147.9,BTC-27SEP19-8000-C,67.5,0.0535,14.4,3,1554575192524,17417162,310
2019-04-06 18:56:09.015,14.4,buy,5178.1,BTC-27SEP19-8000-C,67.67,0.055,14.4,0,1554576969015,17418507,311
2019-04-06 19:02:59.682,14.4,buy,5163.27,BTC-27SEP19-8000-C,67.69,0.0545,14.4,2,1554577379682,17418823,312
2019-04-06 19:03:21.193,14.4,buy,5159.32,BTC-27SEP19-8000-C,67.66,0.0545,14.4,3,1554577401193,17418841,313
2019-04-06 19:04:20.488,14.4,buy,5160.14,BTC-27SEP19-8000-C,67.72,0.0545,14.4,3,1554577460488,17418878,314
2019-04-06 19:09:01.943,14.4,buy,5166.64,BTC-27SEP19-8000-C,67.54,0.0545,14.4,3,1554577741943,17419035,315
2019-04-06 19:17:49.987,14.4,buy,5182.74,BTC-27SEP19-8000-C,67.52,0.055,14.4,0,1554578269987,17419443,316
2019-04-06 19:21:58.346,14.4,buy,5181.05,BTC-27SEP19-8000-C,67.39,0.055,14.4,1,1554578518346,17419647,317
2019-04-06 19:26:39.974,14.4,buy,5188.67,BTC-27SEP19-8000-C,67.48,0.0555,14.4,0,1554578799974,17419898,318
2019-04-06 19:36:20.625,1.0,sell,5179.62,BTC-27SEP19-8000-C,66.11,0.052000000000000005,1.0,2,1554579380625,17420097,319
2019-04-07 10:08:27.057,1.0,sell,5144.12,BTC-27SEP19-8000-C,66.01,0.0505,1.0,2,1554631707057,17463462,320
2019-04-08 02:59:48.437,6.7,sell,5288.5,BTC-27SEP19-8000-C,67.75,0.0605,6.7,0,1554692388437,17508962,321
2019-04-08 06:34:45.475,5.0,buy,5260.99,BTC-27SEP19-8000-C,68.49,0.061,5.0,0,1554705285475,17515447,322
2019-04-08 06:37:17.098,43.1,buy,5265.02,BTC-27SEP19-8000-C,66.17,0.056,43.1,2,1554705437098,17515533,323
2019-04-08 11:16:48.233,2.0,buy,5201.78,BTC-27SEP19-8000-C,68.5,0.058,2.0,0,1554722208233,17525838,324
