date_utc,amount,direction,indexPrice,instrument,iv,price,quantity,tickDirection,timeStamp,tradeId,tradeSeq
2019-05-11 06:12:40.772,3.8,buy,6869.8,BTC-17MAY19-7250-P,81.97,0.0765,3.8,1,1557555160772,19485450,1
2019-05-11 06:12:41.220,0.9,buy,6867.41,BTC-17MAY19-7250-P,81.4,0.0765,0.9,1,1557555161220,19485465,2
2019-05-11 06:12:41.269,0.3,buy,6867.41,BTC-17MAY19-7250-P,80.32,0.076,0.3,2,1557555161269,19485466,3
2019-05-11 07:15:16.162,0.2,buy,6807.37,BTC-17MAY19-7250-P,71.73,0.079,0.2,0,1557558916162,19522144,4
2019-05-11 07:15:18.954,0.2,buy,6807.4,BTC-17MAY19-7250-P,71.74,0.079,0.2,1,1557558918954,19522150,5
2019-05-11 07:15:20.499,0.2,buy,6807.83,BTC-17MAY19-7250-P,71.86,0.079,0.2,1,1557558920499,19522155,6
2019-05-11 07:15:20.734,0.2,buy,6807.83,BTC-17MAY19-7250-P,71.86,0.079,0.2,1,1557558920734,19522157,7
2019-05-11 07:15:21.749,0.2,buy,6807.84,BTC-17MAY19-7250-P,71.86,0.079,0.2,1,1557558921749,19522163,8
2019-05-11 07:16:36.143,0.2,buy,6817.31,BTC-17MAY19-7250-P,74.52,0.079,0.2,1,1557558996143,19522377,9
2019-05-11 07:16:36.949,0.2,buy,6816.6,BTC-17MAY19-7250-P,74.33,0.079,0.2,1,1557558996949,19522384,10
2019-05-11 07:16:38.704,0.2,buy,6816.06,BTC-17MAY19-7250-P,74.18,0.079,0.2,1,1557558998704,19522387,11
2019-05-11 07:16:39.694,0.2,buy,6816.06,BTC-17MAY19-7250-P,74.18,0.079,0.2,1,1557558999694,19522389,12
2019-05-11 07:16:42.752,0.2,buy,6815.38,BTC-17MAY19-7250-P,73.99,0.079,0.2,1,1557559002752,19522395,13
2019-05-11 07:49:44.850,5.0,sell,6795.35,BTC-17MAY19-7250-P,80.26,0.084,5.0,0,1557560984850,19528263,14
2019-05-11 07:49:45.156,4.8,sell,6795.35,BTC-17MAY19-7250-P,81.41,0.0845,4.8,0,1557560985156,19528264,15
2019-05-11 07:51:28.842,5.0,sell,6786.62,BTC-17MAY19-7250-P,80.18,0.085,5.0,0,1557561088842,19528881,16
2019-05-11 07:51:29.957,5.0,sell,6787.68,BTC-17MAY19-7250-P,80.47,0.085,5.0,1,1557561089957,19528882,17
2019-05-11 07:51:54.177,5.0,sell,6776.14,BTC-17MAY19-7250-P,79.59,0.086,5.0,0,1557561114177,19528960,18
2019-05-11 07:51:58.859,5.0,sell,6774.07,BTC-17MAY19-7250-P,79.0,0.086,5.0,1,1557561118859,19528996,19
2019-05-11 07:52:00.486,5.0,sell,6778.55,BTC-17MAY19-7250-P,79.1,0.0855,5.0,2,1557561120486,19529063,20
2019-05-11 09:46:26.023,0.2,buy,6809.41,BTC-17MAY19-7250-P,93.46,0.08800000000000001,0.2,0,1557567986023,19545594,21
2019-05-11 09:46:26.784,0.2,buy,6809.41,BTC-17MAY19-7250-P,93.46,0.08800000000000001,0.2,1,1557567986784,19545598,22
2019-05-11 09:46:26.815,0.2,buy,6809.59,BTC-17MAY19-7250-P,93.51,0.08800000000000001,0.2,1,1557567986815,19545600,23
2019-05-11 09:46:26.981,0.2,buy,6809.59,BTC-17MAY19-7250-P,93.51,0.08800000000000001,0.2,1,1557567986981,19545602,24
2019-05-11 22:16:08.685,12.0,buy,7127.7,BTC-17MAY19-7250-P,88.64,0.0525,12.0,2,1557612968685,19661143,25
2019-05-11 22:16:08.685,0.1,buy,7127.7,BTC-17MAY19-7250-P,88.64,0.0525,0.1,3,1557612968685,19661144,26
2019-05-11 22:40:18.562,0.2,buy,7259.86,BTC-17MAY19-7250-P,94.34,0.045,0.2,2,1557614418562,19679837,27
2019-05-11 22:40:19.379,1.0,buy,7257.92,BTC-17MAY19-7250-P,94.06,0.045,1.0,3,1557614419379,19679852,28
2019-05-11 22:40:19.379,0.1,buy,7257.92,BTC-17MAY19-7250-P,94.06,0.045,0.1,3,1557614419379,19679853,29
2019-05-11 22:56:16.004,0.1,buy,7274.88,BTC-17MAY19-7250-P,92.49,0.043,0.1,2,1557615376004,19689284,30
2019-05-11 23:07:06.577,0.1,buy,7301.47,BTC-17MAY19-7250-P,97.4,0.0435,0.1,0,1557616026577,19692910,31
2019-05-11 23:08:29.992,0.1,sell,7337.05,BTC-17MAY19-7250-P,97.13,0.040999999999999995,0.1,2,1557616109992,19694027,32
2019-05-11 23:09:09.697,0.1,sell,7325.16,BTC-17MAY19-7250-P,98.64,0.0425,0.1,0,1557616149697,19694460,33
2019-05-11 23:17:43.858,0.4,buy,7348.03,BTC-17MAY19-7250-P,100.78,0.042,0.4,2,1557616663858,19703824,34
2019-05-11 23:17:43.992,0.4,buy,7348.03,BTC-17MAY19-7250-P,100.78,0.042,0.4,3,1557616663992,19703828,35
2019-05-11 23:17:44.047,0.2,buy,7348.03,BTC-17MAY19-7250-P,100.78,0.042,0.2,3,1557616664047,19703830,36
2019-05-11 23:40:10.233,0.2,sell,7365.76,BTC-17MAY19-7250-P,99.1,0.04,0.2,2,1557618010233,19717484,37
2019-05-11 23:47:08.696,0.2,sell,7356.05,BTC-17MAY19-7250-P,104.16,0.043,0.2,0,1557618428696,19722443,38
2019-05-11 23:47:13.690,0.2,sell,7357.35,BTC-17MAY19-7250-P,104.34,0.043,0.2,1,1557618433690,19722488,39
2019-05-11 23:47:20.184,0.2,sell,7361.18,BTC-17MAY19-7250-P,104.85,0.043,0.2,1,1557618440184,19722515,40
2019-05-11 23:47:41.147,0.4,sell,7363.04,BTC-17MAY19-7250-P,105.11,0.043,0.4,1,1557618461147,19722667,41
2019-05-11 23:56:12.055,0.4,buy,7251.4,BTC-17MAY19-7250-P,101.86,0.049,0.4,0,1557618972055,19729522,42
2019-05-12 00:07:19.474,0.4,sell,7278.11,BTC-17MAY19-7250-P,103.81,0.048,0.4,2,1557619639474,19734723,43
2019-05-12 00:38:38.143,0.4,buy,6950.17,BTC-17MAY19-7250-P,99.66,0.0735,0.4,0,1557621518143,19755684,44
2019-05-12 00:41:20.479,0.4,buy,7027.91,BTC-17MAY19-7250-P,95.24,0.064,0.4,2,1557621680479,19758332,45
2019-05-12 01:50:39.855,0.4,sell,7207.41,BTC-17MAY19-7250-P,102.09,0.052000000000000005,0.4,2,1557625839855,19781651,46
2019-05-12 02:45:53.892,0.4,sell,7246.32,BTC-17MAY19-7250-P,100.13,0.048,0.4,2,1557629153892,19790193,47
2019-05-12 04:41:36.557,0.6,buy,7209.42,BTC-17MAY19-7250-P,89.85,0.0455,0.6,2,1557636096557,19806647,48
2019-05-12 06:16:30.059,0.2,buy,7299.53,BTC-17MAY19-7250-P,99.94,0.0435,0.2,2,1557641790059,19819248,49
2019-05-12 06:47:20.795,0.1,buy,7384.28,BTC-17MAY19-7250-P,115.36,0.045,0.1,0,1557643640795,19826279,50
2019-05-12 06:47:55.364,1.0,sell,7397.95,BTC-17MAY19-7250-P,116.14,0.0445,1.0,2,1557643675364,19826384,51
2019-05-12 07:08:57.098,10.0,sell,7465.85,BTC-17MAY19-7250-P,115.32,0.04,10.0,2,1557644937098,19829328,52
2019-05-12 07:09:32.185,0.4,sell,7467.73,BTC-17MAY19-7250-P,112.23,0.0385,0.4,2,1557644972185,19830120,53
2019-05-12 07:10:35.311,0.4,sell,7470.56,BTC-17MAY19-7250-P,112.6,0.0385,0.4,3,1557645035311,19830556,54
2019-05-12 07:11:08.767,0.2,sell,7490.64,BTC-17MAY19-7250-P,115.11,0.0385,0.2,3,1557645068767,19830726,55
2019-05-12 07:11:55.203,0.4,buy,7486.03,BTC-17MAY19-7250-P,116.78,0.0395,0.4,0,1557645115203,19831048,56
2019-05-12 07:13:13.187,0.4,buy,7516.16,BTC-17MAY19-7250-P,119.41,0.039,0.4,2,1557645193187,19831787,57
2019-05-12 07:13:13.210,0.1,sell,7516.16,BTC-17MAY19-7250-P,119.41,0.039,0.1,3,1557645193210,19831790,58
2019-05-12 07:40:52.697,0.9,buy,7532.48,BTC-17MAY19-7250-P,119.38,0.038,0.9,2,1557646852697,19838450,59
2019-05-12 07:44:42.358,0.2,sell,7514.54,BTC-17MAY19-7250-P,105.89,0.033,0.2,2,1557647082358,19839528,60
2019-05-12 07:44:57.348,0.1,sell,7505.56,BTC-17MAY19-7250-P,102.54,0.032,0.1,3,1557647097348,19839631,69
2019-05-12 07:44:57.348,0.3,sell,7505.56,BTC-17MAY19-7250-P,102.54,0.032,0.3,3,1557647097348,19839625,63
2019-05-12 07:44:57.348,0.3,sell,7505.56,BTC-17MAY19-7250-P,102.54,0.032,0.3,2,1557647097348,19839623,61
2019-05-12 07:44:57.348,0.3,sell,7505.56,BTC-17MAY19-7250-P,102.54,0.032,0.3,3,1557647097348,19839628,66
2019-05-12 07:44:57.348,0.3,sell,7505.56,BTC-17MAY19-7250-P,102.54,0.032,0.3,3,1557647097348,19839627,65
2019-05-12 07:44:57.348,0.3,sell,7505.56,BTC-17MAY19-7250-P,102.54,0.032,0.3,3,1557647097348,19839626,64
2019-05-12 07:44:57.348,0.3,sell,7505.56,BTC-17MAY19-7250-P,102.54,0.032,0.3,3,1557647097348,19839630,68
2019-05-12 07:44:57.348,0.3,sell,7505.56,BTC-17MAY19-7250-P,102.54,0.032,0.3,3,1557647097348,19839629,67
2019-05-12 07:44:57.348,0.3,sell,7505.56,BTC-17MAY19-7250-P,102.54,0.032,0.3,3,1557647097348,19839624,62
2019-05-12 08:01:13.637,1.0,sell,7534.95,BTC-17MAY19-7250-P,106.15,0.032,1.0,3,1557648073637,19842328,70
2019-05-12 08:03:07.211,0.9,sell,7553.83,BTC-17MAY19-7250-P,103.75,0.03,0.9,2,1557648187211,19842832,71
2019-05-12 08:10:38.922,0.8,buy,7548.3,BTC-17MAY19-7250-P,98.52,0.027999999999999997,0.8,2,1557648638922,19844881,72
2019-05-12 08:11:02.362,0.2,buy,7545.12,BTC-17MAY19-7250-P,98.16,0.027999999999999997,0.2,3,1557648662362,19844962,73
2019-05-12 08:12:48.452,0.4,buy,7339.0,BTC-17MAY19-7250-P,90.16,0.036000000000000004,0.4,0,1557648768452,19847972,75
2019-05-12 08:12:48.452,1.0,buy,7339.0,BTC-17MAY19-7250-P,89.07,0.0355,1.0,0,1557648768452,19847971,74
2019-05-12 08:39:31.034,0.4,sell,7353.44,BTC-17MAY19-7250-P,101.05,0.04,0.4,0,1557650371034,19866052,76
2019-05-12 08:50:11.040,2.0,buy,7391.77,BTC-17MAY19-7250-P,98.68,0.0365,2.0,2,1557651011040,19868208,77
2019-05-12 09:28:22.757,0.2,sell,7555.78,BTC-17MAY19-7250-P,106.92,0.031,0.2,2,1557653302757,19876677,78
2019-05-12 10:22:05.809,0.4,sell,7439.95,BTC-17MAY19-7250-P,98.92,0.0335,0.4,0,1557656525809,19902728,79
2019-05-12 10:27:14.572,1.0,buy,7353.57,BTC-17MAY19-7250-P,94.14,0.0365,1.0,0,1557656834572,19904909,80
2019-05-12 11:06:41.049,0.4,sell,7245.34,BTC-17MAY19-7250-P,95.89,0.0445,0.4,0,1557659201049,19923533,81
2019-05-12 11:08:56.737,1.0,buy,7236.19,BTC-17MAY19-7250-P,114.0,0.0535,1.0,0,1557659336737,19924403,82
2019-05-12 11:32:57.659,0.1,buy,7078.19,BTC-17MAY19-7250-P,87.5,0.054000000000000006,0.1,0,1557660777659,19937467,83
2019-05-12 11:37:47.274,1.1,buy,7028.13,BTC-17MAY19-7250-P,90.74,0.06,1.1,0,1557661067274,19941456,84
