date_utc,amount,direction,indexPrice,instrument,iv,price,quantity,tickDirection,timeStamp,tradeId,tradeSeq
2019-03-27 00:52:42.120,10.0,sell,134.19,ETH-27SEP19-120-P,72.35,0.142,10.0,1,1553647962120,163273,1
2019-03-27 00:54:03.211,10.0,sell,134.53,ETH-27SEP19-120-P,72.47,0.141,10.0,2,1553648043211,163378,2
2019-03-27 01:01:13.522,10.0,sell,135.2,ETH-27SEP19-120-P,72.63,0.139,10.0,2,1553648473522,163750,3
2019-03-27 01:37:24.342,10.0,sell,136.78,ETH-27SEP19-120-P,72.52,0.134,10.0,2,1553650644342,165336,4
2019-03-27 14:57:36.411,100.0,sell,137.61,ETH-27SEP19-120-P,71.28,0.127,100.0,2,1553698656411,175188,5
2019-03-28 14:24:23.303,120.0,sell,137.66,ETH-27SEP19-120-P,69.78,0.123,120.0,2,1553783063303,185794,6
2019-03-28 14:24:24.813,120.0,buy,137.65,ETH-27SEP19-120-P,66.09,0.114,120.0,2,1553783064813,185802,7
2019-03-28 15:18:07.517,120.0,sell,137.88,ETH-27SEP19-120-P,67.49,0.11699999999999999,120.0,0,1553786287517,186307,8
2019-03-28 18:18:45.717,1.0,sell,137.52,ETH-27SEP19-120-P,68.23,0.11900000000000001,1.0,0,1553797125717,187252,9
2019-03-30 05:47:16.967,20.0,sell,142.31,ETH-27SEP19-120-P,66.03,0.094,20.0,2,1553924836967,214219,10
2019-04-02 13:56:54.283,4.0,sell,160.22,ETH-27SEP19-120-P,67.1,0.06,4.0,2,1554213414283,300305,11
2019-04-02 13:57:35.715,4.0,sell,160.21,ETH-27SEP19-120-P,67.07,0.06,4.0,3,1554213455715,300360,12
2019-04-02 13:58:24.567,8.0,sell,160.16,ETH-27SEP19-120-P,67.07,0.06,8.0,3,1554213504567,300402,13
2019-04-02 13:58:36.856,4.0,buy,160.14,ETH-27SEP19-120-P,67.08,0.06,4.0,3,1554213516856,300414,14
2019-04-02 15:42:01.342,20.0,buy,155.36,ETH-27SEP19-120-P,72.57,0.078,20.0,0,1554219721342,306497,15
2019-04-03 11:21:37.684,5.0,buy,166.86,ETH-27SEP19-120-P,77.33,0.065,5.0,2,1554290497684,370062,16
2019-04-06 23:25:08.140,2.0,sell,164.95,ETH-27SEP19-120-P,74.58,0.062,2.0,2,1554593108140,529281,17
2019-04-08 02:59:42.417,60.0,sell,182.67,ETH-27SEP19-120-P,81.69,0.046,60.0,2,1554692382417,602873,18
2019-04-08 05:14:47.685,3.0,sell,183.5,ETH-27SEP19-120-P,75.14,0.036000000000000004,3.0,2,1554700487685,608812,19
2019-04-08 05:15:26.915,7.0,sell,183.49,ETH-27SEP19-120-P,75.14,0.036000000000000004,7.0,3,1554700526915,608823,20
2019-04-08 13:45:10.200,1.0,buy,177.91,ETH-27SEP19-120-P,88.81,0.063,1.0,0,1554731110200,635948,21
2019-04-08 14:46:17.654,254.0,buy,178.33,ETH-27SEP19-120-P,86.16,0.057999999999999996,254.0,2,1554734777654,638201,22
2019-04-08 14:50:12.360,10.0,sell,178.66,ETH-27SEP19-120-P,76.37,0.043,10.0,2,1554735012360,638315,23
2019-04-09 11:45:34.047,1.0,buy,177.74,ETH-27SEP19-120-P,84.08,0.054000000000000006,1.0,0,1554810334047,695693,24
2019-04-11 16:26:13.297,2.0,sell,163.93,ETH-27SEP19-120-P,76.23,0.063,2.0,0,1554999973297,835218,25
2019-04-11 16:26:46.821,2.0,buy,163.88,ETH-27SEP19-120-P,78.9,0.068,2.0,0,1555000006821,835223,26
2019-04-11 16:27:00.431,2.0,sell,163.85,ETH-27SEP19-120-P,76.03,0.063,2.0,2,1555000020431,835224,27
2019-04-11 16:27:13.802,2.0,buy,163.85,ETH-27SEP19-120-P,78.88,0.068,2.0,0,1555000033802,835225,28
2019-04-11 16:27:25.582,2.0,sell,163.84,ETH-27SEP19-120-P,76.04,0.063,2.0,2,1555000045582,835226,29
2019-04-11 16:27:35.988,2.0,buy,163.84,ETH-27SEP19-120-P,78.88,0.068,2.0,0,1555000055988,835227,30
2019-04-11 16:27:46.948,2.0,sell,163.83,ETH-27SEP19-120-P,76.04,0.063,2.0,2,1555000066948,835229,31
2019-04-11 16:27:58.457,2.0,buy,163.85,ETH-27SEP19-120-P,78.33,0.067,2.0,0,1555000078457,835230,32
2019-04-11 16:30:41.374,2.0,sell,163.55,ETH-27SEP19-120-P,75.75,0.063,2.0,2,1555000241374,835294,33
2019-04-11 16:30:50.784,2.0,buy,163.48,ETH-27SEP19-120-P,78.56,0.068,2.0,0,1555000250784,835325,34
2019-04-11 16:31:49.946,2.0,sell,164.26,ETH-27SEP19-120-P,75.28,0.061,2.0,2,1555000309946,835485,35
2019-04-11 16:32:07.327,2.0,buy,163.99,ETH-27SEP19-120-P,78.56,0.067,2.0,0,1555000327327,835517,36
2019-04-11 16:32:16.280,2.0,sell,164.02,ETH-27SEP19-120-P,76.37,0.063,2.0,2,1555000336280,835523,37
2019-04-11 16:32:26.765,2.0,buy,164.17,ETH-27SEP19-120-P,78.11,0.066,2.0,0,1555000346765,835556,38
2019-04-12 06:51:30.556,89.0,sell,164.31,ETH-27SEP19-120-P,70.52,0.053,89.0,2,1555051890556,865487,39
2019-04-14 07:22:42.922,119.0,sell,162.72,ETH-27SEP19-120-P,71.7,0.059,119.0,0,1555226562922,921927,40
2019-04-14 07:22:49.158,119.0,sell,162.72,ETH-27SEP19-120-P,71.11,0.058,119.0,2,1555226569158,921928,41
2019-04-14 14:44:59.957,40.0,sell,163.72,ETH-27SEP19-120-P,69.75,0.054000000000000006,40.0,2,1555253099957,926825,43
2019-04-14 14:44:59.957,60.0,sell,163.72,ETH-27SEP19-120-P,70.33,0.055,60.0,2,1555253099957,926824,42
2019-04-14 15:18:25.717,100.0,sell,163.95,ETH-27SEP19-120-P,70.14,0.054000000000000006,100.0,3,1555255105717,927456,44
2019-04-15 20:34:13.035,59.0,sell,159.7,ETH-27SEP19-120-P,71.3,0.061,59.0,0,1555360453035,980596,45
2019-04-15 20:34:27.975,59.0,sell,159.82,ETH-27SEP19-120-P,70.27,0.059,59.0,2,1555360467975,980621,46
2019-04-16 02:51:13.933,5.0,buy,160.69,ETH-27SEP19-120-P,71.22,0.06,5.0,1,1555383073933,994627,48
2019-04-16 02:51:13.933,10.0,buy,160.69,ETH-27SEP19-120-P,71.22,0.06,10.0,0,1555383073933,994626,47
2019-04-16 06:31:26.850,250.0,sell,162.1,ETH-27SEP19-120-P,70.06,0.056,250.0,2,1555396286850,1002510,49
2019-04-16 08:56:12.564,250.0,sell,162.78,ETH-27SEP19-120-P,69.42,0.054000000000000006,250.0,3,1555404972564,1005654,52
2019-04-16 08:56:12.564,120.0,sell,162.78,ETH-27SEP19-120-P,69.42,0.054000000000000006,120.0,2,1555404972564,1005652,50
2019-04-16 08:56:12.564,60.0,sell,162.78,ETH-27SEP19-120-P,69.42,0.054000000000000006,60.0,3,1555404972564,1005653,51
2019-04-16 16:52:20.350,100.0,sell,164.49,ETH-27SEP19-120-P,68.75,0.05,100.0,2,1555433540350,1014912,53
2019-04-17 00:46:40.501,86.0,sell,167.04,ETH-27SEP19-120-P,70.46,0.05,86.0,3,1555462000501,1029512,54
2019-04-18 17:03:27.618,5.0,buy,174.58,ETH-27SEP19-120-P,70.92,0.04,5.0,2,1555607007618,1068397,55
2019-04-18 17:09:00.806,5.0,buy,173.87,ETH-27SEP19-120-P,70.34,0.04,5.0,3,1555607340806,1068654,56
2019-04-19 01:13:55.079,60.0,sell,172.14,ETH-27SEP19-120-P,70.3,0.042,60.0,0,1555636435079,1080214,57
2019-04-19 14:18:38.782,60.0,buy,172.61,ETH-27SEP19-120-P,71.33,0.043,60.0,0,1555683518782,1093720,58
2019-04-19 14:20:05.674,60.0,buy,172.68,ETH-27SEP19-120-P,71.28,0.043,60.0,1,1555683605674,1093752,59
2019-04-20 01:16:13.415,1.0,sell,173.7,ETH-27SEP19-120-P,67.71,0.037000000000000005,1.0,2,1555722973415,1105627,60
2019-04-24 07:16:12.499,3.0,buy,169.07,ETH-27SEP19-120-P,67.24,0.04,3.0,0,1556090172499,1201745,61
2019-04-24 08:25:31.413,2.0,sell,164.96,ETH-27SEP19-120-P,66.33,0.044000000000000004,2.0,0,1556094331413,1208570,62
2019-04-24 11:20:27.233,5.0,sell,163.86,ETH-27SEP19-120-P,67.31,0.047,5.0,0,1556104827233,1211047,63
2019-04-24 11:21:12.349,5.0,sell,163.72,ETH-27SEP19-120-P,67.16,0.047,5.0,1,1556104872349,1211067,64
2019-04-24 12:27:27.590,10.0,sell,165.27,ETH-27SEP19-120-P,67.26,0.045,10.0,2,1556108847590,1211728,65
2019-04-24 12:37:03.989,2.0,buy,165.22,ETH-27SEP19-120-P,69.72,0.049,2.0,0,1556109423989,1211764,66
2019-04-24 18:11:27.638,10.0,buy,161.12,ETH-27SEP19-120-P,66.37,0.049,10.0,1,1556129487638,1217910,67
2019-04-24 18:11:36.632,1.0,buy,161.08,ETH-27SEP19-120-P,66.95,0.05,1.0,0,1556129496632,1217913,68
2019-04-24 18:11:36.632,1.0,buy,161.08,ETH-27SEP19-120-P,66.95,0.05,1.0,1,1556129496632,1217914,69
2019-04-25 10:56:22.425,2.0,sell,164.04,ETH-27SEP19-120-P,64.23,0.042,2.0,2,1556189782425,1231149,70
2019-04-25 13:34:30.858,120.0,sell,163.51,ETH-27SEP19-120-P,61.34,0.038,120.0,2,1556199270858,1232484,71
2019-04-25 13:36:18.280,120.0,sell,163.55,ETH-27SEP19-120-P,59.47,0.035,120.0,2,1556199378280,1232536,72
2019-04-25 20:13:24.527,270.0,sell,164.28,ETH-27SEP19-120-P,61.0,0.037000000000000005,270.0,0,1556223204527,1237234,73
2019-04-25 20:13:29.249,60.0,sell,164.28,ETH-27SEP19-120-P,60.36,0.036000000000000004,60.0,2,1556223209249,1237237,74
2019-04-25 20:13:29.249,150.0,sell,164.28,ETH-27SEP19-120-P,59.69,0.035,150.0,2,1556223209249,1237238,75
2019-04-25 20:19:05.796,1.0,buy,164.42,ETH-27SEP19-120-P,61.95,0.038,1.0,0,1556223545796,1237533,76
2019-04-25 22:02:15.406,52.0,buy,158.33,ETH-27SEP19-120-P,61.73,0.046,52.0,0,1556229735406,1241815,77
2019-04-26 02:25:06.048,120.0,sell,152.77,ETH-27SEP19-120-P,64.71,0.059000000000000004,120.0,0,1556245506048,1263867,78
2019-04-26 02:25:11.217,5.0,sell,152.84,ETH-27SEP19-120-P,64.79,0.059000000000000004,5.0,1,1556245511217,1263875,79
2019-04-26 02:33:06.352,120.0,sell,153.37,ETH-27SEP19-120-P,65.12,0.059000000000000004,120.0,1,1556245986352,1264122,80
2019-04-26 02:38:21.509,55.0,sell,153.93,ETH-27SEP19-120-P,65.76,0.059000000000000004,55.0,1,1556246301509,1264441,81
2019-04-26 07:41:33.601,3.0,buy,151.7,ETH-27SEP19-120-P,65.01,0.06,3.0,0,1556264493601,1270858,82
2019-04-26 16:19:44.378,144.0,buy,150.98,ETH-27SEP19-120-P,64.59,0.06,144.0,1,1556295584378,1277640,83
2019-04-26 16:26:33.984,144.0,buy,150.23,ETH-27SEP19-120-P,64.83,0.062,144.0,0,1556295993984,1277844,84
2019-04-26 18:39:30.766,200.0,sell,151.2,ETH-27SEP19-120-P,61.53,0.054000000000000006,200.0,2,1556303970766,1279195,85
2019-04-26 18:39:30.766,140.0,sell,151.2,ETH-27SEP19-120-P,61.53,0.054000000000000006,140.0,3,1556303970766,1279196,86
2019-04-27 06:54:25.204,140.0,sell,153.85,ETH-27SEP19-120-P,61.5,0.05,140.0,2,1556348065204,1284312,87
2019-04-27 17:37:19.389,120.0,sell,156.35,ETH-27SEP19-120-P,61.6,0.047,120.0,2,1556386639389,1291227,88
2019-04-28 02:13:27.999,2.0,buy,155.09,ETH-27SEP19-120-P,62.99,0.052000000000000005,2.0,0,1556417607999,1300960,89
2019-04-28 22:24:27.595,60.0,buy,153.22,ETH-27SEP19-120-P,63.92,0.057999999999999996,60.0,1,1556490267595,1318396,91
2019-04-28 22:24:27.595,144.0,buy,153.22,ETH-27SEP19-120-P,63.92,0.057999999999999996,144.0,0,1556490267595,1318395,90
2019-04-29 17:13:40.694,100.0,buy,153.56,ETH-27SEP19-120-P,63.21,0.055999999999999994,100.0,2,1556558020694,1334320,92
2019-04-30 02:00:49.004,3.0,sell,154.92,ETH-27SEP19-120-P,64.1,0.055,3.0,2,1556589649004,1342650,93
2019-04-30 10:11:35.992,60.0,sell,156.58,ETH-27SEP19-120-P,61.33,0.048,60.0,2,1556619095992,1349958,94
2019-04-30 10:11:35.992,40.0,sell,156.58,ETH-27SEP19-120-P,61.33,0.048,40.0,3,1556619095992,1349959,95
2019-04-30 10:53:09.896,100.0,sell,156.37,ETH-27SEP19-120-P,61.25,0.048,100.0,3,1556621589896,1351784,96
2019-04-30 10:53:12.707,40.0,sell,156.36,ETH-27SEP19-120-P,60.66,0.047,40.0,3,1556621592707,1351786,98
2019-04-30 10:53:12.707,60.0,sell,156.36,ETH-27SEP19-120-P,60.66,0.047,60.0,2,1556621592707,1351785,97
2019-04-30 11:20:43.706,100.0,sell,156.37,ETH-27SEP19-120-P,60.56,0.047,100.0,3,1556623243706,1352186,99
2019-04-30 11:20:48.663,100.0,sell,156.39,ETH-27SEP19-120-P,60.57,0.047,100.0,3,1556623248663,1352187,100
2019-04-30 11:36:00.797,100.0,sell,156.57,ETH-27SEP19-120-P,60.2,0.046,100.0,2,1556624160797,1352527,101
2019-04-30 11:36:03.400,100.0,sell,156.6,ETH-27SEP19-120-P,60.24,0.046,100.0,3,1556624163400,1352528,102
2019-04-30 11:36:04.769,5.0,sell,156.59,ETH-27SEP19-120-P,60.23,0.046,5.0,3,1556624164769,1352531,105
2019-04-30 11:36:04.769,60.0,sell,156.59,ETH-27SEP19-120-P,60.23,0.046,60.0,3,1556624164769,1352530,104
2019-04-30 11:36:04.769,35.0,sell,156.59,ETH-27SEP19-120-P,60.23,0.046,35.0,3,1556624164769,1352529,103
2019-04-30 11:36:05.895,100.0,sell,156.59,ETH-27SEP19-120-P,60.23,0.046,100.0,3,1556624165895,1352532,106
2019-04-30 11:43:49.145,135.0,sell,156.62,ETH-27SEP19-120-P,60.21,0.046,135.0,3,1556624629145,1352685,107
2019-04-30 12:20:59.402,144.0,buy,156.84,ETH-27SEP19-120-P,62.61,0.05,144.0,0,1556626859402,1353488,108
2019-04-30 13:32:40.442,100.0,sell,157.3,ETH-27SEP19-120-P,60.63,0.046,100.0,2,1556631160442,1355524,109
2019-04-30 13:32:41.517,40.0,sell,157.31,ETH-27SEP19-120-P,60.04,0.045,40.0,3,1556631161517,1355526,111
2019-04-30 13:32:41.517,60.0,sell,157.31,ETH-27SEP19-120-P,60.04,0.045,60.0,2,1556631161517,1355525,110
2019-04-30 13:32:42.531,100.0,sell,157.32,ETH-27SEP19-120-P,60.65,0.046,100.0,0,1556631162531,1355527,112
2019-04-30 13:32:45.625,100.0,sell,157.32,ETH-27SEP19-120-P,60.08,0.045,100.0,2,1556631165625,1355529,113
2019-04-30 14:01:58.827,100.0,sell,157.04,ETH-27SEP19-120-P,59.88,0.045,100.0,3,1556632918827,1356308,114
2019-04-30 14:02:00.126,100.0,sell,157.04,ETH-27SEP19-120-P,59.88,0.045,100.0,3,1556632920126,1356309,115
2019-04-30 14:05:35.580,5.0,buy,157.16,ETH-27SEP19-120-P,62.4,0.049,5.0,0,1556633135580,1356414,116
2019-04-30 14:06:20.370,144.0,buy,157.24,ETH-27SEP19-120-P,63.04,0.05,144.0,0,1556633180370,1356420,117
2019-04-30 14:10:02.177,100.0,sell,157.22,ETH-27SEP19-120-P,60.6,0.046,100.0,2,1556633402177,1356513,118
2019-04-30 14:11:08.082,100.0,sell,157.16,ETH-27SEP19-120-P,60.04,0.045,100.0,2,1556633468082,1356518,119
2019-04-30 14:11:09.521,100.0,sell,157.17,ETH-27SEP19-120-P,60.04,0.045,100.0,3,1556633469521,1356519,120
2019-04-30 14:11:10.556,100.0,sell,157.17,ETH-27SEP19-120-P,60.06,0.045,100.0,3,1556633470556,1356520,121
2019-04-30 15:20:36.392,100.0,sell,156.41,ETH-27SEP19-120-P,60.55,0.047,100.0,0,1556637636392,1358231,122
2019-04-30 15:27:22.856,60.0,sell,156.74,ETH-27SEP19-120-P,60.34,0.046,60.0,2,1556638042856,1358389,123
2019-04-30 15:27:24.098,60.0,sell,156.74,ETH-27SEP19-120-P,60.34,0.046,60.0,3,1556638044098,1358390,124
2019-04-30 15:39:40.159,136.0,sell,156.7,ETH-27SEP19-120-P,60.33,0.046,136.0,3,1556638780159,1358534,125
2019-04-30 15:39:40.159,13.0,sell,156.7,ETH-27SEP19-120-P,59.74,0.045,13.0,2,1556638780159,1358535,126
2019-05-01 12:39:25.620,6.0,buy,158.56,ETH-27SEP19-120-P,62.28,0.047,6.0,0,1556714365620,1377813,127
2019-05-01 17:39:08.339,120.0,buy,159.75,ETH-27SEP19-120-P,62.87,0.046,120.0,2,1556732348339,1381247,128
2019-05-01 17:45:51.899,120.0,buy,159.68,ETH-27SEP19-120-P,63.43,0.047,120.0,0,1556732751899,1381297,129
2019-05-01 17:45:51.899,60.0,buy,159.68,ETH-27SEP19-120-P,63.43,0.047,60.0,1,1556732751899,1381298,130
2019-05-02 21:33:48.112,5.0,sell,160.26,ETH-27SEP19-120-P,61.8,0.043,5.0,2,1556832828112,1404644,132
2019-05-02 21:33:48.112,91.0,sell,160.26,ETH-27SEP19-120-P,61.17,0.042,91.0,2,1556832828112,1404645,133
2019-05-02 21:33:48.112,4.0,sell,160.26,ETH-27SEP19-120-P,63.04,0.045,4.0,2,1556832828112,1404643,131
2019-05-05 02:06:13.246,30.0,sell,161.98,ETH-27SEP19-120-P,65.65,0.045,30.0,0,1557021973246,1481778,134
2019-05-05 02:08:53.318,30.0,sell,162.07,ETH-27SEP19-120-P,63.21,0.040999999999999995,30.0,2,1557022133318,1481797,135
2019-05-05 16:18:49.169,5.0,buy,159.64,ETH-27SEP19-120-P,63.99,0.045,5.0,0,1557073129169,1488948,136
2019-05-06 03:10:02.183,61.0,buy,159.85,ETH-27SEP19-120-P,64.31,0.046,61.0,0,1557112202183,1501487,137
2019-05-06 10:57:11.082,120.0,sell,162.02,ETH-27SEP19-120-P,62.68,0.04,120.0,2,1557140231082,1509775,138
2019-05-06 11:01:40.320,120.0,sell,161.95,ETH-27SEP19-120-P,62.7,0.04,120.0,3,1557140500320,1509821,139
2019-05-06 14:22:52.497,140.0,sell,164.6,ETH-27SEP19-120-P,62.71,0.037000000000000005,140.0,2,1557152572497,1513932,140
2019-05-06 16:01:15.528,4.0,sell,169.95,ETH-27SEP19-120-P,66.33,0.036000000000000004,4.0,2,1557158475528,1519264,141
2019-05-07 01:14:39.728,1.0,buy,178.5,ETH-27SEP19-120-P,69.82,0.031,1.0,2,1557191679728,1549070,142
2019-05-07 04:29:12.117,1.0,buy,176.77,ETH-27SEP19-120-P,74.08,0.038,1.0,0,1557203352117,1555597,143
2019-05-07 13:59:16.072,146.0,sell,177.36,ETH-27SEP19-120-P,68.1,0.03,146.0,3,1557237556072,1565800,145
2019-05-07 13:59:16.072,180.0,sell,177.36,ETH-27SEP19-120-P,68.1,0.03,180.0,2,1557237556072,1565799,144
2019-05-07 13:59:58.124,60.0,sell,177.51,ETH-27SEP19-120-P,67.44,0.028999999999999998,60.0,2,1557237598124,1565830,146
2019-05-07 13:59:58.124,146.0,sell,177.51,ETH-27SEP19-120-P,67.44,0.028999999999999998,146.0,3,1557237598124,1565831,147
2019-05-07 14:27:55.823,60.0,sell,171.34,ETH-27SEP19-120-P,65.89,0.033,60.0,0,1557239275823,1572526,148
2019-05-07 15:53:10.366,140.0,sell,171.44,ETH-27SEP19-120-P,67.18,0.035,140.0,0,1557244390366,1576107,149
2019-05-08 15:09:51.613,5.0,sell,167.93,ETH-27SEP19-120-P,66.07,0.038,5.0,0,1557328191613,1624669,150
2019-05-08 15:10:30.193,5.0,sell,167.94,ETH-27SEP19-120-P,66.08,0.038,5.0,1,1557328230193,1624670,151
2019-05-09 01:08:01.142,4.0,sell,172.44,ETH-27SEP19-120-P,69.17,0.038,4.0,1,1557364081142,1643400,152
2019-05-09 05:29:11.608,60.0,sell,170.3,ETH-27SEP19-120-P,64.97,0.034,60.0,2,1557379751608,1650074,153
2019-05-09 05:29:11.608,60.0,sell,170.3,ETH-27SEP19-120-P,64.97,0.034,60.0,3,1557379751608,1650075,154
2019-05-09 05:29:12.353,120.0,sell,170.3,ETH-27SEP19-120-P,64.97,0.034,120.0,3,1557379752353,1650076,155
2019-05-09 05:29:13.528,120.0,sell,170.31,ETH-27SEP19-120-P,64.98,0.034,120.0,3,1557379753528,1650077,156
2019-05-09 05:29:14.457,120.0,sell,170.31,ETH-27SEP19-120-P,64.98,0.034,120.0,3,1557379754457,1650081,157
2019-05-09 05:29:15.386,120.0,sell,170.31,ETH-27SEP19-120-P,64.98,0.034,120.0,3,1557379755386,1650082,158
2019-05-09 12:20:08.903,150.0,buy,167.87,ETH-27SEP19-120-P,69.11,0.043,150.0,0,1557404408903,1657795,159
2019-05-09 16:05:33.598,100.0,sell,167.27,ETH-27SEP19-120-P,66.11,0.039,100.0,2,1557417933598,1661329,160
2019-05-10 19:45:12.873,1.0,sell,175.02,ETH-27SEP19-120-P,68.89,0.035,1.0,2,1557517512873,1704951,161
2019-05-10 20:22:00.000,1.0,buy,174.92,ETH-27SEP19-120-P,71.35,0.038,1.0,0,1557519720000,1705878,162
2019-05-10 20:48:05.748,10.0,sell,170.77,ETH-27SEP19-120-P,67.3,0.037000000000000005,10.0,2,1557521285748,1709709,163
2019-05-11 07:59:40.705,40.0,sell,177.18,ETH-27SEP19-120-P,66.71,0.031,40.0,2,1557561580705,1743048,164
2019-05-11 11:25:42.420,50.0,buy,190.88,ETH-27SEP19-120-P,77.11,0.031,50.0,3,1557573942420,1772901,165
2019-05-12 00:32:06.632,50.0,buy,188.79,ETH-27SEP19-120-P,76.01,0.03,50.0,2,1557621126632,1866530,166
2019-05-12 00:32:06.645,10.0,buy,188.79,ETH-27SEP19-120-P,76.01,0.03,10.0,3,1557621126645,1866532,167
2019-05-12 01:00:33.726,50.0,buy,190.58,ETH-27SEP19-120-P,87.04,0.040999999999999995,50.0,0,1557622833726,1875701,168
2019-05-12 02:35:37.181,50.0,buy,196.01,ETH-27SEP19-120-P,84.0,0.034,50.0,2,1557628537181,1885268,169
2019-05-12 03:45:50.899,10.0,sell,193.17,ETH-27SEP19-120-P,77.99,0.028999999999999998,10.0,2,1557632750899,1892119,170
2019-05-12 14:37:58.164,1.0,sell,189.26,ETH-27SEP19-120-P,76.52,0.031,1.0,0,1557671878164,1964703,171
2019-05-12 14:52:04.567,30.0,sell,186.77,ETH-27SEP19-120-P,75.82,0.032,30.0,0,1557672724567,1967233,172
2019-05-12 14:57:47.278,10.0,sell,184.66,ETH-27SEP19-120-P,73.9,0.031,10.0,2,1557673067278,1968365,173
2019-05-12 14:58:02.933,10.0,sell,184.68,ETH-27SEP19-120-P,73.9,0.031,10.0,3,1557673082933,1968416,174
2019-05-13 16:03:50.616,50.0,sell,204.69,ETH-27SEP19-120-P,75.43,0.02,50.0,2,1557763430616,2040048,175
2019-05-13 16:03:55.783,50.0,sell,205.42,ETH-27SEP19-120-P,73.57,0.018000000000000002,50.0,2,1557763435783,2040189,176
2019-05-13 17:25:09.984,50.0,buy,202.78,ETH-27SEP19-120-P,85.03,0.03,50.0,0,1557768309984,2051711,177
2019-05-13 21:36:05.520,50.0,buy,202.42,ETH-27SEP19-120-P,84.53,0.028999999999999998,50.0,2,1557783365520,2063022,178
2019-05-13 22:44:45.251,50.0,buy,203.39,ETH-27SEP19-120-P,87.74,0.032,50.0,0,1557787485251,2067148,179
2019-05-14 00:40:35.389,9.0,sell,198.66,ETH-27SEP19-120-P,85.44,0.033,9.0,0,1557794435389,2077892,180
2019-05-14 01:27:57.109,50.0,sell,200.08,ETH-27SEP19-120-P,85.48,0.032,50.0,2,1557797277109,2079438,181
2019-05-14 08:59:59.891,50.0,buy,206.67,ETH-27SEP19-120-P,93.5,0.034,50.0,0,1557824399891,2116117,182
2019-05-14 09:01:43.365,50.0,sell,207.65,ETH-27SEP19-120-P,85.03,0.025,50.0,2,1557824503365,2116562,183
2019-05-14 10:06:08.282,30.0,buy,206.7,ETH-27SEP19-120-P,90.48,0.031,30.0,0,1557828368282,2120608,184
2019-05-15 07:30:29.772,30.0,buy,226.52,ETH-27SEP19-120-P,100.07,0.028999999999999998,30.0,2,1557905429772,2213440,185
2019-05-15 10:32:42.119,4.0,buy,235.3,ETH-27SEP19-120-P,98.77,0.024,4.0,2,1557916362119,2228608,186
2019-05-15 10:56:46.622,30.0,sell,233.59,ETH-27SEP19-120-P,84.4,0.014,30.0,2,1557917806622,2229661,187
2019-05-15 11:47:10.991,4.0,buy,234.11,ETH-27SEP19-120-P,98.26,0.024,4.0,0,1557920830991,2231942,188
2019-05-17 12:09:57.840,4.0,buy,227.9,ETH-27SEP19-120-P,98.83,0.026000000000000002,4.0,0,1558094997840,2732549,189
2019-05-17 12:09:57.840,46.0,buy,227.9,ETH-27SEP19-120-P,98.83,0.026000000000000002,46.0,1,1558094997840,2732550,190
2019-05-17 13:02:05.281,50.0,sell,237.09,ETH-27SEP19-120-P,100.07,0.023,50.0,2,1558098125281,2746863,191
2019-05-24 23:01:11.032,1.0,buy,250.15,ETH-27SEP19-120-P,95.23,0.015,1.0,2,1558738871032,3495481,192
2019-05-27 10:05:42.370,50.0,buy,268.09,ETH-27SEP19-120-P,108.03,0.015,50.0,3,1558951542370,3665257,193
2019-05-28 11:19:03.902,10.0,buy,268.15,ETH-27SEP19-120-P,98.28,0.01,10.0,2,1559042343902,3750604,194
2019-05-29 13:59:44.700,1.0,sell,273.61,ETH-27SEP19-120-P,89.42,0.006999999999999999,1.0,2,1559138384700,3834673,195
2019-05-30 21:36:07.654,1.0,sell,245.69,ETH-27SEP19-120-P,84.92,0.01,1.0,0,1559252167654,4003658,196
2019-06-01 10:22:17.362,1.0,buy,269.92,ETH-27SEP19-120-P,100.96,0.01,1.0,1,1559384537362,4124171,197
2019-06-04 17:39:56.603,50.0,buy,243.26,ETH-27SEP19-120-P,91.32,0.012,50.0,0,1559669996603,4339529,198
2019-06-07 07:25:25.448,150.0,sell,248.76,ETH-27SEP19-120-P,86.45,0.008,150.0,3,1559892325448,4487864,200
2019-06-07 07:25:25.448,60.0,sell,248.76,ETH-27SEP19-120-P,86.45,0.008,60.0,2,1559892325448,4487863,199
2019-06-07 19:57:43.407,100.0,sell,249.26,ETH-27SEP19-120-P,90.46,0.01,100.0,0,1559937463407,4503512,201
2019-06-07 19:58:39.967,150.0,sell,248.96,ETH-27SEP19-120-P,88.19,0.009000000000000001,150.0,2,1559937519967,4503574,202
2019-06-07 19:58:39.967,25.0,sell,248.96,ETH-27SEP19-120-P,88.19,0.009000000000000001,25.0,3,1559937519967,4503575,203
2019-06-08 16:55:17.917,9.0,sell,243.6,ETH-27SEP19-120-P,85.66,0.009000000000000001,9.0,3,1560012917917,4524925,204
2019-06-09 07:40:32.111,10.0,sell,244.12,ETH-27SEP19-120-P,88.44,0.01,10.0,0,1560066032111,4539116,205
2019-06-09 08:43:08.578,2.0,sell,244.08,ETH-27SEP19-120-P,76.53,0.005,2.0,2,1560069788578,4540584,206
2019-06-09 11:07:01.183,60.0,buy,243.5,ETH-27SEP19-120-P,76.35,0.005,60.0,3,1560078421183,4541593,207
2019-06-10 17:33:06.105,150.0,sell,243.46,ETH-27SEP19-120-P,82.56,0.006999999999999999,150.0,0,1560187986105,4602529,208
2019-06-10 17:33:06.105,60.0,sell,243.46,ETH-27SEP19-120-P,82.56,0.006999999999999999,60.0,1,1560187986105,4602530,209
2019-06-10 17:33:06.105,200.0,sell,243.46,ETH-27SEP19-120-P,82.56,0.006999999999999999,200.0,1,1560187986105,4602531,210
2019-06-13 14:51:24.114,90.0,buy,260.38,ETH-27SEP19-120-P,93.21,0.008,90.0,0,1560437484114,4714080,211
2019-06-14 11:11:45.551,10.0,buy,255.61,ETH-27SEP19-120-P,91.25,0.008,10.0,1,1560510705551,4745218,212
2019-06-15 17:46:28.872,5.0,sell,269.12,ETH-27SEP19-120-P,93.75,0.006,5.0,2,1560620788872,4797784,213
2019-06-15 17:46:32.479,5.0,sell,269.19,ETH-27SEP19-120-P,90.54,0.005,5.0,2,1560620792479,4797785,214
