date_utc,amount,direction,indexPrice,instrument,iv,price,quantity,tickDirection,timeStamp,tradeId,tradeSeq
2019-02-17 10:54:22.326,0.1,sell,3597.96,BTC-26APR19-4000-P,54.89,0.1665,0.1,1,1550400862326,15441679,1
2019-02-18 17:00:36.235,0.1,buy,3856.71,BTC-26APR19-4000-P,52.7,0.111,0.1,2,1550509236235,15565509,2
2019-02-18 18:43:52.314,0.1,sell,3887.18,BTC-26APR19-4000-P,55.55,0.1115,0.1,0,1550515432314,15573795,3
2019-02-18 18:46:05.271,0.1,sell,3888.78,BTC-26APR19-4000-P,55.34,0.111,0.1,2,1550515565271,15573839,4
2019-02-19 08:10:49.589,0.1,sell,3884.8,BTC-26APR19-4000-P,58.18,0.1135,0.1,0,1550563849589,15614771,5
2019-02-20 19:58:14.826,3.9,sell,3924.0,BTC-26APR19-4000-P,56.03,0.1035,3.9,2,1550692694826,15709393,8
2019-02-20 19:58:14.826,7.1000000000000005,sell,3924.0,BTC-26APR19-4000-P,56.33,0.10400000000000001,7.1000000000000005,2,1550692694826,15709392,7
2019-02-20 19:58:14.826,1.0,sell,3924.0,BTC-26APR19-4000-P,56.63,0.1045,1.0,2,1550692694826,15709391,6
2019-02-20 19:58:21.200,6.0,buy,3924.21,BTC-26APR19-4000-P,56.07,0.1035,6.0,3,1550692701200,15709507,9
2019-02-22 08:58:52.351,0.5,buy,3925.82,BTC-26APR19-4000-P,58.74,0.106,0.5,0,1550825932351,15764550,10
2019-02-22 13:26:29.637,0.5,sell,3940.81,BTC-26APR19-4000-P,54.71,0.0955,0.5,2,1550841989637,15773577,11
2019-02-22 19:53:18.737,0.1,buy,3941.23,BTC-26APR19-4000-P,55.97,0.099,0.1,0,1550865198737,15786480,12
2019-02-23 13:27:09.566,0.1,sell,3934.1,BTC-26APR19-4000-P,58.56,0.104,0.1,0,1550928429566,15803140,13
2019-02-23 18:40:20.061,0.2,buy,4091.12,BTC-26APR19-4000-P,59.72,0.085,0.2,2,1550947220061,15837987,14
2019-02-23 20:49:53.870,0.2,sell,4150.91,BTC-26APR19-4000-P,57.91,0.0755,0.2,2,1550954993870,15847577,15
2019-02-23 23:57:28.312,2.0,buy,4110.07,BTC-26APR19-4000-P,59.96,0.083,2.0,0,1550966248312,15854406,16
2019-02-23 23:58:20.748,2.0,buy,4110.34,BTC-26APR19-4000-P,60.34,0.0835,2.0,0,1550966300748,15854452,17
2019-02-24 11:39:38.723,6.0,sell,4136.05,BTC-26APR19-4000-P,57.89,0.076,6.0,2,1551008378723,15877596,18
2019-02-24 13:01:33.809,0.5,buy,4105.9,BTC-26APR19-4000-P,60.9,0.083,0.5,0,1551013293809,15881088,19
2019-02-24 14:04:00.123,0.1,buy,4038.43,BTC-26APR19-4000-P,58.32,0.0865,0.1,0,1551017040123,15885989,20
2019-02-24 14:04:00.123,0.1,buy,4038.43,BTC-26APR19-4000-P,58.32,0.0865,0.1,1,1551017040123,15885990,21
2019-02-24 14:11:50.421,0.1,buy,3961.4,BTC-26APR19-4000-P,58.22,0.1015,0.1,0,1551017510421,15892571,22
2019-02-24 14:11:50.421,0.1,buy,3961.4,BTC-26APR19-4000-P,58.22,0.1015,0.1,1,1551017510421,15892572,23
2019-02-24 14:12:37.673,5.4,sell,3886.96,BTC-26APR19-4000-P,58.4,0.1155,5.4,0,1551017557673,15894549,24
2019-02-24 14:15:45.726,0.1,buy,3776.95,BTC-26APR19-4000-P,56.29,0.134,0.1,0,1551017745726,15900033,25
2019-02-24 14:16:28.254,3.0,buy,3739.75,BTC-26APR19-4000-P,59.81,0.151,3.0,0,1551017788254,15901316,26
2019-02-24 14:45:32.832,0.5,sell,3821.14,BTC-26APR19-4000-P,59.87,0.13,0.5,2,1551019532832,15923868,27
2019-02-24 17:38:03.911,0.2,sell,3777.99,BTC-26APR19-4000-P,58.31,0.1335,0.2,1,1551029883911,15951858,29
2019-02-24 17:38:03.911,0.8,sell,3777.99,BTC-26APR19-4000-P,58.31,0.1335,0.8,0,1551029883911,15951857,28
2019-03-01 07:27:19.597,6.0,buy,3796.49,BTC-26APR19-4000-P,58.66,0.125,6.0,2,1551425239597,16143705,30
2019-03-01 22:03:33.099,494.6,buy,3829.67,BTC-26APR19-4000-P,57.6,0.11599999999999999,494.6,0,1551477813099,16156706,32
2019-03-01 22:03:33.099,5.4,buy,3829.67,BTC-26APR19-4000-P,56.95,0.115,5.4,2,1551477813099,16156705,31
2019-03-11 00:25:25.812,1.0,sell,3903.42,BTC-26APR19-4000-P,52.15,0.0885,1.0,2,1552263925812,16469391,33
2019-03-11 06:05:46.252,1.0,sell,3865.66,BTC-26APR19-4000-P,50.1,0.092,1.0,0,1552284346252,16477527,34
2019-03-11 06:07:16.823,1.0,sell,3866.48,BTC-26APR19-4000-P,50.19,0.092,1.0,1,1552284436823,16477738,35
2019-03-11 06:08:36.508,1.0,sell,3866.78,BTC-26APR19-4000-P,49.88,0.092,1.0,1,1552284516508,16477812,36
2019-03-11 06:54:21.588,0.5,buy,3875.38,BTC-26APR19-4000-P,53.17,0.0945,0.5,0,1552287261588,16478932,37
2019-03-14 14:10:11.581,3.0,sell,3870.04,BTC-26APR19-4000-P,51.29,0.0915,3.0,2,1552572611581,16556328,38
2019-03-15 10:52:47.086,0.1,buy,3873.88,BTC-26APR19-4000-P,52.13,0.0895,0.1,2,1552647167086,16583987,39
2019-03-15 12:06:11.664,0.2,buy,3891.0,BTC-26APR19-4000-P,51.07,0.0855,0.2,2,1552651571664,16588291,40
2019-03-15 12:10:20.512,0.3,buy,3886.69,BTC-26APR19-4000-P,51.1,0.086,0.3,0,1552651820512,16588507,41
2019-03-15 15:08:33.933,0.3,buy,3887.73,BTC-26APR19-4000-P,51.34,0.0865,0.3,0,1552662513933,16593080,42
2019-03-15 15:58:49.249,0.4,sell,3905.66,BTC-26APR19-4000-P,50.94,0.083,0.4,2,1552665529249,16596529,43
2019-03-16 00:53:29.411,0.3,sell,3919.85,BTC-26APR19-4000-P,51.08,0.081,0.3,2,1552697609411,16603452,44
2019-03-16 03:58:01.287,0.1,sell,3961.31,BTC-26APR19-4000-P,51.87,0.075,0.1,2,1552708681287,16613889,45
2019-03-16 07:47:51.871,2.0,sell,4004.81,BTC-26APR19-4000-P,52.09,0.07,2.0,2,1552722471871,16635426,46
2019-03-16 07:47:55.177,2.0,sell,4004.84,BTC-26APR19-4000-P,52.09,0.07,2.0,3,1552722475177,16635427,47
2019-03-16 07:47:57.469,2.0,sell,4004.84,BTC-26APR19-4000-P,52.09,0.07,2.0,3,1552722477469,16635428,48
2019-03-16 07:47:59.701,2.0,sell,4004.84,BTC-26APR19-4000-P,52.09,0.07,2.0,3,1552722479701,16635429,49
2019-03-16 07:48:04.951,1.0,sell,4004.84,BTC-26APR19-4000-P,52.09,0.07,1.0,3,1552722484951,16635431,50
2019-03-16 07:48:51.418,1.0,sell,4004.82,BTC-26APR19-4000-P,52.09,0.07,1.0,3,1552722531418,16635436,51
2019-03-16 08:38:07.065,5.0,buy,3990.91,BTC-26APR19-4000-P,51.74,0.071,5.0,0,1552725487065,16636308,52
2019-03-16 09:01:17.293,0.2,sell,3992.07,BTC-26APR19-4000-P,50.63,0.0695,0.2,2,1552726877293,16636672,53
2019-03-16 12:24:38.684,5.0,buy,3974.04,BTC-26APR19-4000-P,50.74,0.07200000000000001,5.0,0,1552739078684,16639988,54
2019-03-16 18:33:43.095,0.1,buy,3983.14,BTC-26APR19-4000-P,52.84,0.073,0.1,0,1552761223095,16647943,55
2019-03-17 19:43:43.874,0.5,buy,3973.08,BTC-26APR19-4000-P,50.59,0.071,0.5,2,1552851823874,16666569,56
2019-03-18 05:33:12.563,0.1,buy,3969.65,BTC-26APR19-4000-P,47.93,0.0675,0.1,2,1552887192563,16678702,57
2019-03-18 07:34:36.095,0.1,buy,3950.49,BTC-26APR19-4000-P,50.7,0.07400000000000001,0.1,0,1552894476095,16683591,58
2019-03-19 16:50:05.376,0.5,sell,3990.64,BTC-26APR19-4000-P,45.75,0.0605,0.5,2,1553014205376,16709360,59
2019-03-19 21:18:20.678,0.1,buy,3985.93,BTC-26APR19-4000-P,49.02,0.0655,0.1,0,1553030300678,16716179,60
2019-03-19 21:18:59.283,0.1,buy,3984.27,BTC-26APR19-4000-P,48.81,0.0655,0.1,1,1553030339283,16716204,61
2019-03-19 21:26:25.464,0.1,sell,3985.27,BTC-26APR19-4000-P,46.08,0.062,0.1,2,1553030785464,16716247,62
2019-03-20 07:46:41.278,0.5,sell,3985.05,BTC-26APR19-4000-P,45.26,0.06,0.5,2,1553068001278,16726525,63
2019-03-20 10:08:23.365,1.0,sell,3977.27,BTC-26APR19-4000-P,45.88,0.062,1.0,0,1553076503365,16728409,64
2019-03-20 14:17:33.979,6.4,buy,3993.5,BTC-26APR19-4000-P,48.58,0.0635,6.4,0,1553091453979,16732509,65
2019-03-20 14:17:33.979,3.6,buy,3993.5,BTC-26APR19-4000-P,48.58,0.0635,3.6,1,1553091453979,16732510,66
2019-03-20 15:57:46.044,2.0,buy,4000.03,BTC-26APR19-4000-P,48.82,0.0625,2.0,2,1553097466044,16734408,67
2019-03-20 15:58:20.223,2.0,sell,4000.08,BTC-26APR19-4000-P,48.05,0.0615,2.0,2,1553097500223,16734411,68
2019-03-20 15:59:23.539,8.700000000000001,sell,4000.14,BTC-26APR19-4000-P,47.66,0.061,8.700000000000001,2,1553097563539,16734416,69
2019-03-20 16:15:47.267,6.4,sell,4006.81,BTC-26APR19-4000-P,48.3,0.061,6.4,3,1553098547267,16734849,70
2019-03-20 16:15:47.291,6.4,sell,4006.81,BTC-26APR19-4000-P,48.3,0.061,6.4,3,1553098547291,16734850,71
2019-03-20 16:15:48.127,6.4,sell,4007.06,BTC-26APR19-4000-P,48.33,0.061,6.4,3,1553098548127,16734852,72
2019-03-20 16:17:12.072,2.1,sell,4007.69,BTC-26APR19-4000-P,48.51,0.061,2.1,3,1553098632072,16734994,73
2019-03-20 17:24:59.857,4.7,buy,4000.43,BTC-26APR19-4000-P,49.22,0.063,4.7,0,1553102699857,16737035,74
2019-03-20 17:24:59.857,5.3,buy,4000.43,BTC-26APR19-4000-P,49.22,0.063,5.3,1,1553102699857,16737036,75
2019-03-20 17:24:59.862,8.1,sell,4000.43,BTC-26APR19-4000-P,49.22,0.063,8.1,1,1553102699862,16737037,76
2019-03-20 17:25:19.150,8.700000000000001,sell,4000.39,BTC-26APR19-4000-P,49.22,0.063,8.700000000000001,1,1553102719150,16737041,77
2019-03-20 17:52:03.750,3.2,sell,3996.21,BTC-26APR19-4000-P,48.48,0.063,3.2,1,1553104323750,16737402,78
2019-03-20 17:52:03.750,1.0,sell,3996.21,BTC-26APR19-4000-P,48.48,0.063,1.0,1,1553104323750,16737403,79
2019-03-20 18:06:06.021,2.0,sell,4003.54,BTC-26APR19-4000-P,48.23,0.0615,2.0,2,1553105166021,16737688,80
2019-03-20 19:07:53.082,28.0,sell,4011.58,BTC-26APR19-4000-P,49.12,0.0615,28.0,3,1553108873082,16738471,81
2019-03-21 12:19:10.529,0.6,sell,4043.07,BTC-26APR19-4000-P,48.18,0.0555,0.6,2,1553170750529,16752245,82
2019-03-21 14:47:08.644,0.1,sell,3980.16,BTC-26APR19-4000-P,46.57,0.062,0.1,0,1553179628644,16760219,83
2019-03-22 09:18:29.752,0.4,sell,3979.48,BTC-26APR19-4000-P,46.47,0.061,0.4,2,1553246309752,16776504,84
2019-03-22 12:29:29.834,6.0,buy,3982.57,BTC-26APR19-4000-P,45.66,0.0595,6.0,2,1553257769834,16777424,85
2019-03-22 13:13:40.632,0.2,buy,3991.23,BTC-26APR19-4000-P,46.59,0.0595,0.2,3,1553260420632,16778220,86
2019-03-22 15:26:59.519,1.0,buy,3987.58,BTC-26APR19-4000-P,47.38,0.0605,1.0,0,1553268419519,16779440,87
2019-03-22 15:59:32.222,1.0,buy,3985.93,BTC-26APR19-4000-P,48.14,0.062,1.0,0,1553270372222,16779637,88
2019-03-22 18:18:05.254,6.0,buy,3995.6,BTC-26APR19-4000-P,47.08,0.0595,6.0,2,1553278685254,16780863,89
2019-03-22 18:18:05.382,6.0,sell,3995.6,BTC-26APR19-4000-P,47.08,0.0595,6.0,3,1553278685382,16780864,90
2019-03-23 21:50:16.517,2.4,buy,3975.35,BTC-26APR19-4000-P,48.53,0.0625,2.4,0,1553377816517,16795670,91
2019-03-23 23:08:44.194,1.0,buy,3978.35,BTC-26APR19-4000-P,48.15,0.062,1.0,2,1553382524194,16795912,92
