date_utc,amount,direction,indexPrice,instrument,iv,price,quantity,tickDirection,timeStamp,tradeId,tradeSeq
2019-02-17 10:54:22.326,0.1,sell,3597.96,BTC-26APR19-4000-P,54.89,0.1665,0.1,1,1550400862326,15441679,1
2019-02-18 17:00:36.235,0.1,buy,3856.71,BTC-26APR19-4000-P,52.7,0.111,0.1,2,1550509236235,15565509,2
2019-02-18 18:43:52.314,0.1,sell,3887.18,BTC-26APR19-4000-P,55.55,0.1115,0.1,0,1550515432314,15573795,3
2019-02-18 18:46:05.271,0.1,sell,3888.78,BTC-26APR19-4000-P,55.34,0.111,0.1,2,1550515565271,15573839,4
2019-02-19 08:10:49.589,0.1,sell,3884.8,BTC-26APR19-4000-P,58.18,0.1135,0.1,0,1550563849589,15614771,5
2019-02-20 19:58:14.826,3.9,sell,3924.0,BTC-26APR19-4000-P,56.03,0.1035,3.9,2,1550692694826,15709393,8
2019-02-20 19:58:14.826,7.1000000000000005,sell,3924.0,BTC-26APR19-4000-P,56.33,0.10400000000000001,7.1000000000000005,2,1550692694826,15709392,7
2019-02-20 19:58:14.826,1.0,sell,3924.0,BTC-26APR19-4000-P,56.63,0.1045,1.0,2,1550692694826,15709391,6
2019-02-20 19:58:21.200,6.0,buy,3924.21,BTC-26APR19-4000-P,56.07,0.1035,6.0,3,1550692701200,15709507,9
2019-02-22 08:58:52.351,0.5,buy,3925.82,BTC-26APR19-4000-P,58.74,0.106,0.5,0,1550825932351,15764550,10
2019-02-22 13:26:29.637,0.5,sell,3940.81,BTC-26APR19-4000-P,54.71,0.0955,0.5,2,1550841989637,15773577,11
2019-02-22 19:53:18.737,0.1,buy,3941.23,BTC-26APR19-4000-P,55.97,0.099,0.1,0,1550865198737,15786480,12
2019-02-23 13:27:09.566,0.1,sell,3934.1,BTC-26APR19-4000-P,58.56,0.104,0.1,0,1550928429566,15803140,13
2019-02-23 18:40:20.061,0.2,buy,4091.12,BTC-26APR19-4000-P,59.72,0.085,0.2,2,1550947220061,15837987,14
2019-02-23 20:49:53.870,0.2,sell,4150.91,BTC-26APR19-4000-P,57.91,0.0755,0.2,2,1550954993870,15847577,15
2019-02-23 23:57:28.312,2.0,buy,4110.07,BTC-26APR19-4000-P,59.96,0.083,2.0,0,1550966248312,15854406,16
2019-02-23 23:58:20.748,2.0,buy,4110.34,BTC-26APR19-4000-P,60.34,0.0835,2.0,0,1550966300748,15854452,17
2019-02-24 11:39:38.723,6.0,sell,4136.05,BTC-26APR19-4000-P,57.89,0.076,6.0,2,1551008378723,15877596,18
2019-02-24 13:01:33.809,0.5,buy,4105.9,BTC-26APR19-4000-P,60.9,0.083,0.5,0,1551013293809,15881088,19
2019-02-24 14:04:00.123,0.1,buy,4038.43,BTC-26APR19-4000-P,58.32,0.0865,0.1,0,1551017040123,15885989,20
2019-02-24 14:04:00.123,0.1,buy,4038.43,BTC-26APR19-4000-P,58.32,0.0865,0.1,1,1551017040123,15885990,21
2019-02-24 14:11:50.421,0.1,buy,3961.4,BTC-26APR19-4000-P,58.22,0.1015,0.1,0,1551017510421,15892571,22
2019-02-24 14:11:50.421,0.1,buy,3961.4,BTC-26APR19-4000-P,58.22,0.1015,0.1,1,1551017510421,15892572,23
2019-02-24 14:12:37.673,5.4,sell,3886.96,BTC-26APR19-4000-P,58.4,0.1155,5.4,0,1551017557673,15894549,24
2019-02-24 14:15:45.726,0.1,buy,3776.95,BTC-26APR19-4000-P,56.29,0.134,0.1,0,1551017745726,15900033,25
2019-02-24 14:16:28.254,3.0,buy,3739.75,BTC-26APR19-4000-P,59.81,0.151,3.0,0,1551017788254,15901316,26
2019-02-24 14:45:32.832,0.5,sell,3821.14,BTC-26APR19-4000-P,59.87,0.13,0.5,2,1551019532832,15923868,27
2019-02-24 17:38:03.911,0.8,sell,3777.99,BTC-26APR19-4000-P,58.31,0.1335,0.8,0,1551029883911,15951857,28
2019-02-24 17:38:03.911,0.2,sell,3777.99,BTC-26APR19-4000-P,58.31,0.1335,0.2,1,1551029883911,15951858,29
2019-03-01 07:27:19.597,6.0,buy,3796.49,BTC-26APR19-4000-P,58.66,0.125,6.0,2,1551425239597,16143705,30
2019-03-01 22:03:33.099,5.4,buy,3829.67,BTC-26APR19-4000-P,56.95,0.115,5.4,2,1551477813099,16156705,31
2019-03-01 22:03:33.099,494.6,buy,3829.67,BTC-26APR19-4000-P,57.6,0.11599999999999999,494.6,0,1551477813099,16156706,32
2019-03-11 00:25:25.812,1.0,sell,3903.42,BTC-26APR19-4000-P,52.15,0.0885,1.0,2,1552263925812,16469391,33
2019-03-11 06:05:46.252,1.0,sell,3865.66,BTC-26APR19-4000-P,50.1,0.092,1.0,0,1552284346252,16477527,34
2019-03-11 06:07:16.823,1.0,sell,3866.48,BTC-26APR19-4000-P,50.19,0.092,1.0,1,1552284436823,16477738,35
2019-03-11 06:08:36.508,1.0,sell,3866.78,BTC-26APR19-4000-P,49.88,0.092,1.0,1,1552284516508,16477812,36
2019-03-11 06:54:21.588,0.5,buy,3875.38,BTC-26APR19-4000-P,53.17,0.0945,0.5,0,1552287261588,16478932,37
2019-03-14 14:10:11.581,3.0,sell,3870.04,BTC-26APR19-4000-P,51.29,0.0915,3.0,2,1552572611581,16556328,38
2019-03-15 10:52:47.086,0.1,buy,3873.88,BTC-26APR19-4000-P,52.13,0.0895,0.1,2,1552647167086,16583987,39
2019-03-15 12:06:11.664,0.2,buy,3891.0,BTC-26APR19-4000-P,51.07,0.0855,0.2,2,1552651571664,16588291,40
2019-03-15 12:10:20.512,0.3,buy,3886.69,BTC-26APR19-4000-P,51.1,0.086,0.3,0,1552651820512,16588507,41
2019-03-15 15:08:33.933,0.3,buy,3887.73,BTC-26APR19-4000-P,51.34,0.0865,0.3,0,1552662513933,16593080,42
2019-03-15 15:58:49.249,0.4,sell,3905.66,BTC-26APR19-4000-P,50.94,0.083,0.4,2,1552665529249,16596529,43
2019-03-16 00:53:29.411,0.3,sell,3919.85,BTC-26APR19-4000-P,51.08,0.081,0.3,2,1552697609411,16603452,44
2019-03-16 03:58:01.287,0.1,sell,3961.31,BTC-26APR19-4000-P,51.87,0.075,0.1,2,1552708681287,16613889,45
2019-03-16 07:47:51.871,2.0,sell,4004.81,BTC-26APR19-4000-P,52.09,0.07,2.0,2,1552722471871,16635426,46
2019-03-16 07:47:55.177,2.0,sell,4004.84,BTC-26APR19-4000-P,52.09,0.07,2.0,3,1552722475177,16635427,47
2019-03-16 07:47:57.469,2.0,sell,4004.84,BTC-26APR19-4000-P,52.09,0.07,2.0,3,1552722477469,16635428,48
2019-03-16 07:47:59.701,2.0,sell,4004.84,BTC-26APR19-4000-P,52.09,0.07,2.0,3,1552722479701,16635429,49
2019-03-16 07:48:04.951,1.0,sell,4004.84,BTC-26APR19-4000-P,52.09,0.07,1.0,3,1552722484951,16635431,50
2019-03-16 07:48:51.418,1.0,sell,4004.82,BTC-26APR19-4000-P,52.09,0.07,1.0,3,1552722531418,16635436,51
2019-03-16 08:38:07.065,5.0,buy,3990.91,BTC-26APR19-4000-P,51.74,0.071,5.0,0,1552725487065,16636308,52
2019-03-16 09:01:17.293,0.2,sell,3992.07,BTC-26APR19-4000-P,50.63,0.0695,0.2,2,1552726877293,16636672,53
2019-03-16 12:24:38.684,5.0,buy,3974.04,BTC-26APR19-4000-P,50.74,0.07200000000000001,5.0,0,1552739078684,16639988,54
2019-03-16 18:33:43.095,0.1,buy,3983.14,BTC-26APR19-4000-P,52.84,0.073,0.1,0,1552761223095,16647943,55
2019-03-17 19:43:43.874,0.5,buy,3973.08,BTC-26APR19-4000-P,50.59,0.071,0.5,2,1552851823874,16666569,56
2019-03-18 05:33:12.563,0.1,buy,3969.65,BTC-26APR19-4000-P,47.93,0.0675,0.1,2,1552887192563,16678702,57
2019-03-18 07:34:36.095,0.1,buy,3950.49,BTC-26APR19-4000-P,50.7,0.07400000000000001,0.1,0,1552894476095,16683591,58
2019-03-19 16:50:05.376,0.5,sell,3990.64,BTC-26APR19-4000-P,45.75,0.0605,0.5,2,1553014205376,16709360,59
2019-03-19 21:18:20.678,0.1,buy,3985.93,BTC-26APR19-4000-P,49.02,0.0655,0.1,0,1553030300678,16716179,60
2019-03-19 21:18:59.283,0.1,buy,3984.27,BTC-26APR19-4000-P,48.81,0.0655,0.1,1,1553030339283,16716204,61
2019-03-19 21:26:25.464,0.1,sell,3985.27,BTC-26APR19-4000-P,46.08,0.062,0.1,2,1553030785464,16716247,62
2019-03-20 07:46:41.278,0.5,sell,3985.05,BTC-26APR19-4000-P,45.26,0.06,0.5,2,1553068001278,16726525,63
2019-03-20 10:08:23.365,1.0,sell,3977.27,BTC-26APR19-4000-P,45.88,0.062,1.0,0,1553076503365,16728409,64
2019-03-20 14:17:33.979,6.4,buy,3993.5,BTC-26APR19-4000-P,48.58,0.0635,6.4,0,1553091453979,16732509,65
2019-03-20 14:17:33.979,3.6,buy,3993.5,BTC-26APR19-4000-P,48.58,0.0635,3.6,1,1553091453979,16732510,66
2019-03-20 15:57:46.044,2.0,buy,4000.03,BTC-26APR19-4000-P,48.82,0.0625,2.0,2,1553097466044,16734408,67
2019-03-20 15:58:20.223,2.0,sell,4000.08,BTC-26APR19-4000-P,48.05,0.0615,2.0,2,1553097500223,16734411,68
2019-03-20 15:59:23.539,8.700000000000001,sell,4000.14,BTC-26APR19-4000-P,47.66,0.061,8.700000000000001,2,1553097563539,16734416,69
2019-03-20 16:15:47.267,6.4,sell,4006.81,BTC-26APR19-4000-P,48.3,0.061,6.4,3,1553098547267,16734849,70
2019-03-20 16:15:47.291,6.4,sell,4006.81,BTC-26APR19-4000-P,48.3,0.061,6.4,3,1553098547291,16734850,71
2019-03-20 16:15:48.127,6.4,sell,4007.06,BTC-26APR19-4000-P,48.33,0.061,6.4,3,1553098548127,16734852,72
2019-03-20 16:17:12.072,2.1,sell,4007.69,BTC-26APR19-4000-P,48.51,0.061,2.1,3,1553098632072,16734994,73
2019-03-20 17:24:59.857,4.7,buy,4000.43,BTC-26APR19-4000-P,49.22,0.063,4.7,0,1553102699857,16737035,74
2019-03-20 17:24:59.857,5.3,buy,4000.43,BTC-26APR19-4000-P,49.22,0.063,5.3,1,1553102699857,16737036,75
2019-03-20 17:24:59.862,8.1,sell,4000.43,BTC-26APR19-4000-P,49.22,0.063,8.1,1,1553102699862,16737037,76
2019-03-20 17:25:19.150,8.700000000000001,sell,4000.39,BTC-26APR19-4000-P,49.22,0.063,8.700000000000001,1,1553102719150,16737041,77
2019-03-20 17:52:03.750,1.0,sell,3996.21,BTC-26APR19-4000-P,48.48,0.063,1.0,1,1553104323750,16737403,79
2019-03-20 17:52:03.750,3.2,sell,3996.21,BTC-26APR19-4000-P,48.48,0.063,3.2,1,1553104323750,16737402,78
2019-03-20 18:06:06.021,2.0,sell,4003.54,BTC-26APR19-4000-P,48.23,0.0615,2.0,2,1553105166021,16737688,80
2019-03-20 19:07:53.082,28.0,sell,4011.58,BTC-26APR19-4000-P,49.12,0.0615,28.0,3,1553108873082,16738471,81
2019-03-21 12:19:10.529,0.6,sell,4043.07,BTC-26APR19-4000-P,48.18,0.0555,0.6,2,1553170750529,16752245,82
2019-03-21 14:47:08.644,0.1,sell,3980.16,BTC-26APR19-4000-P,46.57,0.062,0.1,0,1553179628644,16760219,83
2019-03-22 09:18:29.752,0.4,sell,3979.48,BTC-26APR19-4000-P,46.47,0.061,0.4,2,1553246309752,16776504,84
2019-03-22 12:29:29.834,6.0,buy,3982.57,BTC-26APR19-4000-P,45.66,0.0595,6.0,2,1553257769834,16777424,85
2019-03-22 13:13:40.632,0.2,buy,3991.23,BTC-26APR19-4000-P,46.59,0.0595,0.2,3,1553260420632,16778220,86
2019-03-22 15:26:59.519,1.0,buy,3987.58,BTC-26APR19-4000-P,47.38,0.0605,1.0,0,1553268419519,16779440,87
2019-03-22 15:59:32.222,1.0,buy,3985.93,BTC-26APR19-4000-P,48.14,0.062,1.0,0,1553270372222,16779637,88
2019-03-22 18:18:05.254,6.0,buy,3995.6,BTC-26APR19-4000-P,47.08,0.0595,6.0,2,1553278685254,16780863,89
2019-03-22 18:18:05.382,6.0,sell,3995.6,BTC-26APR19-4000-P,47.08,0.0595,6.0,3,1553278685382,16780864,90
2019-03-23 21:50:16.517,2.4,buy,3975.35,BTC-26APR19-4000-P,48.53,0.0625,2.4,0,1553377816517,16795670,91
2019-03-23 23:08:44.194,1.0,buy,3978.35,BTC-26APR19-4000-P,48.15,0.062,1.0,2,1553382524194,16795912,92
2019-03-24 14:18:52.377,0.4,buy,3972.55,BTC-26APR19-4000-P,47.44,0.061,0.4,2,1553437132377,16801236,93
2019-03-24 14:23:25.304,0.4,buy,3972.84,BTC-26APR19-4000-P,47.82,0.0615,0.4,0,1553437405304,16801251,94
2019-03-24 14:24:34.683,0.2,buy,3971.27,BTC-26APR19-4000-P,47.78,0.0615,0.2,1,1553437474683,16801255,95
2019-03-24 17:07:29.108,0.4,buy,3967.77,BTC-26APR19-4000-P,48.3,0.0625,0.4,0,1553447249108,16801872,96
2019-03-24 17:07:29.108,0.6,buy,3967.77,BTC-26APR19-4000-P,48.3,0.0625,0.6,1,1553447249108,16801873,97
2019-03-24 23:48:06.543,0.1,sell,3971.39,BTC-26APR19-4000-P,45.64,0.0585,0.1,2,1553471286543,16806370,98
2019-03-25 01:44:25.198,1.0,sell,3968.13,BTC-26APR19-4000-P,45.31,0.0585,1.0,3,1553478265198,16807092,99
2019-03-25 07:31:57.444,0.1,buy,3966.22,BTC-26APR19-4000-P,45.21,0.059000000000000004,0.1,0,1553499117444,16808870,100
2019-03-25 11:06:24.914,6.4,sell,3969.04,BTC-26APR19-4000-P,44.68,0.0575,6.4,2,1553511984914,16809941,101
2019-03-25 11:06:24.914,2.0,sell,3969.04,BTC-26APR19-4000-P,44.68,0.0575,2.0,3,1553511984914,16809942,102
2019-03-25 11:08:32.724,1.6,buy,3968.91,BTC-26APR19-4000-P,44.67,0.0575,1.6,3,1553512112724,16809945,103
2019-03-25 15:52:05.458,0.4,buy,3953.93,BTC-26APR19-4000-P,44.7,0.06,0.4,1,1553529125458,16813372,105
2019-03-25 15:52:05.458,6.0,buy,3953.93,BTC-26APR19-4000-P,44.7,0.06,6.0,0,1553529125458,16813371,104
2019-03-25 19:13:17.202,0.1,sell,3888.03,BTC-26APR19-4000-P,45.69,0.0705,0.1,0,1553541197202,16824768,106
2019-03-25 19:16:43.772,0.5,sell,3900.79,BTC-26APR19-4000-P,45.9,0.069,0.5,2,1553541403772,16825065,107
2019-03-25 19:36:42.439,1.0,buy,3900.02,BTC-26APR19-4000-P,49.17,0.073,1.0,0,1553542602439,16825840,108
2019-03-26 01:31:47.184,1.0,buy,3911.54,BTC-26APR19-4000-P,48.54,0.07,1.0,2,1553563907184,16831310,109
2019-03-26 01:43:37.523,0.8,buy,3910.3,BTC-26APR19-4000-P,48.32,0.07,0.8,3,1553564617523,16831396,110
2019-03-26 09:53:28.172,6.4,buy,3904.37,BTC-26APR19-4000-P,48.44,0.071,6.4,0,1553594008172,16835183,111
2019-03-26 09:53:28.172,2.0,buy,3904.37,BTC-26APR19-4000-P,48.44,0.071,2.0,1,1553594008172,16835184,112
2019-03-26 12:49:34.058,0.5,buy,3889.75,BTC-26APR19-4000-P,48.91,0.07400000000000001,0.5,0,1553604574058,16836480,113
2019-03-26 13:59:13.780,4.2,buy,3887.1,BTC-26APR19-4000-P,49.31,0.0745,4.2,0,1553608753780,16837460,114
2019-03-26 14:36:11.502,0.3,sell,3901.6,BTC-26APR19-4000-P,47.26,0.07,0.3,2,1553610971502,16838002,115
2019-03-26 14:42:46.619,2.0,sell,3906.08,BTC-26APR19-4000-P,45.67,0.0675,2.0,3,1553611366619,16838225,117
2019-03-26 14:42:46.619,6.4,sell,3906.08,BTC-26APR19-4000-P,45.67,0.0675,6.4,2,1553611366619,16838224,116
2019-03-26 16:42:34.663,0.1,buy,3911.86,BTC-26APR19-4000-P,49.42,0.0705,0.1,0,1553618554663,16840205,118
2019-03-27 01:00:09.092,1.0,sell,3935.24,BTC-26APR19-4000-P,47.21,0.064,1.0,2,1553648409092,16844347,119
2019-03-27 03:36:01.670,6.0,sell,3971.67,BTC-26APR19-4000-P,44.99,0.055999999999999994,6.0,2,1553657761670,16851789,120
2019-03-27 03:43:07.718,6.0,sell,3972.82,BTC-26APR19-4000-P,45.06,0.055999999999999994,6.0,3,1553658187718,16851915,121
2019-03-27 04:16:11.049,0.2,buy,3977.18,BTC-26APR19-4000-P,47.32,0.057999999999999996,0.2,0,1553660171049,16852546,122
2019-03-27 05:53:59.145,1.0,sell,3992.21,BTC-26APR19-4000-P,45.09,0.0535,1.0,2,1553666039145,16853844,123
2019-03-27 06:45:15.600,0.1,buy,3984.82,BTC-26APR19-4000-P,45.48,0.055,0.1,0,1553669115600,16854447,124
2019-03-27 07:58:37.747,6.0,sell,3982.75,BTC-26APR19-4000-P,44.05,0.0535,6.0,2,1553673517747,16854878,125
2019-03-27 08:33:53.468,0.1,buy,3982.67,BTC-26APR19-4000-P,45.47,0.055,0.1,0,1553675633468,16855044,126
2019-03-27 09:20:30.037,0.3,buy,3984.73,BTC-26APR19-4000-P,45.28,0.0545,0.3,2,1553678430037,16855763,127
2019-03-27 10:25:18.675,3.0,sell,4019.37,BTC-26APR19-4000-P,45.51,0.0505,3.0,2,1553682318675,16858413,128
2019-03-27 10:25:33.666,0.1,buy,4016.34,BTC-26APR19-4000-P,44.66,0.05,0.1,2,1553682333666,16858526,129
2019-03-27 10:25:55.732,3.0,buy,4015.66,BTC-26APR19-4000-P,45.17,0.0505,3.0,0,1553682355732,16858668,130
2019-03-27 10:28:53.384,6.0,buy,4004.85,BTC-26APR19-4000-P,44.82,0.0515,6.0,0,1553682533384,16859148,131
2019-03-27 10:41:30.436,5.0,sell,4015.63,BTC-26APR19-4000-P,43.96,0.049,5.0,2,1553683290436,16859563,132
2019-03-27 10:45:03.331,6.0,sell,4011.02,BTC-26APR19-4000-P,44.23,0.05,6.0,0,1553683503331,16859681,133
2019-03-27 13:03:05.708,1.0,sell,4009.96,BTC-26APR19-4000-P,43.9,0.0495,1.0,2,1553691785708,16863128,134
2019-03-27 13:24:49.811,5.0,buy,4009.11,BTC-26APR19-4000-P,45.74,0.0515,5.0,0,1553693089811,16863495,135
2019-03-27 14:16:27.755,2.0,sell,4009.84,BTC-26APR19-4000-P,43.6,0.049,2.0,2,1553696187755,16864098,136
2019-03-27 15:00:25.940,2.8000000000000003,buy,4009.07,BTC-26APR19-4000-P,45.7,0.0515,2.8000000000000003,0,1553698825940,16864386,137
2019-03-27 15:44:56.601,3.8,buy,4006.3,BTC-26APR19-4000-P,45.53,0.0515,3.8,1,1553701496601,16865536,138
2019-03-27 16:20:11.764,500.0,sell,4007.03,BTC-26APR19-4000-P,45.13,0.051,500.0,2,1553703611764,16866157,139
2019-03-27 16:25:06.436,0.1,sell,4006.5,BTC-26APR19-4000-P,43.74,0.0495,0.1,2,1553703906436,16866268,140
2019-03-27 23:53:36.161,8.3,sell,4032.47,BTC-26APR19-4000-P,44.63,0.047,8.3,3,1553730816161,16878715,142
2019-03-27 23:53:36.161,0.1,sell,4032.47,BTC-26APR19-4000-P,44.63,0.047,0.1,2,1553730816161,16878714,141
2019-03-28 00:01:46.262,1.6,buy,4021.36,BTC-26APR19-4000-P,43.59,0.047,1.6,3,1553731306262,16879056,143
2019-03-28 00:01:46.293,0.2,sell,4021.36,BTC-26APR19-4000-P,43.59,0.047,0.2,3,1553731306293,16879057,144
2019-03-28 00:01:46.308,0.1,sell,4021.36,BTC-26APR19-4000-P,43.59,0.047,0.1,3,1553731306308,16879058,145
2019-03-28 00:01:46.324,0.3,sell,4021.36,BTC-26APR19-4000-P,43.59,0.047,0.3,3,1553731306324,16879059,146
2019-03-28 01:02:11.981,1.0,buy,4016.35,BTC-26APR19-4000-P,45.92,0.05,1.0,0,1553734931981,16881427,147
2019-03-28 01:54:58.742,0.3,sell,4015.42,BTC-26APR19-4000-P,44.28,0.048,0.3,2,1553738098742,16904449,148
2019-03-28 01:55:26.453,2.5,sell,4015.52,BTC-26APR19-4000-P,43.84,0.0475,2.5,3,1553738126453,16904904,150
2019-03-28 01:55:26.453,0.2,sell,4015.52,BTC-26APR19-4000-P,43.84,0.0475,0.2,2,1553738126453,16904903,149
2019-03-28 11:09:00.992,0.1,buy,4004.89,BTC-26APR19-4000-P,43.98,0.049,0.1,0,1553771340992,16923945,151
2019-03-28 11:09:00.992,0.3,buy,4004.89,BTC-26APR19-4000-P,44.43,0.0495,0.3,0,1553771340992,16923946,152
2019-03-28 11:09:00.992,2.1,buy,4004.89,BTC-26APR19-4000-P,44.88,0.05,2.1,0,1553771340992,16923947,153
2019-03-28 11:31:41.901,0.1,buy,4005.87,BTC-26APR19-4000-P,45.15,0.05,0.1,1,1553772701901,16924037,154
2019-03-28 11:34:22.586,0.1,sell,4003.71,BTC-26APR19-4000-P,43.63,0.0485,0.1,2,1553772862586,16924097,155
2019-03-28 11:43:14.069,1.5,buy,4000.17,BTC-26APR19-4000-P,44.52,0.05,1.5,0,1553773394069,16924463,156
2019-03-28 14:38:28.200,0.1,sell,4011.0,BTC-26APR19-4000-P,44.9,0.049,0.1,2,1553783908200,16925885,157
2019-03-28 15:39:10.840,0.1,sell,4014.25,BTC-26APR19-4000-P,45.6,0.0495,0.1,0,1553787550840,16926211,158
2019-03-28 18:13:56.066,1.0,sell,4009.76,BTC-26APR19-4000-P,44.92,0.049,1.0,2,1553796836066,16927540,159
2019-03-28 18:30:54.216,1.0,buy,4009.78,BTC-26APR19-4000-P,45.83,0.05,1.0,0,1553797854216,16927628,160
2019-03-28 18:43:52.343,2.0,buy,4010.12,BTC-26APR19-4000-P,45.86,0.05,2.0,1,1553798632343,16927657,161
2019-03-28 18:45:54.759,1.0,buy,4009.91,BTC-26APR19-4000-P,45.87,0.05,1.0,1,1553798754759,16927663,162
2019-03-28 19:33:41.085,0.5,sell,4010.73,BTC-26APR19-4000-P,44.8,0.049,0.5,2,1553801621085,16928045,163
2019-03-28 20:34:42.121,1.0,buy,4011.23,BTC-26APR19-4000-P,45.98,0.05,1.0,0,1553805282121,16928206,164
2019-03-28 22:54:23.846,1.0,buy,4010.64,BTC-26APR19-4000-P,45.88,0.05,1.0,1,1553813663846,16928753,166
2019-03-28 22:54:23.846,1.3,buy,4010.64,BTC-26APR19-4000-P,45.88,0.05,1.3,1,1553813663846,16928752,165
2019-03-28 22:54:23.846,20.7,buy,4010.64,BTC-26APR19-4000-P,46.33,0.0505,20.7,1,1553813663846,16928755,168
2019-03-28 22:54:23.846,2.0,buy,4010.64,BTC-26APR19-4000-P,46.33,0.0505,2.0,0,1553813663846,16928754,167
2019-03-28 23:15:44.184,4.0,buy,4009.55,BTC-26APR19-4000-P,45.87,0.05,4.0,2,1553814944184,16928890,169
2019-03-28 23:16:24.725,1.0,buy,4009.68,BTC-26APR19-4000-P,45.88,0.05,1.0,3,1553814984725,16928902,170
2019-03-28 23:25:46.576,0.5,sell,4010.54,BTC-26APR19-4000-P,45.43,0.0495,0.5,2,1553815546576,16928979,171
2019-03-28 23:29:37.149,4.5,sell,4010.61,BTC-26APR19-4000-P,45.49,0.0495,4.5,3,1553815777149,16929030,172
2019-03-28 23:29:50.900,0.5,sell,4010.61,BTC-26APR19-4000-P,45.04,0.049,0.5,2,1553815790900,16929031,173
2019-03-29 00:33:33.998,2.9,sell,4023.67,BTC-26APR19-4000-P,46.72,0.049,2.9,3,1553819613998,16929785,174
2019-03-29 00:33:33.998,5.0,sell,4023.67,BTC-26APR19-4000-P,46.72,0.049,5.0,3,1553819613998,16929786,175
2019-03-29 01:33:50.617,4.5,buy,4015.33,BTC-26APR19-4000-P,46.76,0.05,4.5,0,1553823230617,16931499,176
2019-03-29 01:35:07.483,3.0,buy,4015.33,BTC-26APR19-4000-P,46.76,0.05,3.0,1,1553823307483,16931508,177
2019-03-29 01:35:52.980,0.9,buy,4015.3,BTC-26APR19-4000-P,47.66,0.051,0.9,0,1553823352980,16931514,179
2019-03-29 01:35:52.980,0.1,buy,4015.3,BTC-26APR19-4000-P,46.76,0.05,0.1,1,1553823352980,16931513,178
2019-03-29 02:11:06.470,6.9,buy,4016.34,BTC-26APR19-4000-P,47.46,0.051,6.9,1,1553825466470,16931780,180
2019-03-29 02:58:04.081,0.5,sell,4021.81,BTC-26APR19-4000-P,46.25,0.0485,0.5,2,1553828284081,16932008,181
2019-03-29 03:51:51.537,1.0,sell,4025.3,BTC-26APR19-4000-P,46.56,0.0485,1.0,3,1553831511537,16932661,182
2019-03-29 04:33:58.500,0.3,sell,4044.56,BTC-26APR19-4000-P,47.59,0.047,0.3,2,1553834038500,16934012,183
2019-03-29 04:34:07.598,9.5,sell,4049.2,BTC-26APR19-4000-P,47.49,0.0465,9.5,2,1553834047598,16934140,184
2019-03-29 05:21:12.100,5.0,buy,4008.62,BTC-26APR19-4000-P,48.71,0.053,5.0,0,1553836872100,16936828,185
2019-03-29 05:21:12.100,1.0,buy,4008.62,BTC-26APR19-4000-P,49.17,0.0535,1.0,0,1553836872100,16936829,186
2019-03-29 07:38:53.921,0.1,buy,4034.71,BTC-26APR19-4000-P,51.56,0.0525,0.1,2,1553845133921,16939168,187
2019-03-29 08:13:27.690,0.4,buy,4024.44,BTC-26APR19-4000-P,46.77,0.0485,0.4,2,1553847207690,16941414,188
2019-03-29 08:30:58.360,3.0,sell,4030.05,BTC-26APR19-4000-P,46.05,0.047,3.0,2,1553848258360,16941688,189
2019-03-29 10:14:13.790,2.0,buy,4078.52,BTC-26APR19-4000-P,46.76,0.042,2.0,2,1553854453790,16947917,190
2019-03-29 10:40:13.787,0.3,sell,4084.95,BTC-26APR19-4000-P,44.65,0.039,0.3,2,1553856013787,16953256,191
2019-03-29 10:50:30.816,0.1,buy,4077.59,BTC-26APR19-4000-P,46.22,0.0415,0.1,0,1553856630816,16953588,192
2019-03-29 10:50:37.629,0.1,buy,4077.73,BTC-26APR19-4000-P,46.24,0.0415,0.1,1,1553856637629,16953595,193
2019-03-29 11:16:22.437,0.3,sell,4075.71,BTC-26APR19-4000-P,44.65,0.04,0.3,2,1553858182437,16954066,194
2019-03-29 11:39:29.875,0.1,buy,4097.06,BTC-26APR19-4000-P,44.5,0.0375,0.1,2,1553859569875,16954655,195
2019-03-29 12:02:12.665,0.3,buy,4089.78,BTC-26APR19-4000-P,44.25,0.038,0.3,0,1553860932665,16955787,196
2019-03-29 12:02:14.343,0.3,buy,4089.78,BTC-26APR19-4000-P,44.25,0.038,0.3,1,1553860934343,16955799,197
2019-03-29 12:02:36.955,5.0,buy,4086.23,BTC-26APR19-4000-P,43.89,0.038,5.0,1,1553860956955,16955889,198
2019-03-29 12:02:37.448,0.7000000000000001,buy,4085.39,BTC-26APR19-4000-P,43.81,0.038,0.7000000000000001,1,1553860957448,16955893,199
2019-03-29 12:02:38.525,8.700000000000001,buy,4085.39,BTC-26APR19-4000-P,43.81,0.038,8.700000000000001,1,1553860958525,16955896,200
2019-03-29 12:11:39.632,5.0,sell,4074.63,BTC-26APR19-4000-P,45.03,0.0405,5.0,0,1553861499632,16956724,201
2019-03-29 12:11:39.632,2.0,sell,4074.63,BTC-26APR19-4000-P,45.03,0.0405,2.0,1,1553861499632,16956725,202
2019-03-29 13:36:41.355,8.0,sell,4082.49,BTC-26APR19-4000-P,44.5,0.039,8.0,2,1553866601355,16958120,203
2019-03-29 14:23:40.999,3.0,sell,4076.1,BTC-26APR19-4000-P,44.33,0.0395,3.0,0,1553869420999,16958784,204
2019-03-29 16:13:14.933,0.1,sell,4076.72,BTC-26APR19-4000-P,43.99,0.039,0.1,2,1553875994933,16959816,205
2019-03-29 16:25:58.359,0.5,buy,4077.56,BTC-26APR19-4000-P,45.95,0.040999999999999995,0.5,0,1553876758359,16959967,206
2019-03-29 18:37:54.498,1.0,sell,4089.17,BTC-26APR19-4000-P,43.94,0.0375,1.0,2,1553884674498,16960778,207
2019-03-29 21:58:46.265,1.0,sell,4083.23,BTC-26APR19-4000-P,43.92,0.038,1.0,0,1553896726265,16962314,208
2019-03-29 22:50:53.698,1.5,sell,4083.9,BTC-26APR19-4000-P,44.01,0.038,1.5,1,1553899853698,16962454,209
2019-03-29 23:04:30.965,0.4,sell,4079.85,BTC-26APR19-4000-P,43.6,0.038,0.4,1,1553900670965,16962649,210
2019-03-30 00:30:01.396,5.0,sell,4111.17,BTC-26APR19-4000-P,43.96,0.035,5.0,2,1553905801396,16964562,211
2019-03-30 02:31:02.182,6.7,sell,4119.55,BTC-26APR19-4000-P,42.44,0.0325,6.7,2,1553913062182,16967357,213
2019-03-30 02:31:02.182,0.3,sell,4119.55,BTC-26APR19-4000-P,42.92,0.033,0.3,2,1553913062182,16967356,212
2019-03-30 04:14:16.586,0.1,sell,4059.53,BTC-26APR19-4000-P,42.1,0.0385,0.1,0,1553919256586,16973151,214
2019-03-30 06:02:15.176,0.3,sell,4094.44,BTC-26APR19-4000-P,45.81,0.0385,0.3,1,1553925735176,16975641,215
2019-03-30 06:02:16.267,0.3,sell,4094.44,BTC-26APR19-4000-P,45.81,0.0385,0.3,1,1553925736267,16975642,216
2019-03-30 06:02:17.439,0.3,sell,4094.44,BTC-26APR19-4000-P,45.81,0.0385,0.3,1,1553925737439,16975644,217
2019-03-30 06:02:17.522,0.3,sell,4094.44,BTC-26APR19-4000-P,45.81,0.0385,0.3,1,1553925737522,16975647,218
2019-03-30 06:02:17.593,0.3,sell,4094.44,BTC-26APR19-4000-P,45.81,0.0385,0.3,1,1553925737593,16975648,219
2019-03-30 14:23:37.814,0.2,buy,4075.9,BTC-26APR19-4000-P,44.18,0.0385,0.2,1,1553955817814,16979695,220
2019-03-30 18:06:48.217,0.1,buy,4074.05,BTC-26APR19-4000-P,46.49,0.040999999999999995,0.1,0,1553969208217,16982462,221
2019-03-30 21:17:14.853,1.0,buy,4081.68,BTC-26APR19-4000-P,45.51,0.039,1.0,2,1553980634853,16983329,222
2019-03-30 21:17:14.853,1.0,buy,4081.68,BTC-26APR19-4000-P,45.99,0.0395,1.0,0,1553980634853,16983330,223
2019-03-30 22:58:13.872,0.8,buy,4081.4,BTC-26APR19-4000-P,46.49,0.04,0.8,0,1553986693872,16983786,224
2019-03-31 03:26:44.935,0.3,sell,4083.52,BTC-26APR19-4000-P,44.0,0.037000000000000005,0.3,2,1554002804935,16986349,225
2019-03-31 03:26:44.935,4.7,sell,4083.52,BTC-26APR19-4000-P,42.08,0.035,4.7,2,1554002804935,16986350,226
2019-03-31 10:49:16.227,1.0,sell,4092.69,BTC-26APR19-4000-P,43.28,0.035,1.0,3,1554029356227,16987894,227
2019-03-31 11:23:09.796,4.0,sell,4092.61,BTC-26APR19-4000-P,43.29,0.035,4.0,3,1554031389796,16988071,228
2019-03-31 12:48:46.100,6.0,sell,4085.99,BTC-26APR19-4000-P,43.62,0.036000000000000004,6.0,0,1554036526100,16989030,229
2019-03-31 15:34:53.814,0.2,buy,4093.83,BTC-26APR19-4000-P,46.0,0.0375,0.2,0,1554046493814,16989706,230
2019-04-01 00:43:57.774,2.0,sell,4116.39,BTC-26APR19-4000-P,46.7,0.0355,2.0,2,1554079437774,16996326,231
2019-04-01 01:15:34.647,0.4,sell,4124.55,BTC-26APR19-4000-P,44.04,0.032,0.4,2,1554081334647,16998260,232
2019-04-01 01:15:34.647,0.1,sell,4124.55,BTC-26APR19-4000-P,44.04,0.032,0.1,3,1554081334647,16998261,233
2019-04-01 01:15:34.647,0.5,sell,4124.55,BTC-26APR19-4000-P,38.5,0.0265,0.5,2,1554081334647,16998262,234
2019-04-01 01:25:26.097,0.4,buy,4119.15,BTC-26APR19-4000-P,47.01,0.0355,0.4,0,1554081926097,16998537,235
2019-04-01 03:46:02.491,9.6,sell,4132.33,BTC-26APR19-4000-P,43.89,0.031,9.6,3,1554090362491,16999813,237
2019-04-01 03:46:02.491,0.4,sell,4132.33,BTC-26APR19-4000-P,43.89,0.031,0.4,2,1554090362491,16999812,236
2019-04-01 06:15:10.341,0.3,sell,4122.97,BTC-26APR19-4000-P,44.57,0.0325,0.3,0,1554099310341,17001102,238
2019-04-01 07:52:09.211,0.1,buy,4119.74,BTC-26APR19-4000-P,46.82,0.035,0.1,0,1554105129211,17002121,239
2019-04-01 09:23:48.795,1.0,sell,4123.45,BTC-26APR19-4000-P,46.75,0.0345,1.0,2,1554110628795,17003036,240
2019-04-01 12:34:36.150,6.9,sell,4122.27,BTC-26APR19-4000-P,46.76,0.0345,6.9,3,1554122076150,17004721,241
2019-04-01 12:34:38.204,6.9,sell,4122.21,BTC-26APR19-4000-P,46.75,0.0345,6.9,3,1554122078204,17004724,242
2019-04-01 12:36:34.737,4.0,sell,4123.73,BTC-26APR19-4000-P,46.9,0.0345,4.0,3,1554122194737,17004750,243
2019-04-01 13:50:11.589,6.0,sell,4132.38,BTC-26APR19-4000-P,47.82,0.0345,6.0,3,1554126611589,17005531,244
2019-04-01 13:56:16.945,4.0,sell,4135.89,BTC-26APR19-4000-P,48.18,0.0345,4.0,3,1554126976945,17005696,245
2019-04-01 13:56:18.453,6.0,sell,4136.45,BTC-26APR19-4000-P,48.23,0.0345,6.0,3,1554126978453,17005725,246
2019-04-01 14:01:39.164,5.0,sell,4136.75,BTC-26APR19-4000-P,48.27,0.0345,5.0,3,1554127299164,17005864,247
2019-04-01 14:05:20.654,0.2,sell,4137.94,BTC-26APR19-4000-P,48.39,0.0345,0.2,3,1554127520654,17005932,248
2019-04-01 14:40:57.948,6.0,sell,4148.2,BTC-26APR19-4000-P,48.4,0.0335,6.0,2,1554129657948,17007052,249
2019-04-01 14:41:02.380,6.0,sell,4148.33,BTC-26APR19-4000-P,48.42,0.0335,6.0,3,1554129662380,17007069,250
2019-04-01 14:41:04.548,6.0,sell,4148.31,BTC-26APR19-4000-P,48.41,0.0335,6.0,3,1554129664548,17007070,251
2019-04-01 14:41:06.387,6.0,sell,4148.26,BTC-26APR19-4000-P,48.41,0.0335,6.0,3,1554129666387,17007071,252
2019-04-01 14:41:07.911,6.0,sell,4148.26,BTC-26APR19-4000-P,48.41,0.0335,6.0,3,1554129667911,17007073,253
2019-04-01 14:41:09.387,6.0,sell,4147.67,BTC-26APR19-4000-P,48.35,0.0335,6.0,3,1554129669387,17007075,254
2019-04-01 14:41:10.771,4.0,sell,4147.67,BTC-26APR19-4000-P,48.35,0.0335,4.0,3,1554129670771,17007079,255
2019-04-01 14:52:34.229,1.2,sell,4135.79,BTC-26APR19-4000-P,44.64,0.031,1.2,2,1554130354229,17007704,257
2019-04-01 14:52:34.229,0.4,sell,4135.79,BTC-26APR19-4000-P,45.66,0.032,0.4,2,1554130354229,17007703,256
2019-04-02 00:53:11.268,0.2,sell,4149.89,BTC-26APR19-4000-P,45.88,0.0305,0.2,2,1554166391268,17013221,258
2019-04-02 00:53:49.706,2.0,sell,4158.79,BTC-26APR19-4000-P,46.21,0.03,2.0,2,1554166429706,17013659,259
2019-04-02 04:32:19.182,1.0,sell,4206.02,BTC-26APR19-4000-P,46.98,0.0265,1.0,2,1554179539182,17019514,260
2019-04-02 04:32:30.186,0.5,sell,4215.17,BTC-26APR19-4000-P,47.24,0.026,0.5,2,1554179550186,17019670,261
2019-04-02 04:32:46.958,0.2,sell,4225.03,BTC-26APR19-4000-P,47.0,0.025,0.2,2,1554179566958,17020307,262
2019-04-02 04:38:20.366,3.2,buy,4424.8,BTC-26APR19-4000-P,45.58,0.012,3.2,2,1554179900366,17028179,263
2019-04-02 04:38:26.945,5.1000000000000005,buy,4425.09,BTC-26APR19-4000-P,44.85,0.0115,5.1000000000000005,2,1554179906945,17028352,264
2019-04-02 04:47:32.827,4.0,buy,4459.35,BTC-26APR19-4000-P,52.21,0.015,4.0,0,1554180452827,17033867,265
2019-04-02 04:47:46.676,2.0,sell,4458.28,BTC-26APR19-4000-P,49.22,0.013000000000000001,2.0,2,1554180466676,17033930,266
2019-04-02 05:09:42.097,1.0,sell,4709.58,BTC-26APR19-4000-P,56.03,0.0085,1.0,2,1554181782097,17050123,267
2019-04-02 05:09:58.058,0.2,buy,4712.82,BTC-26APR19-4000-P,60.08,0.0105,0.2,0,1554181798058,17050357,268
2019-04-02 05:11:11.450,0.4,sell,4717.05,BTC-26APR19-4000-P,55.4,0.008,0.4,2,1554181871450,17050758,269
2019-04-02 05:12:11.906,0.5,sell,4719.44,BTC-26APR19-4000-P,55.52,0.008,0.5,3,1554181931906,17051095,270
2019-04-02 05:12:28.570,0.1,sell,4722.66,BTC-26APR19-4000-P,55.69,0.008,0.1,3,1554181948570,17051178,271
2019-04-02 05:13:25.093,0.2,sell,4720.22,BTC-26APR19-4000-P,56.59,0.0085,0.2,0,1554182005093,17051328,272
2019-04-02 05:20:05.531,1.0,sell,4973.22,BTC-26APR19-4000-P,68.06,0.008,1.0,2,1554182405531,17057628,273
2019-04-02 05:25:16.438,0.1,buy,5002.17,BTC-26APR19-4000-P,68.21,0.0075,0.1,2,1554182716438,17063151,274
2019-04-02 05:40:52.481,0.6,buy,4762.65,BTC-26APR19-4000-P,59.84,0.009000000000000001,0.6,0,1554183652481,17070773,275
2019-04-02 06:09:46.510,1.0,buy,4701.77,BTC-26APR19-4000-P,54.65,0.008,1.0,2,1554185386510,17079334,276
2019-04-02 06:09:46.510,0.8,buy,4701.77,BTC-26APR19-4000-P,54.65,0.008,0.8,3,1554185386510,17079335,277
2019-04-02 06:32:43.560,1.0,sell,4703.31,BTC-26APR19-4000-P,58.69,0.01,1.0,0,1554186763560,17084921,278
2019-04-02 07:23:48.536,1.2,buy,4699.82,BTC-26APR19-4000-P,66.48,0.0145,1.2,0,1554189828536,17091672,279
2019-04-02 07:37:19.614,45.0,buy,4682.8,BTC-26APR19-4000-P,64.66,0.013999999999999999,45.0,2,1554190639614,17092369,280
2019-04-02 07:48:01.872,0.4,sell,4700.91,BTC-26APR19-4000-P,57.67,0.0095,0.4,2,1554191281872,17092731,281
2019-04-02 07:56:11.843,4.0,sell,4692.86,BTC-26APR19-4000-P,57.24,0.0095,4.0,3,1554191771843,17092924,282
2019-04-02 09:04:19.854,0.2,sell,4702.01,BTC-26APR19-4000-P,56.82,0.009000000000000001,0.2,2,1554195859854,17095687,283
2019-04-02 09:54:15.320,6.2,sell,4785.27,BTC-26APR19-4000-P,59.12,0.008,6.2,2,1554198855320,17101792,284
2019-04-02 09:58:00.878,2.0,sell,4804.22,BTC-26APR19-4000-P,60.08,0.008,2.0,3,1554199080878,17102248,285
2019-04-02 10:11:34.076,5.0,buy,4794.06,BTC-26APR19-4000-P,59.58,0.008,5.0,3,1554199894076,17103429,286
2019-04-02 10:21:40.018,2.0,buy,4771.59,BTC-26APR19-4000-P,58.45,0.008,2.0,3,1554200500018,17104179,287
2019-04-02 11:12:28.199,6.0,sell,4791.73,BTC-26APR19-4000-P,56.11,0.0065,6.0,2,1554203548199,17106697,288
2019-04-02 14:19:11.533,2.5,buy,4729.76,BTC-26APR19-4000-P,60.53,0.01,2.5,0,1554214751533,17116762,289
2019-04-02 14:22:21.861,5.0,buy,4724.57,BTC-26APR19-4000-P,62.14,0.011000000000000001,5.0,0,1554214941861,17117363,290
2019-04-02 15:35:13.244,0.5,sell,4737.72,BTC-26APR19-4000-P,58.02,0.0085,0.5,2,1554219313244,17121160,291
2019-04-02 15:40:56.037,0.3,buy,4733.66,BTC-26APR19-4000-P,61.77,0.0105,0.3,0,1554219656037,17121248,292
2019-04-02 16:02:36.966,1.0,buy,4743.77,BTC-26APR19-4000-P,60.39,0.0095,1.0,2,1554220956966,17121813,293
2019-04-02 16:15:35.676,3.0,sell,4726.12,BTC-26APR19-4000-P,61.39,0.0105,3.0,0,1554221735676,17122275,294
2019-04-02 16:20:45.904,2.0,buy,4740.08,BTC-26APR19-4000-P,62.16,0.0105,2.0,1,1554222045904,17122469,295
2019-04-02 17:19:34.813,2.0,buy,4730.45,BTC-26APR19-4000-P,61.69,0.0105,2.0,1,1554225574813,17123800,296
2019-04-02 17:43:38.313,8.0,buy,4726.26,BTC-26APR19-4000-P,61.48,0.0105,8.0,1,1554227018313,17125622,297
2019-04-02 19:28:59.466,7.6,buy,4737.68,BTC-26APR19-4000-P,60.25,0.0095,7.6,2,1554233339466,17127342,298
2019-04-02 20:10:01.843,2.4,sell,4778.8,BTC-26APR19-4000-P,62.48,0.0095,2.4,3,1554235801843,17129151,299
2019-04-02 20:27:35.837,0.1,buy,4816.88,BTC-26APR19-4000-P,63.45,0.009000000000000001,0.1,2,1554236855837,17131863,300
2019-04-02 20:46:12.296,3.0,sell,4799.05,BTC-26APR19-4000-P,61.48,0.0085,3.0,2,1554237972296,17135353,301
2019-04-03 00:10:33.646,0.1,buy,4922.56,BTC-26APR19-4000-P,65.55,0.0075,0.1,2,1554250233646,17154754,302
2019-04-03 00:53:25.627,0.4,buy,4960.56,BTC-26APR19-4000-P,67.42,0.0075,0.4,3,1554252805627,17162035,303
2019-04-03 02:25:05.951,1.6,buy,5019.39,BTC-26APR19-4000-P,71.55,0.008,1.6,1,1554258305951,17169122,307
2019-04-03 02:25:05.951,10.0,buy,5019.39,BTC-26APR19-4000-P,71.55,0.008,10.0,0,1554258305951,17169121,306
2019-04-03 02:25:05.951,1.0,buy,5019.39,BTC-26APR19-4000-P,70.3,0.0075,1.0,3,1554258305951,17169119,304
2019-04-03 02:25:05.951,10.0,buy,5019.39,BTC-26APR19-4000-P,70.3,0.0075,10.0,3,1554258305951,17169120,305
2019-04-03 08:34:01.485,0.4,buy,4941.34,BTC-26APR19-4000-P,71.63,0.0095,0.4,0,1554280441485,17192203,308
2019-04-03 08:44:24.679,0.1,buy,4942.1,BTC-26APR19-4000-P,71.67,0.0095,0.1,1,1554281064679,17192370,309
2019-04-03 10:24:51.548,0.3,sell,4961.08,BTC-26APR19-4000-P,71.61,0.009000000000000001,0.3,2,1554287091548,17193466,310
2019-04-03 11:08:41.862,3.2,sell,4958.46,BTC-26APR19-4000-P,67.94,0.0075,3.2,2,1554289721862,17194196,311
2019-04-03 13:19:08.228,0.2,buy,5020.94,BTC-26APR19-4000-P,72.33,0.008,0.2,0,1554297548228,17200609,312
2019-04-03 16:26:01.113,1.0,sell,5110.49,BTC-26APR19-4000-P,74.12,0.006999999999999999,1.0,2,1554308761113,17211986,313
2019-04-03 16:26:17.854,3.2,sell,5109.76,BTC-26APR19-4000-P,72.69,0.0065,3.2,2,1554308777854,17212001,314
2019-04-03 21:06:12.843,0.5,buy,5325.6,BTC-26APR19-4000-P,82.51,0.0065,0.5,3,1554325572843,17239157,315
2019-04-03 21:07:19.806,3.5,buy,5293.34,BTC-26APR19-4000-P,81.13,0.0065,3.5,3,1554325639806,17239497,316
2019-04-03 21:25:42.064,0.2,buy,5306.96,BTC-26APR19-4000-P,81.74,0.0065,0.2,3,1554326742064,17241006,317
2019-04-03 21:34:33.597,0.2,buy,5333.09,BTC-26APR19-4000-P,82.87,0.0065,0.2,3,1554327273597,17241595,318
2019-04-03 21:52:30.031,2.7,buy,5280.05,BTC-26APR19-4000-P,82.12,0.006999999999999999,2.7,1,1554328350031,17243889,320
2019-04-03 21:52:30.031,4.5,buy,5280.05,BTC-26APR19-4000-P,82.12,0.006999999999999999,4.5,0,1554328350031,17243888,319
2019-04-03 21:52:53.774,7.3,buy,5280.89,BTC-26APR19-4000-P,82.15,0.006999999999999999,7.3,1,1554328373774,17243899,321
2019-04-03 22:43:51.943,10.0,buy,5085.28,BTC-26APR19-4000-P,74.74,0.0075,10.0,0,1554331431943,17251366,322
2019-04-03 23:04:46.856,12.0,buy,4988.35,BTC-26APR19-4000-P,76.12,0.01,12.0,0,1554332686856,17260449,323
2019-04-03 23:04:47.723,1.3,buy,4988.31,BTC-26APR19-4000-P,76.12,0.01,1.3,1,1554332687723,17260490,324
2019-04-03 23:04:48.506,1.2,buy,4988.31,BTC-26APR19-4000-P,76.12,0.01,1.2,1,1554332688506,17260542,325
2019-04-03 23:04:50.932,6.9,buy,4977.94,BTC-26APR19-4000-P,75.59,0.01,6.9,1,1554332690932,17260604,327
2019-04-03 23:04:50.932,8.1,buy,4977.94,BTC-26APR19-4000-P,75.59,0.01,8.1,1,1554332690932,17260603,326
2019-04-03 23:04:51.218,0.4,buy,4977.79,BTC-26APR19-4000-P,75.58,0.01,0.4,1,1554332691218,17260607,328
2019-04-04 00:45:34.638,0.1,sell,4995.64,BTC-26APR19-4000-P,77.73,0.0105,0.1,0,1554338734638,17281838,329
2019-04-04 02:58:01.591,0.1,buy,5019.43,BTC-26APR19-4000-P,84.5,0.013000000000000001,0.1,0,1554346681591,17288370,330
2019-04-04 10:49:21.421,2.0,buy,4974.19,BTC-26APR19-4000-P,76.23,0.01,2.0,2,1554374961421,17301330,331
2019-04-04 13:21:53.017,5.0,buy,5007.18,BTC-26APR19-4000-P,86.73,0.013999999999999999,5.0,0,1554384113017,17307974,332
2019-04-04 17:57:46.547,2.7,buy,4909.19,BTC-26APR19-4000-P,78.63,0.0125,2.7,2,1554400666547,17318699,333
2019-04-05 11:32:14.483,10.0,sell,5000.35,BTC-26APR19-4000-P,73.25,0.0075,10.0,2,1554463934483,17359162,334
2019-04-05 18:35:41.835,5.0,buy,5034.66,BTC-26APR19-4000-P,78.13,0.0085,5.0,0,1554489341835,17378490,335
2019-04-05 20:01:01.064,0.5,buy,5017.38,BTC-26APR19-4000-P,78.62,0.009000000000000001,0.5,0,1554494461064,17380224,336
2019-04-06 16:05:34.966,0.1,buy,5156.06,BTC-26APR19-4000-P,73.46,0.0045,0.1,2,1554566734966,17404424,337
2019-04-06 17:39:56.274,4.0,buy,5165.54,BTC-26APR19-4000-P,74.01,0.0045,4.0,3,1554572396274,17414414,338
2019-04-07 17:08:52.286,0.1,buy,5125.67,BTC-26APR19-4000-P,77.67,0.0055,0.1,0,1554656932286,17474237,339
2019-04-07 22:30:17.735,0.1,sell,5176.92,BTC-26APR19-4000-P,74.91,0.004,0.1,2,1554676217735,17484452,340
2019-04-07 22:30:20.145,0.1,sell,5178.89,BTC-26APR19-4000-P,75.0,0.004,0.1,3,1554676220145,17484453,341
2019-04-08 01:16:40.265,1.0,sell,5297.38,BTC-26APR19-4000-P,80.54,0.004,1.0,3,1554686200265,17501903,342
2019-04-08 15:23:59.787,0.3,sell,5247.56,BTC-26APR19-4000-P,79.62,0.004,0.3,3,1554737039787,17534458,343
2019-04-09 13:40:17.216,1.0,buy,5228.86,BTC-26APR19-4000-P,87.02,0.0055,1.0,0,1554817217216,17574361,344
2019-04-09 13:40:43.568,1.0,buy,5230.24,BTC-26APR19-4000-P,87.09,0.0055,1.0,1,1554817243568,17574421,345
2019-04-09 19:45:17.738,1.0,sell,5212.86,BTC-26APR19-4000-P,78.49,0.0035,1.0,2,1554839117738,17580534,346
2019-04-09 19:45:18.681,1.0,sell,5212.86,BTC-26APR19-4000-P,78.49,0.0035,1.0,3,1554839118681,17580535,347
2019-04-09 19:45:19.823,1.0,sell,5212.86,BTC-26APR19-4000-P,78.49,0.0035,1.0,3,1554839119823,17580536,348
2019-04-09 19:45:20.875,1.0,sell,5212.86,BTC-26APR19-4000-P,78.49,0.0035,1.0,3,1554839120875,17580537,349
2019-04-10 02:38:43.562,4.6000000000000005,buy,5231.58,BTC-26APR19-4000-P,74.78,0.0025,4.6000000000000005,2,1554863923562,17590838,350
