date_utc,amount,direction,indexPrice,instrument,iv,price,quantity,tickDirection,timeStamp,tradeId,tradeSeq
2019-04-26 13:50:42.379,0.1,sell,5170.07,BTC-10MAY19-5500-C,53.97,0.0185,0.1,1,1556286642379,18330061,1
2019-04-26 20:46:13.779,5.0,buy,5105.16,BTC-10MAY19-5500-C,57.36,0.017,5.0,2,1556311573779,18347366,2
2019-04-26 20:51:22.916,20.0,sell,5089.53,BTC-10MAY19-5500-C,59.38,0.0175,20.0,0,1556311882916,18348201,3
2019-04-26 22:06:36.904,4.0,buy,5168.87,BTC-10MAY19-5500-C,53.24,0.0175,4.0,1,1556316396904,18350822,4
2019-04-26 22:30:53.460,4.5,sell,5147.13,BTC-10MAY19-5500-C,54.23,0.017,4.5,2,1556317853460,18352459,5
2019-04-27 00:05:06.508,5.5,buy,5163.98,BTC-10MAY19-5500-C,53.02,0.017,5.5,3,1556323506508,18354142,6
2019-04-27 02:58:20.975,2.5,sell,5146.6,BTC-10MAY19-5500-C,53.87,0.0165,2.5,2,1556333900975,18355954,7
2019-04-27 08:41:53.193,0.9,sell,5158.74,BTC-10MAY19-5500-C,51.8,0.0155,0.9,2,1556354513193,18361282,8
2019-04-27 17:31:55.063,0.3,buy,5173.76,BTC-10MAY19-5500-C,52.93,0.0165,0.3,0,1556386315063,18367929,9
2019-04-27 17:31:55.063,0.1,buy,5173.76,BTC-10MAY19-5500-C,52.93,0.0165,0.1,1,1556386315063,18367930,10
2019-04-28 05:42:22.295,0.1,sell,5166.63,BTC-10MAY19-5500-C,54.63,0.0165,0.1,1,1556430142295,18380121,11
2019-04-28 09:32:57.751,0.5,sell,5182.38,BTC-10MAY19-5500-C,50.37,0.0145,0.5,2,1556443977751,18382116,12
2019-04-28 13:27:41.284,0.2,buy,5199.61,BTC-10MAY19-5500-C,53.37,0.017,0.2,0,1556458061284,18385690,13
2019-04-28 13:27:41.284,9.8,buy,5199.61,BTC-10MAY19-5500-C,54.18,0.0175,9.8,0,1556458061284,18385691,14
2019-04-28 19:31:00.967,0.2,sell,5131.79,BTC-10MAY19-5500-C,57.22,0.0155,0.2,2,1556479860967,18396465,15
2019-04-29 10:55:05.399,0.1,sell,5143.66,BTC-10MAY19-5500-C,56.09,0.0145,0.1,2,1556535305399,18415821,16
2019-04-29 12:29:39.669,3.1,sell,5126.3,BTC-10MAY19-5500-C,57.74,0.0145,3.1,3,1556540979669,18419114,17
2019-04-29 12:49:52.725,0.3,buy,5133.66,BTC-10MAY19-5500-C,59.83,0.016,0.3,0,1556542192725,18420167,18
2019-04-30 04:22:06.416,1.0,sell,5143.11,BTC-10MAY19-5500-C,59.04,0.015,1.0,2,1556598126416,18448206,19
2019-04-30 11:31:54.026,10.0,sell,5191.84,BTC-10MAY19-5500-C,57.29,0.016,10.0,0,1556623914026,18459608,20
2019-04-30 11:32:01.026,6.9,sell,5191.55,BTC-10MAY19-5500-C,57.32,0.016,6.9,1,1556623921026,18459613,21
2019-04-30 13:22:03.737,0.2,buy,5251.2,BTC-10MAY19-5500-C,54.47,0.0175,0.2,0,1556630523737,18466896,22
2019-04-30 13:22:12.269,5.0,buy,5260.22,BTC-10MAY19-5500-C,54.44,0.018000000000000002,5.0,0,1556630532269,18467105,23
2019-04-30 14:46:12.783,1.0,buy,5261.25,BTC-10MAY19-5500-C,56.19,0.019,1.0,0,1556635572783,18475654,24
2019-04-30 15:50:12.579,0.1,buy,5258.99,BTC-10MAY19-5500-C,54.85,0.018000000000000002,0.1,2,1556639412579,18477792,25
2019-04-30 15:51:17.879,9.9,buy,5261.33,BTC-10MAY19-5500-C,54.62,0.018000000000000002,9.9,3,1556639477879,18477818,26
2019-04-30 16:02:44.329,0.1,sell,5257.08,BTC-10MAY19-5500-C,53.34,0.017,0.1,2,1556640164329,18478089,27
2019-04-30 16:02:57.722,0.4,buy,5257.0,BTC-10MAY19-5500-C,53.35,0.017,0.4,3,1556640177722,18478091,28
2019-04-30 17:51:52.034,2.1,sell,5231.56,BTC-10MAY19-5500-C,54.29,0.016,2.1,2,1556646712034,18481197,29
2019-04-30 17:51:52.036,2.4,sell,5231.56,BTC-10MAY19-5500-C,54.29,0.016,2.4,3,1556646712036,18481198,30
2019-04-30 17:51:52.046,1.6,sell,5231.56,BTC-10MAY19-5500-C,54.29,0.016,1.6,3,1556646712046,18481199,31
2019-04-30 17:51:52.050,2.3000000000000003,sell,5231.56,BTC-10MAY19-5500-C,54.29,0.016,2.3000000000000003,3,1556646712050,18481200,32
2019-04-30 17:51:52.059,0.5,sell,5231.56,BTC-10MAY19-5500-C,54.29,0.016,0.5,3,1556646712059,18481201,33
2019-04-30 17:51:52.060,1.1,sell,5231.56,BTC-10MAY19-5500-C,54.29,0.016,1.1,3,1556646712060,18481202,34
2019-04-30 17:57:15.828,0.5,buy,5232.19,BTC-10MAY19-5500-C,54.24,0.016,0.5,3,1556647035828,18481257,35
2019-04-30 17:57:15.828,6.6000000000000005,buy,5232.19,BTC-10MAY19-5500-C,54.24,0.016,6.6000000000000005,3,1556647035828,18481259,37
2019-04-30 17:57:15.828,2.9,buy,5232.19,BTC-10MAY19-5500-C,54.24,0.016,2.9,3,1556647035828,18481258,36
2019-04-30 18:02:54.948,1.5,buy,5236.18,BTC-10MAY19-5500-C,53.86,0.016,1.5,3,1556647374948,18481413,38
2019-04-30 18:02:54.948,1.4,buy,5236.18,BTC-10MAY19-5500-C,53.86,0.016,1.4,3,1556647374948,18481414,39
2019-04-30 18:02:54.948,5.6000000000000005,buy,5236.18,BTC-10MAY19-5500-C,53.86,0.016,5.6000000000000005,3,1556647374948,18481415,40
2019-04-30 18:02:54.948,3.8,buy,5236.18,BTC-10MAY19-5500-C,53.86,0.016,3.8,3,1556647374948,18481416,41
2019-04-30 18:02:54.948,7.7,buy,5236.18,BTC-10MAY19-5500-C,53.86,0.016,7.7,3,1556647374948,18481417,42
2019-04-30 18:10:47.208,1.2,buy,5234.87,BTC-10MAY19-5500-C,54.01,0.016,1.2,3,1556647847208,18481489,43
2019-04-30 18:10:47.208,7.4,buy,5234.87,BTC-10MAY19-5500-C,54.01,0.016,7.4,3,1556647847208,18481491,45
2019-04-30 18:10:47.208,3.9,buy,5234.87,BTC-10MAY19-5500-C,54.01,0.016,3.9,3,1556647847208,18481490,44
2019-04-30 18:10:47.208,2.5,buy,5234.87,BTC-10MAY19-5500-C,54.01,0.016,2.5,3,1556647847208,18481492,46
2019-04-30 18:11:29.122,2.0,buy,5235.51,BTC-10MAY19-5500-C,53.95,0.016,2.0,3,1556647889122,18481520,48
2019-04-30 18:11:29.122,0.3,buy,5235.51,BTC-10MAY19-5500-C,53.95,0.016,0.3,3,1556647889122,18481519,47
2019-04-30 18:42:29.376,0.2,sell,5243.27,BTC-10MAY19-5500-C,53.25,0.016,0.2,3,1556649749376,18481773,49
2019-04-30 18:50:50.100,0.3,sell,5247.04,BTC-10MAY19-5500-C,52.9,0.016,0.3,3,1556650250100,18481828,50
2019-04-30 22:16:59.707,0.6,buy,5271.47,BTC-10MAY19-5500-C,53.5,0.0175,0.6,0,1556662619707,18485362,51
2019-05-01 00:05:03.947,1.7,buy,5268.33,BTC-10MAY19-5500-C,58.34,0.02,1.7,0,1556669103947,18488748,56
2019-05-01 00:05:03.947,0.2,buy,5268.33,BTC-10MAY19-5500-C,56.63,0.019,0.2,1,1556669103947,18488747,55
2019-05-01 00:05:03.947,0.2,buy,5268.33,BTC-10MAY19-5500-C,56.63,0.019,0.2,1,1556669103947,18488746,54
2019-05-01 00:05:03.947,0.2,buy,5268.33,BTC-10MAY19-5500-C,56.63,0.019,0.2,0,1556669103947,18488745,53
2019-05-01 00:05:03.947,0.2,buy,5268.33,BTC-10MAY19-5500-C,54.9,0.018000000000000002,0.2,0,1556669103947,18488744,52
2019-05-01 02:03:30.898,100.0,sell,5305.29,BTC-10MAY19-5500-C,53.86,0.0195,100.0,2,1556676210898,18493760,57
2019-05-01 02:21:19.283,0.6,buy,5329.0,BTC-10MAY19-5500-C,57.16,0.023,0.6,0,1556677279283,18495062,58
2019-05-01 02:22:36.869,40.0,sell,5327.3,BTC-10MAY19-5500-C,52.38,0.02,40.0,2,1556677356869,18495121,59
2019-05-01 02:23:22.799,100.0,sell,5326.7,BTC-10MAY19-5500-C,52.44,0.02,100.0,3,1556677402799,18495159,60
2019-05-01 02:24:14.776,25.0,sell,5327.08,BTC-10MAY19-5500-C,52.4,0.02,25.0,3,1556677454776,18495175,61
2019-05-01 02:25:43.911,25.0,sell,5326.7,BTC-10MAY19-5500-C,52.45,0.02,25.0,3,1556677543911,18495224,62
2019-05-01 02:25:46.122,3.8,sell,5327.13,BTC-10MAY19-5500-C,50.73,0.019,3.8,2,1556677546122,18495227,65
2019-05-01 02:25:46.122,10.0,sell,5327.13,BTC-10MAY19-5500-C,52.4,0.02,10.0,3,1556677546122,18495225,63
2019-05-01 02:25:46.122,6.2,sell,5327.13,BTC-10MAY19-5500-C,51.57,0.0195,6.2,2,1556677546122,18495226,64
2019-05-01 02:30:00.518,4.0,sell,5327.97,BTC-10MAY19-5500-C,50.64,0.019,4.0,3,1556677800518,18495318,68
2019-05-01 02:30:00.518,50.0,sell,5327.97,BTC-10MAY19-5500-C,50.64,0.019,50.0,3,1556677800518,18495317,67
2019-05-01 02:30:00.518,6.0,sell,5327.97,BTC-10MAY19-5500-C,50.64,0.019,6.0,3,1556677800518,18495316,66
2019-05-01 02:32:13.144,0.4,buy,5329.59,BTC-10MAY19-5500-C,55.47,0.022,0.4,0,1556677933144,18495330,69
2019-05-01 02:46:06.537,0.2,buy,5327.79,BTC-10MAY19-5500-C,52.37,0.02,0.2,2,1556678766537,18495477,70
2019-05-01 02:54:16.255,30.0,sell,5325.2,BTC-10MAY19-5500-C,50.15,0.0185,30.0,2,1556679256255,18495560,71
2019-05-01 07:32:40.424,0.5,sell,5315.63,BTC-10MAY19-5500-C,50.0,0.0175,0.5,2,1556695960424,18499603,72
2019-05-01 10:26:09.014,0.1,buy,5298.86,BTC-10MAY19-5500-C,55.6,0.0195,0.1,0,1556706369014,18503802,73
2019-05-01 12:26:16.015,20.0,buy,5297.87,BTC-10MAY19-5500-C,54.23,0.0185,20.0,2,1556713576015,18506105,74
2019-05-01 13:07:56.325,8.9,buy,5286.44,BTC-10MAY19-5500-C,56.42,0.019,8.9,1,1556716076325,18507821,76
2019-05-01 13:07:56.325,6.0,buy,5286.44,BTC-10MAY19-5500-C,56.42,0.019,6.0,0,1556716076325,18507820,75
2019-05-01 13:15:47.466,10.0,sell,5286.7,BTC-10MAY19-5500-C,56.41,0.019,10.0,1,1556716547466,18507901,77
2019-05-01 13:21:13.107,6.0,sell,5285.79,BTC-10MAY19-5500-C,56.52,0.019,6.0,1,1556716873107,18507936,78
2019-05-01 13:21:16.372,4.1,sell,5285.79,BTC-10MAY19-5500-C,56.52,0.019,4.1,1,1556716876372,18507937,79
2019-05-01 17:37:32.118,0.8,buy,5328.18,BTC-10MAY19-5500-C,55.04,0.0205,0.8,0,1556732252118,18512355,80
2019-05-01 17:41:56.657,5.0,sell,5325.21,BTC-10MAY19-5500-C,55.39,0.0205,5.0,1,1556732516657,18512451,81
2019-05-01 17:42:21.852,5.0,sell,5325.25,BTC-10MAY19-5500-C,55.38,0.0205,5.0,1,1556732541852,18512461,82
2019-05-01 18:03:07.026,19.2,sell,5312.97,BTC-10MAY19-5500-C,56.81,0.0205,19.2,1,1556733787026,18515197,83
2019-05-01 18:06:29.076,3.1,sell,5303.27,BTC-10MAY19-5500-C,53.5,0.018000000000000002,3.1,2,1556733989076,18517141,84
2019-05-01 18:24:02.074,0.5,sell,5316.95,BTC-10MAY19-5500-C,52.04,0.018000000000000002,0.5,3,1556735042074,18518468,85
2019-05-01 23:12:29.527,3.0,sell,5306.19,BTC-10MAY19-5500-C,52.95,0.0175,3.0,2,1556752349527,18524277,86
2019-05-02 04:29:15.191,0.2,buy,5316.69,BTC-10MAY19-5500-C,55.19,0.019,0.2,0,1556771355191,18532185,87
2019-05-02 04:40:26.586,1.2,sell,5316.82,BTC-10MAY19-5500-C,51.59,0.017,1.2,2,1556772026586,18532206,88
2019-05-02 08:49:55.872,3.0,buy,5359.0,BTC-10MAY19-5500-C,54.4,0.021,3.0,0,1556786995872,18539925,89
2019-05-02 08:59:51.030,7.0,buy,5374.75,BTC-10MAY19-5500-C,52.5,0.021,7.0,1,1556787591030,18540687,90
2019-05-02 10:52:56.459,1.0,sell,5358.57,BTC-10MAY19-5500-C,52.08,0.0195,1.0,2,1556794376459,18546262,91
2019-05-02 11:14:29.435,0.2,sell,5360.51,BTC-10MAY19-5500-C,51.89,0.0195,0.2,3,1556795669435,18546454,92
2019-05-02 11:27:21.767,0.5,buy,5367.89,BTC-10MAY19-5500-C,52.8,0.0205,0.5,0,1556796441767,18546636,93
2019-05-02 12:57:14.300,1.0,buy,5379.09,BTC-10MAY19-5500-C,52.51,0.021,1.0,0,1556801834300,18548276,94
2019-05-02 14:01:29.957,5.0,sell,5364.52,BTC-10MAY19-5500-C,50.89,0.019,5.0,2,1556805689957,18552099,95
2019-05-02 14:15:13.212,0.1,buy,5363.66,BTC-10MAY19-5500-C,55.51,0.0215,0.1,0,1556806513212,18552404,96
2019-05-02 14:38:00.131,0.2,buy,5376.67,BTC-10MAY19-5500-C,52.16,0.0205,0.2,2,1556807880131,18553175,97
2019-05-02 15:04:36.508,0.1,buy,5393.1,BTC-10MAY19-5500-C,51.04,0.021,0.1,0,1556809476508,18555386,98
2019-05-02 15:11:52.748,6.0,buy,5412.65,BTC-10MAY19-5500-C,51.16,0.0225,6.0,0,1556809912748,18556948,99
2019-05-02 15:11:54.218,4.0,buy,5414.16,BTC-10MAY19-5500-C,50.96,0.0225,4.0,1,1556809914218,18556982,100
2019-05-02 15:39:38.552,1.0,sell,5399.51,BTC-10MAY19-5500-C,50.3,0.021,1.0,2,1556811578552,18559406,101
2019-05-02 16:08:32.295,10.0,buy,5415.41,BTC-10MAY19-5500-C,54.44,0.0245,10.0,0,1556813312295,18560340,102
2019-05-02 16:09:28.928,3.0,buy,5413.87,BTC-10MAY19-5500-C,54.64,0.0245,3.0,1,1556813368928,18560414,103
2019-05-02 16:12:03.166,2.5,sell,5410.24,BTC-10MAY19-5500-C,49.86,0.0215,2.5,2,1556813523166,18560485,104
2019-05-02 20:36:09.681,10.0,buy,5393.47,BTC-10MAY19-5500-C,53.57,0.022,10.0,0,1556829369681,18569467,105
2019-05-02 21:30:22.322,0.1,buy,5413.78,BTC-10MAY19-5500-C,51.91,0.0225,0.1,0,1556832622322,18571663,106
2019-05-02 21:32:58.783,0.3,sell,5412.38,BTC-10MAY19-5500-C,51.21,0.022,0.3,2,1556832778783,18571754,107
2019-05-02 21:33:29.523,0.1,sell,5412.25,BTC-10MAY19-5500-C,51.23,0.022,0.1,3,1556832809523,18571764,108
2019-05-03 00:26:40.629,0.5,buy,5382.09,BTC-10MAY19-5500-C,54.73,0.0215,0.5,2,1556843200629,18577925,109
2019-05-03 00:30:14.188,0.5,buy,5391.4,BTC-10MAY19-5500-C,55.34,0.0225,0.5,0,1556843414188,18578291,110
2019-05-03 01:47:48.166,10.0,buy,5437.36,BTC-10MAY19-5500-C,50.18,0.023,10.0,0,1556848068166,18583459,111
2019-05-03 02:05:24.419,1.0,buy,5440.55,BTC-10MAY19-5500-C,52.46,0.0245,1.0,0,1556849124419,18584424,112
2019-05-03 02:29:07.908,5.0,buy,5444.14,BTC-10MAY19-5500-C,52.91,0.025,5.0,0,1556850547908,18585987,113
2019-05-03 03:45:58.444,3.0,buy,5474.93,BTC-10MAY19-5500-C,57.51,0.03,3.0,0,1556855158444,18593341,114
2019-05-03 03:49:45.978,15.0,sell,5470.4,BTC-10MAY19-5500-C,56.42,0.028999999999999998,15.0,2,1556855385978,18593423,115
2019-05-03 04:52:51.336,6.0,sell,5484.0,BTC-10MAY19-5500-C,52.73,0.027999999999999997,6.0,2,1556859171336,18597022,116
2019-05-03 04:52:51.342,6.0,buy,5484.0,BTC-10MAY19-5500-C,51.83,0.0275,6.0,2,1556859171342,18597023,117
2019-05-03 04:52:51.388,6.0,buy,5484.0,BTC-10MAY19-5500-C,51.83,0.0275,6.0,3,1556859171388,18597024,118
2019-05-03 04:53:17.767,2.0,buy,5487.97,BTC-10MAY19-5500-C,51.22,0.0275,2.0,3,1556859197767,18597051,119
2019-05-03 05:19:16.282,6.0,buy,5478.42,BTC-10MAY19-5500-C,52.75,0.0275,6.0,3,1556860756282,18598136,120
2019-05-03 05:20:59.158,6.0,buy,5484.55,BTC-10MAY19-5500-C,51.82,0.0275,6.0,3,1556860859158,18598233,121
2019-05-03 05:21:12.737,6.0,buy,5485.0,BTC-10MAY19-5500-C,51.75,0.0275,6.0,3,1556860872737,18598243,122
2019-05-03 05:23:44.823,6.0,buy,5483.9,BTC-10MAY19-5500-C,51.92,0.0275,6.0,3,1556861024823,18598300,123
2019-05-03 05:25:20.960,6.0,buy,5485.77,BTC-10MAY19-5500-C,51.64,0.0275,6.0,3,1556861120960,18598335,124
2019-05-03 05:25:24.783,5.0,buy,5485.83,BTC-10MAY19-5500-C,51.63,0.0275,5.0,3,1556861124783,18598336,125
2019-05-03 05:52:44.066,1.0,buy,5493.77,BTC-10MAY19-5500-C,57.66,0.0315,1.0,0,1556862764066,18599090,126
2019-05-03 05:58:08.950,0.1,sell,5491.2,BTC-10MAY19-5500-C,49.98,0.027000000000000003,0.1,2,1556863088950,18599218,127
2019-05-03 05:58:08.952,0.4,buy,5491.2,BTC-10MAY19-5500-C,49.98,0.027000000000000003,0.4,3,1556863088952,18599219,128
2019-05-03 06:07:26.124,0.5,buy,5494.09,BTC-10MAY19-5500-C,50.44,0.0275,0.5,0,1556863646124,18599448,129
2019-05-03 06:22:22.139,4.0,buy,5521.19,BTC-10MAY19-5500-C,56.94,0.0335,4.0,0,1556864542139,18601968,130
2019-05-03 06:31:07.579,0.5,buy,5539.8,BTC-10MAY19-5500-C,57.49,0.0355,0.5,0,1556865067579,18603938,131
2019-05-03 06:47:54.153,1.0,sell,5526.95,BTC-10MAY19-5500-C,56.06,0.0335,1.0,2,1556866074153,18608184,132
2019-05-03 06:50:12.445,1.0,buy,5517.05,BTC-10MAY19-5500-C,56.8,0.033,1.0,2,1556866212445,18608602,133
2019-05-03 07:15:00.732,0.6,buy,5537.12,BTC-10MAY19-5500-C,56.25,0.0345,0.6,0,1556867700732,18610609,134
2019-05-03 07:28:53.805,0.2,sell,5539.57,BTC-10MAY19-5500-C,55.87,0.0345,0.2,1,1556868533805,18611720,135
2019-05-03 07:36:27.273,3.0,buy,5555.87,BTC-10MAY19-5500-C,53.06,0.0345,3.0,1,1556868987273,18612276,136
2019-05-03 08:00:20.147,6.0,buy,5583.7,BTC-10MAY19-5500-C,50.83,0.036000000000000004,6.0,0,1556870420147,18616818,137
2019-05-03 08:00:57.029,2.0,sell,5583.2,BTC-10MAY19-5500-C,49.99,0.0355,2.0,2,1556870457029,18616863,138
2019-05-03 08:01:08.307,0.5,buy,5583.22,BTC-10MAY19-5500-C,50.92,0.036000000000000004,0.5,0,1556870468307,18616875,139
2019-05-03 08:01:30.424,2.0,sell,5582.32,BTC-10MAY19-5500-C,49.23,0.035,2.0,2,1556870490424,18616898,140
2019-05-03 08:01:40.305,3.5,buy,5582.31,BTC-10MAY19-5500-C,51.1,0.036000000000000004,3.5,0,1556870500305,18616911,141
2019-05-03 08:01:47.612,2.0,sell,5582.52,BTC-10MAY19-5500-C,49.19,0.035,2.0,2,1556870507612,18616914,142
2019-05-03 08:02:11.346,0.1,buy,5579.33,BTC-10MAY19-5500-C,52.58,0.0365,0.1,0,1556870531346,18616941,143
2019-05-03 08:02:29.038,1.0,sell,5579.59,BTC-10MAY19-5500-C,49.74,0.035,1.0,2,1556870549038,18616994,144
2019-05-03 08:02:39.323,1.0,buy,5579.96,BTC-10MAY19-5500-C,51.54,0.036000000000000004,1.0,0,1556870559323,18617001,145
2019-05-03 08:04:36.732,0.4,sell,5575.39,BTC-10MAY19-5500-C,49.6,0.0345,0.4,2,1556870676732,18617159,146
2019-05-03 08:11:05.394,3.5,buy,5565.55,BTC-10MAY19-5500-C,52.35,0.035,3.5,0,1556871065394,18618171,147
2019-05-03 08:11:17.038,2.0,buy,5565.2,BTC-10MAY19-5500-C,53.33,0.0355,2.0,0,1556871077038,18618181,148
2019-05-03 08:15:36.182,0.3,buy,5578.32,BTC-10MAY19-5500-C,51.88,0.036000000000000004,0.3,0,1556871336182,18618737,149
2019-05-03 08:18:57.394,29.2,buy,5574.61,BTC-10MAY19-5500-C,53.5,0.0365,29.2,0,1556871537394,18618899,150
2019-05-03 08:28:29.662,5.0,buy,5571.14,BTC-10MAY19-5500-C,51.37,0.035,5.0,2,1556872109662,18619218,151
2019-05-03 08:28:34.247,5.0,buy,5571.23,BTC-10MAY19-5500-C,51.36,0.035,5.0,3,1556872114247,18619219,152
2019-05-03 08:28:40.342,5.0,buy,5570.81,BTC-10MAY19-5500-C,51.44,0.035,5.0,3,1556872120342,18619221,153
2019-05-03 08:28:42.651,5.0,buy,5570.72,BTC-10MAY19-5500-C,51.45,0.035,5.0,3,1556872122651,18619223,154
2019-05-03 08:28:46.144,5.0,buy,5570.61,BTC-10MAY19-5500-C,51.47,0.035,5.0,3,1556872126144,18619230,155
2019-05-03 08:29:09.555,0.1,sell,5570.56,BTC-10MAY19-5500-C,49.63,0.034,0.1,2,1556872149555,18619242,156
2019-05-03 08:30:07.045,5.0,buy,5567.72,BTC-10MAY19-5500-C,52.93,0.0355,5.0,0,1556872207045,18619313,157
2019-05-03 08:31:49.134,15.0,buy,5568.87,BTC-10MAY19-5500-C,52.72,0.0355,15.0,1,1556872309134,18619420,158
2019-05-03 08:39:11.340,0.4,buy,5624.58,BTC-10MAY19-5500-C,58.15,0.044,0.4,0,1556872751340,18622393,159
2019-05-03 08:39:12.031,5.6000000000000005,sell,5624.58,BTC-10MAY19-5500-C,58.15,0.044,5.6000000000000005,1,1556872752031,18622401,160
2019-05-03 08:51:01.728,0.4,buy,5709.47,BTC-10MAY19-5500-C,58.9,0.0535,0.4,0,1556873461728,18628423,161
2019-05-03 08:51:01.832,0.1,sell,5709.47,BTC-10MAY19-5500-C,59.93,0.054000000000000006,0.1,0,1556873461832,18628426,162
2019-05-03 08:52:53.155,0.4,buy,5677.46,BTC-10MAY19-5500-C,71.73,0.0565,0.4,0,1556873573155,18632173,163
2019-05-03 08:53:35.913,1.0,sell,5685.78,BTC-10MAY19-5500-C,70.05,0.0565,1.0,1,1556873615913,18632739,164
2019-05-03 08:53:36.569,0.1,sell,5685.78,BTC-10MAY19-5500-C,70.05,0.0565,0.1,1,1556873616569,18632758,165
2019-05-03 08:53:36.569,1.9,sell,5685.78,BTC-10MAY19-5500-C,70.05,0.0565,1.9,1,1556873616569,18632759,166
2019-05-03 08:53:38.465,2.0,sell,5685.21,BTC-10MAY19-5500-C,70.16,0.0565,2.0,1,1556873618465,18632782,167
2019-05-03 08:53:57.564,0.6,sell,5669.55,BTC-10MAY19-5500-C,73.31,0.0565,0.6,1,1556873637564,18633110,168
2019-05-03 08:53:57.564,3.7,sell,5669.55,BTC-10MAY19-5500-C,73.31,0.0565,3.7,1,1556873637564,18633111,169
2019-05-03 08:53:57.564,1.7,sell,5669.55,BTC-10MAY19-5500-C,73.31,0.0565,1.7,1,1556873637564,18633112,170
2019-05-03 08:54:07.887,0.8,sell,5665.76,BTC-10MAY19-5500-C,74.06,0.0565,0.8,1,1556873647887,18633204,174
2019-05-03 08:54:07.887,2.8000000000000003,sell,5665.76,BTC-10MAY19-5500-C,74.06,0.0565,2.8000000000000003,1,1556873647887,18633209,179
2019-05-03 08:54:07.887,1.2,sell,5665.76,BTC-10MAY19-5500-C,74.06,0.0565,1.2,1,1556873647887,18633202,172
2019-05-03 08:54:07.887,0.3,sell,5665.76,BTC-10MAY19-5500-C,74.06,0.0565,0.3,1,1556873647887,18633210,180
2019-05-03 08:54:07.887,0.3,sell,5665.76,BTC-10MAY19-5500-C,74.06,0.0565,0.3,1,1556873647887,18633201,171
2019-05-03 08:54:07.887,0.7000000000000001,sell,5665.76,BTC-10MAY19-5500-C,74.06,0.0565,0.7000000000000001,1,1556873647887,18633208,178
2019-05-03 08:54:07.887,1.9,sell,5665.76,BTC-10MAY19-5500-C,74.06,0.0565,1.9,1,1556873647887,18633206,176
2019-05-03 08:54:07.887,1.1,sell,5665.76,BTC-10MAY19-5500-C,74.06,0.0565,1.1,1,1556873647887,18633211,181
2019-05-03 08:54:07.887,1.2,sell,5665.76,BTC-10MAY19-5500-C,74.06,0.0565,1.2,1,1556873647887,18633203,173
2019-05-03 08:54:07.887,1.0,sell,5665.76,BTC-10MAY19-5500-C,74.06,0.0565,1.0,1,1556873647887,18633205,175
2019-05-03 08:54:07.887,4.1,sell,5665.76,BTC-10MAY19-5500-C,74.06,0.0565,4.1,1,1556873647887,18633207,177
2019-05-03 08:54:07.887,1.4,sell,5665.76,BTC-10MAY19-5500-C,74.06,0.0565,1.4,1,1556873647887,18633212,182
2019-05-03 08:54:07.887,0.8,sell,5665.76,BTC-10MAY19-5500-C,74.06,0.0565,0.8,1,1556873647887,18633213,183
2019-05-03 08:56:19.830,3.0,sell,5660.28,BTC-10MAY19-5500-C,63.56,0.0505,3.0,2,1556873779830,18634977,184
2019-05-03 09:11:07.893,0.4,buy,5681.54,BTC-10MAY19-5500-C,60.13,0.051,0.4,0,1556874667893,18638981,185
2019-05-03 09:11:07.893,0.2,buy,5681.54,BTC-10MAY19-5500-C,66.07,0.054000000000000006,0.2,0,1556874667893,18638982,186
2019-05-03 09:11:32.187,1.0,buy,5690.84,BTC-10MAY19-5500-C,67.09,0.0555,1.0,0,1556874692187,18639063,187
2019-05-03 09:17:26.953,0.5,sell,5685.4,BTC-10MAY19-5500-C,54.25,0.0485,0.5,2,1556875046953,18640899,188
2019-05-03 09:40:53.919,2.0,buy,5719.34,BTC-10MAY19-5500-C,53.55,0.052000000000000005,2.0,0,1556876453919,18647107,189
2019-05-03 09:43:02.765,2.4,buy,5747.17,BTC-10MAY19-5500-C,56.28,0.0565,2.4,0,1556876582765,18648381,190
2019-05-03 09:43:51.271,1.0,buy,5758.34,BTC-10MAY19-5500-C,66.42,0.0625,1.0,0,1556876631271,18648759,191
2019-05-03 10:05:00.713,0.4,buy,5730.24,BTC-10MAY19-5500-C,58.4,0.0555,0.4,2,1556877900713,18657849,192
2019-05-03 11:18:21.145,1.0,buy,5686.39,BTC-10MAY19-5500-C,59.45,0.051,1.0,2,1556882301145,18668517,193
2019-05-03 11:18:21.602,0.6,buy,5686.39,BTC-10MAY19-5500-C,59.45,0.051,0.6,3,1556882301602,18668518,194
2019-05-03 11:40:25.006,0.5,buy,5712.62,BTC-10MAY19-5500-C,58.67,0.0535,0.5,0,1556883625006,18671192,195
2019-05-03 11:42:28.306,7.0,buy,5721.67,BTC-10MAY19-5500-C,60.73,0.0555,7.0,0,1556883748306,18671813,196
2019-05-03 11:54:46.869,1.0,sell,5710.84,BTC-10MAY19-5500-C,58.09,0.053,1.0,2,1556884486869,18672795,197
2019-05-03 12:29:40.603,0.1,buy,5734.92,BTC-10MAY19-5500-C,60.89,0.057,0.1,0,1556886580603,18674672,198
2019-05-03 12:30:27.906,5.0,buy,5734.93,BTC-10MAY19-5500-C,66.16,0.0595,5.0,0,1556886627906,18674697,199
2019-05-03 14:02:47.444,1.0,sell,5737.54,BTC-10MAY19-5500-C,57.29,0.0555,1.0,2,1556892167444,18680943,200
2019-05-03 14:09:44.808,1.0,buy,5756.94,BTC-10MAY19-5500-C,57.85,0.058,1.0,0,1556892584808,18681344,201
2019-05-03 15:49:34.563,1.0,sell,5705.82,BTC-10MAY19-5500-C,56.82,0.0515,1.0,2,1556898574563,18690921,202
2019-05-03 16:36:21.182,1.0,sell,5720.57,BTC-10MAY19-5500-C,57.65,0.0535,1.0,0,1556901381182,18693013,203
2019-05-03 16:58:30.885,2.0,sell,5690.66,BTC-10MAY19-5500-C,56.4,0.0495,2.0,2,1556902710885,18694014,204
2019-05-03 18:51:12.371,1.0,buy,5691.52,BTC-10MAY19-5500-C,62.8,0.0525,1.0,0,1556909472371,18702948,205
2019-05-04 02:34:20.188,0.4,sell,5775.05,BTC-10MAY19-5500-C,59.88,0.06,0.4,0,1556937260188,18739316,206
2019-05-04 07:52:58.310,1.0,sell,5750.34,BTC-10MAY19-5500-C,53.54,0.054000000000000006,1.0,2,1556956378310,18755454,207
2019-05-04 07:53:58.558,1.0,sell,5753.56,BTC-10MAY19-5500-C,53.82,0.0545,1.0,0,1556956438558,18755480,208
2019-05-04 12:38:11.756,2.6,buy,5709.17,BTC-10MAY19-5500-C,62.32,0.0525,2.6,2,1556973491756,18762463,209
2019-05-04 13:47:41.354,0.1,sell,5645.63,BTC-10MAY19-5500-C,59.28,0.044,0.1,2,1556977661354,18767573,210
2019-05-04 13:57:31.502,0.7000000000000001,buy,5559.53,BTC-10MAY19-5500-C,55.86,0.0335,0.7000000000000001,2,1556978251502,18775500,211
2019-05-04 14:26:44.430,12.0,buy,5572.52,BTC-10MAY19-5500-C,63.58,0.0385,12.0,0,1556980004430,18782324,212
2019-05-04 15:55:51.627,2.0,buy,5558.41,BTC-10MAY19-5500-C,63.64,0.037000000000000005,2.0,2,1556985351627,18785677,213
2019-05-04 17:08:00.263,1.0,sell,5573.09,BTC-10MAY19-5500-C,56.86,0.035,1.0,2,1556989680263,18788355,214
2019-05-04 17:08:00.263,12.0,sell,5573.09,BTC-10MAY19-5500-C,54.79,0.034,12.0,2,1556989680263,18788356,215
2019-05-04 21:02:37.070,0.4,sell,5700.85,BTC-10MAY19-5500-C,48.56,0.045,0.4,0,1557003757070,18800075,216
2019-05-04 21:02:41.669,0.4,buy,5700.9,BTC-10MAY19-5500-C,49.79,0.0455,0.4,0,1557003761669,18800099,217
2019-05-04 21:04:38.577,0.2,buy,5708.45,BTC-10MAY19-5500-C,48.75,0.046,0.2,0,1557003878577,18801488,218
2019-05-04 21:04:42.364,0.2,sell,5709.91,BTC-10MAY19-5500-C,48.3,0.046,0.2,1,1557003882364,18801513,219
2019-05-04 21:04:52.114,0.2,buy,5712.97,BTC-10MAY19-5500-C,48.62,0.0465,0.2,0,1557003892114,18801580,220
2019-05-04 21:05:42.250,0.4,buy,5730.51,BTC-10MAY19-5500-C,49.49,0.049,0.4,0,1557003942250,18801823,221
2019-05-04 21:05:48.280,0.4,sell,5733.24,BTC-10MAY19-5500-C,49.91,0.0495,0.4,0,1557003948280,18801881,222
2019-05-04 21:06:02.578,0.4,sell,5735.13,BTC-10MAY19-5500-C,49.29,0.0495,0.4,1,1557003962578,18802037,223
2019-05-04 21:21:04.031,4.1,buy,5805.55,BTC-10MAY19-5500-C,53.77,0.06,4.1,0,1557004864031,18809060,224
2019-05-04 21:21:07.637,2.9,buy,5809.2,BTC-10MAY19-5500-C,52.36,0.06,2.9,1,1557004867637,18809150,225
2019-05-04 21:28:18.325,1.0,sell,5785.16,BTC-10MAY19-5500-C,51.19,0.0565,1.0,2,1557005298325,18812926,226
2019-05-04 21:41:04.793,1.0,sell,5778.88,BTC-10MAY19-5500-C,52.11,0.056,1.0,2,1557006064793,18815500,227
2019-05-04 22:18:20.159,1.0,buy,5829.08,BTC-10MAY19-5500-C,58.42,0.0645,1.0,0,1557008300159,18822570,228
2019-05-05 02:21:18.779,0.1,sell,5743.34,BTC-10MAY19-5500-C,52.96,0.0515,0.1,2,1557022878779,18847872,229
2019-05-05 05:37:57.319,0.1,buy,5726.19,BTC-10MAY19-5500-C,59.15,0.0515,0.1,3,1557034677319,18854248,230
2019-05-05 05:52:57.532,0.2,buy,5748.67,BTC-10MAY19-5500-C,56.02,0.053,0.2,0,1557035577532,18854721,231
2019-05-05 17:56:45.403,0.1,sell,5668.08,BTC-10MAY19-5500-C,60.36,0.044,0.1,2,1557079005403,18885423,232
2019-05-05 18:52:59.761,0.1,buy,5709.04,BTC-10MAY19-5500-C,65.3,0.0505,0.1,0,1557082379761,18892812,233
2019-05-05 22:32:40.958,0.1,sell,5720.22,BTC-10MAY19-5500-C,60.15,0.0495,0.1,2,1557095560958,18905130,234
2019-05-06 01:20:02.003,0.2,sell,5605.81,BTC-10MAY19-5500-C,61.96,0.037000000000000005,0.2,2,1557105602003,18918523,235
2019-05-06 01:20:05.675,0.4,sell,5603.33,BTC-10MAY19-5500-C,61.37,0.0365,0.4,2,1557105605675,18918610,236
2019-05-06 01:20:09.048,0.4,sell,5599.48,BTC-10MAY19-5500-C,61.13,0.036000000000000004,0.4,2,1557105609048,18918664,237
2019-05-06 01:20:14.127,0.2,sell,5595.46,BTC-10MAY19-5500-C,60.93,0.0355,0.2,2,1557105614127,18918776,238
2019-05-06 01:20:17.655,0.5,buy,5594.59,BTC-10MAY19-5500-C,61.15,0.0355,0.5,3,1557105617655,18918810,239
2019-05-06 01:20:23.530,0.2,sell,5592.42,BTC-10MAY19-5500-C,60.49,0.035,0.2,2,1557105623530,18918914,240
2019-05-06 01:26:06.126,0.2,buy,5579.83,BTC-10MAY19-5500-C,65.98,0.036000000000000004,0.2,0,1557105966126,18921452,241
2019-05-06 01:26:50.570,0.5,buy,5574.75,BTC-10MAY19-5500-C,66.0,0.0355,0.5,2,1557106010570,18921719,242
2019-05-06 01:27:06.836,0.4,buy,5577.19,BTC-10MAY19-5500-C,65.42,0.0355,0.4,3,1557106026836,18921849,243
2019-05-06 01:27:44.441,0.4,buy,5580.1,BTC-10MAY19-5500-C,64.74,0.0355,0.4,3,1557106064441,18922098,244
2019-05-06 01:28:20.860,0.7000000000000001,sell,5572.93,BTC-10MAY19-5500-C,64.06,0.0345,0.7000000000000001,2,1557106100860,18922350,245
2019-05-06 01:36:51.438,0.2,buy,5602.32,BTC-10MAY19-5500-C,54.38,0.0335,0.2,2,1557106611438,18924303,246
2019-05-06 01:52:04.954,1.0,sell,5623.21,BTC-10MAY19-5500-C,52.48,0.035,1.0,0,1557107524954,18926232,247
2019-05-06 04:54:36.855,2.0,buy,5651.2,BTC-10MAY19-5500-C,60.72,0.041,2.0,0,1557118476855,18932119,248
2019-05-06 07:11:49.541,6.0,sell,5626.99,BTC-10MAY19-5500-C,66.99,0.0405,6.0,2,1557126709541,18938103,249
2019-05-06 07:11:49.770,6.0,sell,5626.54,BTC-10MAY19-5500-C,67.11,0.0405,6.0,3,1557126709770,18938114,250
2019-05-06 07:20:48.217,1.8,sell,5610.48,BTC-10MAY19-5500-C,58.82,0.0355,1.8,2,1557127248217,18938316,251
2019-05-06 15:03:43.253,0.1,sell,5666.43,BTC-10MAY19-5500-C,59.21,0.041,0.1,0,1557155023253,18955729,252
2019-05-06 15:03:58.214,0.1,sell,5665.93,BTC-10MAY19-5500-C,59.38,0.041,0.1,1,1557155038214,18955748,253
2019-05-06 15:04:26.233,0.1,sell,5668.4,BTC-10MAY19-5500-C,58.55,0.041,0.1,1,1557155066233,18955771,254
2019-05-06 16:03:19.624,0.1,buy,5679.15,BTC-10MAY19-5500-C,59.56,0.0425,0.1,0,1557158599624,18958157,255
2019-05-06 16:04:36.548,0.1,buy,5676.03,BTC-10MAY19-5500-C,64.97,0.044,0.1,0,1557158676548,18958369,256
2019-05-06 18:31:36.752,0.2,sell,5708.32,BTC-10MAY19-5500-C,60.39,0.046,0.2,0,1557167496752,18968504,257
2019-05-06 18:32:45.682,0.1,buy,5715.3,BTC-10MAY19-5500-C,62.44,0.0475,0.1,0,1557167565682,18968724,258
2019-05-06 18:33:24.061,0.1,sell,5717.62,BTC-10MAY19-5500-C,61.54,0.0475,0.1,1,1557167604061,18968824,259
2019-05-06 18:33:48.705,0.1,buy,5726.2,BTC-10MAY19-5500-C,62.97,0.049,0.1,0,1557167628705,18969005,260
2019-05-06 18:34:58.609,0.1,buy,5725.74,BTC-10MAY19-5500-C,66.32,0.05,0.1,0,1557167698609,18969313,261
2019-05-06 18:37:46.734,6.0,buy,5731.14,BTC-10MAY19-5500-C,68.99,0.0515,6.0,0,1557167866734,18969612,262
2019-05-06 18:49:41.658,3.8,sell,5732.16,BTC-10MAY19-5500-C,68.69,0.0515,3.8,1,1557168581658,18971139,263
2019-05-06 19:00:35.844,0.1,sell,5741.95,BTC-10MAY19-5500-C,59.97,0.05,0.1,2,1557169235844,18971798,264
2019-05-06 19:01:39.657,0.1,buy,5749.64,BTC-10MAY19-5500-C,60.06,0.051,0.1,0,1557169299657,18971929,265
2019-05-06 21:30:48.500,6.0,sell,5682.64,BTC-10MAY19-5500-C,60.23,0.0425,6.0,2,1557178248500,18984086,266
2019-05-07 02:33:19.407,4.0,buy,5848.44,BTC-10MAY19-5500-C,67.38,0.065,4.0,0,1557196399407,19000259,267
2019-05-07 02:33:19.731,3.0,buy,5849.16,BTC-10MAY19-5500-C,66.96,0.065,3.0,1,1557196399731,19000263,268
2019-05-07 02:35:33.298,0.1,buy,5862.1,BTC-10MAY19-5500-C,68.22,0.067,0.1,0,1557196533298,19001307,269
2019-05-07 02:54:54.399,6.0,sell,5862.67,BTC-10MAY19-5500-C,72.43,0.068,6.0,0,1557197694399,19006605,270
2019-05-07 03:00:00.858,6.0,buy,5920.45,BTC-10MAY19-5500-C,69.13,0.075,6.0,0,1557198000858,19009971,271
2019-05-07 03:00:00.920,1.0,buy,5920.45,BTC-10MAY19-5500-C,69.13,0.075,1.0,1,1557198000920,19009973,272
2019-05-07 03:03:30.153,6.0,sell,5886.84,BTC-10MAY19-5500-C,71.68,0.071,6.0,2,1557198210153,19013377,273
2019-05-07 04:36:14.369,1.0,sell,5873.13,BTC-10MAY19-5500-C,71.57,0.069,1.0,2,1557203774369,19025055,274
2019-05-07 10:49:21.514,0.1,buy,5900.71,BTC-10MAY19-5500-C,85.79,0.075,0.1,0,1557226161514,19038247,275
2019-05-07 12:20:29.342,2.0,buy,5903.92,BTC-10MAY19-5500-C,87.15,0.0755,2.0,0,1557231629342,19040032,276
2019-05-07 13:45:52.914,0.2,sell,5917.86,BTC-10MAY19-5500-C,86.7,0.077,0.2,0,1557236752914,19044543,277
2019-05-07 14:00:53.422,0.1,buy,5951.34,BTC-10MAY19-5500-C,94.99,0.083,0.1,0,1557237653422,19045638,278
2019-05-07 14:03:20.246,1.5,sell,5926.41,BTC-10MAY19-5500-C,91.15,0.079,1.5,2,1557237800246,19046791,279
2019-05-07 14:04:35.110,0.8,sell,5901.67,BTC-10MAY19-5500-C,87.33,0.075,0.8,2,1557237875110,19047307,280
2019-05-07 16:50:36.668,2.0,buy,5889.0,BTC-10MAY19-5500-C,72.19,0.07,2.0,2,1557247836668,19067388,281
2019-05-07 22:18:01.194,0.7000000000000001,sell,5878.22,BTC-10MAY19-5500-C,88.54,0.071,0.7000000000000001,0,1557267481194,19082942,282
2019-05-07 23:57:24.921,6.0,sell,5765.37,BTC-10MAY19-5500-C,64.67,0.051,6.0,2,1557273444921,19099902,283
2019-05-08 00:03:51.323,6.0,sell,5715.12,BTC-10MAY19-5500-C,69.32,0.0455,6.0,2,1557273831323,19108242,284
2019-05-08 00:11:33.350,1.0,sell,5736.59,BTC-10MAY19-5500-C,64.01,0.047,1.0,0,1557274293350,19111741,285
2019-05-08 02:53:37.749,6.0,sell,5797.87,BTC-10MAY19-5500-C,72.21,0.0565,6.0,0,1557284017749,19126665,286
2019-05-08 18:35:57.505,1.0,buy,5862.22,BTC-10MAY19-5500-C,47.21,0.062,1.0,0,1557340557505,19164164,287
2019-05-08 18:35:58.492,1.0,buy,5861.76,BTC-10MAY19-5500-C,49.4,0.062,1.0,1,1557340558492,19164166,288
2019-05-08 19:41:51.204,0.2,buy,5906.81,BTC-10MAY19-5500-C,49.22,0.069,0.2,0,1557344511204,19166849,289
2019-05-08 19:43:12.100,2.0,buy,5909.66,BTC-10MAY19-5500-C,51.85,0.0695,2.0,0,1557344592100,19166917,290
2019-05-08 20:03:58.172,0.8,buy,5891.91,BTC-10MAY19-5500-C,67.42,0.0675,0.8,2,1557345838172,19168247,291
2019-05-08 20:28:46.072,2.0,buy,5879.12,BTC-10MAY19-5500-C,78.16,0.0665,2.0,2,1557347326072,19169732,292
2019-05-08 21:06:18.969,2.0,buy,5894.55,BTC-10MAY19-5500-C,76.29,0.0685,2.0,0,1557349578969,19170956,293
2019-05-08 21:21:24.346,1.0,buy,5893.06,BTC-10MAY19-5500-C,73.15,0.068,1.0,2,1557350484346,19171079,294
2019-05-08 21:57:23.117,5.0,buy,5901.91,BTC-10MAY19-5500-C,82.1,0.07,5.0,0,1557352643117,19172087,295
2019-05-08 22:32:36.188,0.1,buy,5923.92,BTC-10MAY19-5500-C,0.0,0.071,0.1,0,1557354756188,19173808,296
2019-05-08 23:25:52.003,6.0,sell,5959.77,BTC-10MAY19-5500-C,77.9,0.078,6.0,0,1557357952003,19181215,297
2019-05-08 23:25:53.204,6.0,sell,5958.84,BTC-10MAY19-5500-C,70.44,0.0775,6.0,2,1557357953204,19181249,298
2019-05-08 23:30:09.867,6.0,buy,5864.36,BTC-10MAY19-5500-C,55.62,0.0625,6.0,2,1557358209867,19185031,299
2019-05-08 23:30:12.731,1.4,buy,5878.17,BTC-10MAY19-5500-C,0.0,0.0635,1.4,0,1557358212731,19185262,300
2019-05-08 23:30:12.741,1.4,buy,5878.17,BTC-10MAY19-5500-C,0.0,0.0635,1.4,1,1557358212741,19185263,301
2019-05-08 23:30:12.751,1.4,buy,5878.17,BTC-10MAY19-5500-C,0.0,0.0635,1.4,1,1557358212751,19185264,302
2019-05-08 23:30:12.758,1.4,buy,5878.17,BTC-10MAY19-5500-C,0.0,0.0635,1.4,1,1557358212758,19185265,303
2019-05-08 23:30:13.584,0.4,buy,5879.99,BTC-10MAY19-5500-C,0.0,0.0635,0.4,1,1557358213584,19185308,304
2019-05-09 00:38:21.507,0.4,buy,5960.61,BTC-10MAY19-5500-C,98.29,0.0795,0.4,0,1557362301507,19196894,305
2019-05-09 00:57:51.953,5.0,buy,6011.87,BTC-10MAY19-5500-C,86.83,0.086,5.0,0,1557363471953,19199443,306
2019-05-09 01:24:08.027,0.1,buy,6051.09,BTC-10MAY19-5500-C,0.0,0.08800000000000001,0.1,0,1557365048027,19212062,307
2019-05-09 05:47:10.525,0.1,sell,6060.15,BTC-10MAY19-5500-C,114.56,0.094,0.1,0,1557380830525,19223691,308
2019-05-09 15:58:56.834,6.0,buy,5999.37,BTC-10MAY19-5500-C,0.0,0.0825,6.0,2,1557417536834,19252301,309
2019-05-09 16:43:37.369,1.0,buy,6034.26,BTC-10MAY19-5500-C,130.9,0.0895,1.0,0,1557420217369,19253743,310
2019-05-09 18:49:18.866,0.1,buy,6052.95,BTC-10MAY19-5500-C,0.0,0.08900000000000001,0.1,2,1557427758866,19258890,311
2019-05-09 20:33:14.480,0.1,buy,6074.25,BTC-10MAY19-5500-C,0.0,0.092,0.1,0,1557433994480,19262471,312
2019-05-09 22:23:49.889,0.1,buy,6130.69,BTC-10MAY19-5500-C,137.92,0.10300000000000001,0.1,0,1557440629889,19272997,313
2019-05-09 22:48:29.073,1.0,buy,6159.32,BTC-10MAY19-5500-C,0.0,0.104,1.0,0,1557442109073,19274849,314
