date_utc,amount,direction,indexPrice,instrument,iv,price,quantity,tickDirection,timeStamp,tradeId,tradeSeq
2019-03-10 10:29:47.820,0.1,sell,3889.63,BTC-27SEP19-5500-P,51.65,0.4655,0.1,2,1552213787820,16459720,4
2019-03-12 13:00:52.509,1.5,buy,3874.4,BTC-27SEP19-5500-P,52.66,0.47,1.5,0,1552395652509,16519602,5
2019-03-12 13:01:37.974,1.5,buy,3873.13,BTC-27SEP19-5500-P,51.96,0.469,1.5,2,1552395697974,16519683,6
2019-03-12 13:01:40.000,1.5,buy,3873.44,BTC-27SEP19-5500-P,52.0,0.469,1.5,3,1552395700000,16519686,7
2019-03-12 13:01:52.064,1.5,buy,3873.38,BTC-27SEP19-5500-P,52.09,0.469,1.5,3,1552395712064,16519701,8
2019-03-12 13:01:54.447,1.5,buy,3873.38,BTC-27SEP19-5500-P,52.09,0.469,1.5,3,1552395714447,16519706,9
2019-03-12 13:02:11.025,1.5,buy,3873.17,BTC-27SEP19-5500-P,52.11,0.469,1.5,3,1552395731025,16519729,10
2019-03-12 13:02:13.200,1.0,buy,3873.36,BTC-27SEP19-5500-P,52.15,0.469,1.0,3,1552395733200,16519732,11
2019-03-25 09:03:33.201,10.0,buy,3969.72,BTC-27SEP19-5500-P,51.77,0.4370000000000001,10.0,2,1553504613201,16809305,12
2019-03-28 23:36:18.501,5.2,sell,4010.62,BTC-27SEP19-5500-P,57.69,0.442,5.2,0,1553816178501,16929075,13
2019-03-28 23:36:27.322,4.8,sell,4010.62,BTC-27SEP19-5500-P,57.69,0.442,4.8,1,1553816187322,16929078,14
2019-04-03 18:07:25.059,0.1,buy,5129.2,BTC-27SEP19-5500-P,66.45,0.229,0.1,2,1554314845059,17221701,15
2019-04-08 05:06:48.921,0.4,sell,5306.25,BTC-27SEP19-5500-P,61.5,0.1805,0.4,2,1554700008921,17513572,16
2019-04-10 12:13:09.213,0.3,buy,5257.21,BTC-27SEP19-5500-P,67.06,0.2045,0.3,0,1554898389213,17597801,17
2019-04-11 09:44:06.342,3.0,buy,5174.06,BTC-27SEP19-5500-P,64.82,0.2125,3.0,0,1554975846342,17675946,18
2019-04-11 09:49:43.942,0.1,buy,5101.65,BTC-27SEP19-5500-P,62.42,0.2155,0.1,0,1554976183942,17678267,19
2019-04-14 09:40:35.748,0.2,buy,5071.31,BTC-27SEP19-5500-P,53.11,0.2,0.2,2,1555234835748,17794395,20
2019-04-14 09:44:35.785,0.1,sell,5072.33,BTC-27SEP19-5500-P,50.98,0.1945,0.1,2,1555235075785,17794438,21
2019-04-20 23:35:53.799,0.1,sell,5308.13,BTC-27SEP19-5500-P,59.29,0.177,0.1,2,1555803353799,17994793,22
2019-04-21 02:44:02.951,0.1,buy,5333.52,BTC-27SEP19-5500-P,62.1,0.1805,0.1,0,1555814642951,17997844,23
2019-04-22 10:57:02.307,0.4,buy,5315.78,BTC-27SEP19-5500-P,59.15,0.1755,0.4,2,1555930622307,18035695,24
2019-04-22 23:13:57.599,0.1,sell,5389.35,BTC-27SEP19-5500-P,60.08,0.1675,0.1,2,1555974837599,18071327,25
2019-04-23 09:40:00.578,2.0,buy,5527.88,BTC-27SEP19-5500-P,60.92,0.155,2.0,2,1556012400578,18104552,26
2019-04-23 15:45:40.491,3.0,sell,5559.8,BTC-27SEP19-5500-P,60.17,0.1505,3.0,2,1556034340491,18114393,27
2019-04-24 10:54:16.365,1.0,buy,5425.94,BTC-27SEP19-5500-P,60.85,0.1685,1.0,0,1556103256365,18169676,28
2019-04-24 10:54:17.762,1.0,buy,5425.62,BTC-27SEP19-5500-P,60.78,0.1685,1.0,1,1556103257762,18169691,29
2019-04-24 10:54:19.348,1.0,buy,5423.57,BTC-27SEP19-5500-P,60.78,0.1685,1.0,1,1556103259348,18169786,30
2019-04-24 10:54:20.739,1.0,buy,5423.24,BTC-27SEP19-5500-P,60.7,0.1685,1.0,1,1556103260739,18169799,31
2019-04-24 10:54:23.489,1.0,buy,5422.69,BTC-27SEP19-5500-P,60.66,0.1685,1.0,1,1556103263489,18169837,32
2019-04-25 02:19:41.001,0.1,buy,5444.16,BTC-27SEP19-5500-P,61.95,0.1685,0.1,1,1556158781001,18202575,33
2019-04-25 21:43:29.612,0.1,buy,5443.39,BTC-27SEP19-5500-P,61.98,0.16899999999999998,0.1,0,1556228609612,18233427,34
2019-04-25 22:15:57.777,0.1,sell,5139.47,BTC-27SEP19-5500-P,58.62,0.2015,0.1,0,1556230557777,18264369,35
2019-04-29 20:54:42.657,3.0,sell,5126.56,BTC-27SEP19-5500-P,58.97,0.204,3.0,0,1556571282657,18437077,36
2019-04-29 20:55:22.980,9.0,sell,5126.0,BTC-27SEP19-5500-P,58.86,0.2035,9.0,2,1556571322980,18437118,37
2019-05-01 12:27:13.007,0.5,buy,5297.52,BTC-27SEP19-5500-P,60.92,0.1885,0.5,2,1556713633007,18506155,38
2019-05-03 22:27:43.278,4.5,sell,5668.98,BTC-27SEP19-5500-P,60.6,0.138,4.5,2,1556922463278,18713630,39
2019-05-03 22:28:39.185,0.5,buy,5669.94,BTC-27SEP19-5500-P,60.71,0.138,0.5,3,1556922519185,18713722,40
2019-05-03 22:30:45.354,1.0,buy,5670.24,BTC-27SEP19-5500-P,60.61,0.1375,1.0,2,1556922645354,18713880,41
2019-05-04 01:58:48.170,1.0,sell,5790.22,BTC-27SEP19-5500-P,60.93,0.127,1.0,2,1556935128170,18735700,42
2019-05-04 12:52:53.689,1.0,sell,5699.64,BTC-27SEP19-5500-P,61.3,0.13699999999999998,1.0,0,1556974373689,18763323,43
2019-05-04 14:12:21.759,1.0,buy,5540.22,BTC-27SEP19-5500-P,61.61,0.1525,1.0,0,1556979141759,18778904,44
2019-05-06 09:54:21.397,0.1,sell,5620.3,BTC-27SEP19-5500-P,62.3,0.146,0.1,2,1557136461397,18946336,45
2019-05-06 09:54:21.397,0.3,sell,5620.3,BTC-27SEP19-5500-P,60.66,0.142,0.3,2,1557136461397,18946337,46
2019-05-06 10:09:00.073,0.1,sell,5633.99,BTC-27SEP19-5500-P,61.0,0.1415,0.1,2,1557137340073,18946661,47
2019-05-06 10:44:46.270,0.2,sell,5626.7,BTC-27SEP19-5500-P,61.0,0.142,0.2,0,1557139486270,18947863,48
2019-05-06 10:53:43.136,0.1,sell,5618.13,BTC-27SEP19-5500-P,61.05,0.14300000000000002,0.1,0,1557140023136,18948056,49
2019-05-06 11:00:22.754,0.1,sell,5621.0,BTC-27SEP19-5500-P,60.91,0.1425,0.1,2,1557140422754,18948103,50
2019-05-06 22:24:22.493,5.0,sell,5698.5,BTC-27SEP19-5500-P,61.24,0.134,5.0,2,1557181462493,18985090,51
2019-05-07 08:41:25.481,0.1,sell,5874.78,BTC-27SEP19-5500-P,62.36,0.121,0.1,2,1557218485481,19033814,52
2019-05-07 09:06:51.919,0.1,buy,5864.86,BTC-27SEP19-5500-P,63.43,0.1245,0.1,0,1557220011919,19034475,53
2019-05-07 13:09:05.206,4.9,sell,5881.77,BTC-27SEP19-5500-P,63.14,0.122,4.9,2,1557234545206,19041952,54
2019-05-07 13:10:38.891,3.0,sell,5888.11,BTC-27SEP19-5500-P,62.54,0.12,3.0,2,1557234638891,19042196,55
2019-05-07 13:10:38.891,0.1,sell,5888.11,BTC-27SEP19-5500-P,62.54,0.12,0.1,3,1557234638891,19042197,56
2019-05-07 14:11:22.554,4.9,sell,5887.26,BTC-27SEP19-5500-P,62.21,0.12,4.9,3,1557238282554,19051693,58
2019-05-07 14:11:22.554,3.0,sell,5887.26,BTC-27SEP19-5500-P,62.21,0.12,3.0,3,1557238282554,19051692,57
2019-05-07 14:11:22.556,9.1,buy,5887.26,BTC-27SEP19-5500-P,62.21,0.12,9.1,3,1557238282556,19051694,59
2019-05-08 00:26:13.877,4.0,sell,5737.08,BTC-27SEP19-5500-P,64.7,0.14300000000000002,4.0,0,1557275173877,19116309,60
2019-05-11 02:42:24.509,4.0,sell,6468.04,BTC-27SEP19-5500-P,64.1,0.0885,4.0,2,1557542544509,19430413,61
2019-05-11 06:18:03.809,3.0,buy,6851.3,BTC-27SEP19-5500-P,66.76,0.0735,3.0,2,1557555483809,19489238,62
2019-05-11 06:18:27.470,3.0,buy,6845.89,BTC-27SEP19-5500-P,67.38,0.075,3.0,0,1557555507470,19489427,63
2019-05-11 06:18:27.472,4.7,sell,6845.89,BTC-27SEP19-5500-P,67.38,0.075,4.7,1,1557555507472,19489428,64
2019-05-11 06:18:29.819,10.0,sell,6848.0,BTC-27SEP19-5500-P,67.44,0.075,10.0,1,1557555509819,19489491,65
2019-05-11 06:19:15.075,4.3,sell,6836.24,BTC-27SEP19-5500-P,67.09,0.075,4.3,1,1557555555075,19489733,66
2019-05-11 10:18:05.852,5.0,buy,6831.68,BTC-27SEP19-5500-P,68.6,0.0765,5.0,0,1557569885852,19549289,67
2019-05-11 13:22:44.943,3.0,sell,6804.79,BTC-27SEP19-5500-P,68.99,0.077,3.0,0,1557580964943,19567628,68
2019-05-11 13:22:44.943,1.5,sell,6804.79,BTC-27SEP19-5500-P,68.99,0.077,1.5,1,1557580964943,19567629,69
2019-05-11 15:12:02.086,0.1,sell,6779.81,BTC-27SEP19-5500-P,69.61,0.0795,0.1,0,1557587522086,19577140,70
2019-05-11 15:18:36.150,0.1,buy,6812.0,BTC-27SEP19-5500-P,69.65,0.078,0.1,2,1557587916150,19577988,71
2019-05-12 10:20:31.053,3.0,sell,7443.68,BTC-27SEP19-5500-P,75.91,0.064,3.0,2,1557656431053,19902363,72
2019-05-12 23:05:49.607,4.0,buy,6899.22,BTC-27SEP19-5500-P,73.73,0.08,4.0,0,1557702349607,20102583,73
2019-05-13 05:08:48.387,1.0,buy,7119.58,BTC-27SEP19-5500-P,77.48,0.077,1.0,2,1557724128387,20131938,74
2019-05-13 05:09:19.122,1.5,buy,7109.89,BTC-27SEP19-5500-P,77.64,0.0775,1.5,0,1557724159122,20131992,75
2019-05-13 09:10:37.330,1.0,sell,7078.54,BTC-27SEP19-5500-P,75.35,0.075,1.0,2,1557738637330,20147246,76
2019-05-13 14:51:35.287,10.0,buy,7537.37,BTC-27SEP19-5500-P,75.37,0.057999999999999996,10.0,2,1557759095287,20200571,77
2019-05-13 14:51:42.019,8.4,buy,7540.8,BTC-27SEP19-5500-P,75.43,0.057999999999999996,8.4,3,1557759102019,20200594,78
2019-05-13 14:51:57.529,10.0,buy,7535.92,BTC-27SEP19-5500-P,75.34,0.057999999999999996,10.0,3,1557759117529,20200716,80
2019-05-13 14:51:57.529,1.6,buy,7535.92,BTC-27SEP19-5500-P,75.34,0.057999999999999996,1.6,3,1557759117529,20200715,79
2019-05-13 14:52:02.228,2.8000000000000003,buy,7531.77,BTC-27SEP19-5500-P,75.18,0.057999999999999996,2.8000000000000003,3,1557759122228,20200741,81
2019-05-13 14:52:02.278,3.1,buy,7531.77,BTC-27SEP19-5500-P,75.18,0.057999999999999996,3.1,3,1557759122278,20200742,82
2019-05-13 14:53:39.258,3.2,sell,7515.86,BTC-27SEP19-5500-P,74.24,0.057,3.2,3,1557759219258,20201377,84
2019-05-13 14:53:39.258,3.0,sell,7515.86,BTC-27SEP19-5500-P,74.24,0.057,3.0,2,1557759219258,20201376,83
2019-05-13 14:54:26.857,15.0,buy,7530.16,BTC-27SEP19-5500-P,73.94,0.055999999999999994,15.0,2,1557759266857,20201634,85
2019-05-13 14:54:27.113,0.3,buy,7530.16,BTC-27SEP19-5500-P,73.94,0.055999999999999994,0.3,3,1557759267113,20201650,86
2019-05-13 14:54:27.508,0.7000000000000001,buy,7530.29,BTC-27SEP19-5500-P,73.94,0.055999999999999994,0.7000000000000001,3,1557759267508,20201656,87
2019-05-13 14:54:28.205,0.3,buy,7530.61,BTC-27SEP19-5500-P,73.94,0.055999999999999994,0.3,3,1557759268205,20201657,88
2019-05-13 14:54:29.939,0.7000000000000001,buy,7530.52,BTC-27SEP19-5500-P,73.94,0.055999999999999994,0.7000000000000001,3,1557759269939,20201660,89
2019-05-13 14:54:30.716,0.2,buy,7528.0,BTC-27SEP19-5500-P,73.94,0.055999999999999994,0.2,3,1557759270716,20201679,90
2019-05-13 14:54:31.171,0.5,buy,7527.35,BTC-27SEP19-5500-P,73.89,0.055999999999999994,0.5,3,1557759271171,20201686,91
2019-05-13 14:54:31.903,0.4,buy,7527.35,BTC-27SEP19-5500-P,73.89,0.055999999999999994,0.4,3,1557759271903,20201689,92
2019-05-13 14:54:31.969,0.1,buy,7527.35,BTC-27SEP19-5500-P,73.89,0.055999999999999994,0.1,3,1557759271969,20201691,93
2019-05-13 14:54:46.240,1.8,buy,7522.25,BTC-27SEP19-5500-P,73.78,0.055999999999999994,1.8,3,1557759286240,20201771,94
2019-05-13 14:58:39.229,10.0,buy,7499.89,BTC-27SEP19-5500-P,74.58,0.057999999999999996,10.0,0,1557759519229,20203347,95
2019-05-13 15:06:12.931,13.7,sell,7517.63,BTC-27SEP19-5500-P,73.38,0.055,13.7,2,1557759972931,20205192,96
2019-05-13 15:06:12.933,11.3,buy,7517.63,BTC-27SEP19-5500-P,73.38,0.055,11.3,3,1557759972933,20205193,97
2019-05-13 15:29:34.380,0.2,buy,7790.21,BTC-27SEP19-5500-P,78.9,0.055,0.2,3,1557761374380,20235124,98
2019-05-13 15:38:05.683,24.8,buy,7794.44,BTC-27SEP19-5500-P,79.05,0.055,24.8,3,1557761885683,20238066,99
2019-05-13 16:19:56.662,3.0,buy,7822.33,BTC-27SEP19-5500-P,82.89,0.06,3.0,0,1557764396662,20258183,100
2019-05-13 16:21:17.148,0.2,buy,7850.93,BTC-27SEP19-5500-P,83.43,0.06,0.2,1,1557764477148,20258577,101
2019-05-13 17:01:07.141,0.1,buy,7890.87,BTC-27SEP19-5500-P,84.12,0.06,0.1,1,1557766867141,20271393,102
2019-05-13 17:14:06.383,0.1,sell,7943.59,BTC-27SEP19-5500-P,78.39,0.05,0.1,2,1557767646383,20274897,103
2019-05-13 17:15:40.339,0.1,sell,7945.81,BTC-27SEP19-5500-P,78.45,0.05,0.1,3,1557767740339,20275705,104
2019-05-13 17:15:45.495,0.1,sell,7943.01,BTC-27SEP19-5500-P,78.38,0.05,0.1,3,1557767745495,20275721,105
2019-05-13 17:24:48.876,0.1,buy,7893.45,BTC-27SEP19-5500-P,80.92,0.055,0.1,0,1557768288876,20278282,106
2019-05-13 17:26:03.530,0.1,buy,7841.92,BTC-27SEP19-5500-P,80.75,0.056,0.1,0,1557768363530,20279232,107
2019-05-13 17:29:10.505,6.7,buy,7851.24,BTC-27SEP19-5500-P,83.4,0.06,6.7,0,1557768550505,20280206,108
2019-05-13 17:35:49.328,0.1,buy,7817.62,BTC-27SEP19-5500-P,80.94,0.057,0.1,2,1557768949328,20283195,109
2019-05-13 17:36:59.311,0.1,buy,7817.37,BTC-27SEP19-5500-P,80.9,0.057,0.1,3,1557769019311,20283417,110
2019-05-13 17:49:18.864,10.0,buy,7830.65,BTC-27SEP19-5500-P,81.25,0.057,10.0,3,1557769758864,20286713,111
2019-05-13 20:05:03.146,3.0,buy,7831.28,BTC-27SEP19-5500-P,80.0,0.055,3.0,2,1557777903146,20303736,112
2019-05-13 20:07:39.706,7.0,buy,7846.59,BTC-27SEP19-5500-P,80.23,0.055,7.0,3,1557778059706,20304412,113
2019-05-13 20:09:51.879,10.0,buy,7861.25,BTC-27SEP19-5500-P,81.48,0.0565,10.0,0,1557778191879,20304738,114
2019-05-13 23:08:47.875,10.0,buy,7789.84,BTC-27SEP19-5500-P,87.51,0.068,10.0,0,1557788927875,20351490,115
2019-05-14 00:09:35.435,0.1,sell,7836.93,BTC-27SEP19-5500-P,87.32,0.066,0.1,2,1557792575435,20371851,116
2019-05-14 00:09:49.833,0.1,buy,7838.68,BTC-27SEP19-5500-P,87.97,0.067,0.1,0,1557792589833,20371865,117
2019-05-14 00:10:17.940,0.1,buy,7839.92,BTC-27SEP19-5500-P,88.03,0.067,0.1,1,1557792617940,20371881,118
2019-05-14 01:05:34.357,1.5,sell,7960.02,BTC-27SEP19-5500-P,87.18,0.062,1.5,2,1557795934357,20383676,119
2019-05-14 01:07:20.388,3.0,sell,7960.78,BTC-27SEP19-5500-P,86.97,0.0615,3.0,2,1557796040388,20383924,120
2019-05-14 07:53:25.033,1.0,sell,8265.5,BTC-27SEP19-5500-P,89.18,0.055,1.0,2,1557820405033,20456687,121
2019-05-14 07:53:26.155,1.0,sell,8269.23,BTC-27SEP19-5500-P,89.24,0.055,1.0,3,1557820406155,20456697,122
2019-05-14 07:53:26.321,1.0,sell,8269.23,BTC-27SEP19-5500-P,89.24,0.055,1.0,3,1557820406321,20456707,123
2019-05-14 10:46:34.956,0.1,buy,7992.29,BTC-27SEP19-5500-P,91.95,0.067,0.1,0,1557830794956,20503563,124
2019-05-14 13:57:36.982,5.0,sell,8158.54,BTC-27SEP19-5500-P,92.2,0.063,5.0,2,1557842256982,20524300,125
2019-05-14 14:15:37.868,5.0,buy,8181.17,BTC-27SEP19-5500-P,92.9,0.0635,5.0,0,1557843337868,20525585,126
2019-05-14 14:17:07.986,5.0,buy,8160.79,BTC-27SEP19-5500-P,92.51,0.0635,5.0,1,1557843427986,20525700,127
2019-05-14 14:29:34.502,5.0,buy,8080.73,BTC-27SEP19-5500-P,91.01,0.0635,5.0,1,1557844174502,20529561,128
2019-05-14 14:34:26.553,1.0,buy,8075.26,BTC-27SEP19-5500-P,90.83,0.0635,1.0,1,1557844466553,20530202,129
2019-05-14 14:34:34.314,1.0,buy,8069.3,BTC-27SEP19-5500-P,90.75,0.0635,1.0,1,1557844474314,20530225,130
2019-05-14 14:34:53.665,3.0,buy,8063.5,BTC-27SEP19-5500-P,90.62,0.0635,3.0,1,1557844493665,20530310,131
2019-05-14 15:02:58.558,0.1,buy,8026.59,BTC-27SEP19-5500-P,92.16,0.067,0.1,0,1557846178558,20536402,132
2019-05-14 15:52:37.023,1.0,buy,7963.12,BTC-27SEP19-5500-P,90.8,0.067,1.0,1,1557849157023,20542682,133
2019-05-14 16:04:32.015,9.0,buy,7834.55,BTC-27SEP19-5500-P,88.21,0.067,9.0,1,1557849872015,20549024,134
2019-05-14 17:16:34.098,0.1,buy,8024.81,BTC-27SEP19-5500-P,91.93,0.067,0.1,1,1557854194098,20563445,135
2019-05-14 17:17:58.406,0.1,sell,8024.54,BTC-27SEP19-5500-P,91.93,0.067,0.1,1,1557854278406,20563756,136
2019-05-14 18:55:57.958,0.1,buy,7865.94,BTC-27SEP19-5500-P,88.93,0.067,0.1,1,1557860157958,20587750,137
2019-05-15 19:36:23.848,1.1,sell,8201.24,BTC-27SEP19-5500-P,87.7,0.055,1.1,2,1557948983848,20768096,138
2019-05-17 05:15:30.167,0.1,buy,7297.59,BTC-27SEP19-5500-P,97.04,0.09699999999999999,0.1,0,1558070130167,21110263,139
2019-05-17 05:16:51.403,0.1,buy,7306.11,BTC-27SEP19-5500-P,96.72,0.096,0.1,2,1558070211403,21110425,140
2019-05-17 05:18:20.567,0.1,buy,7328.8,BTC-27SEP19-5500-P,96.86,0.0955,0.1,2,1558070300567,21110794,141
2019-05-17 05:19:16.783,0.1,buy,7304.45,BTC-27SEP19-5500-P,96.9,0.0965,0.1,0,1558070356783,21111135,142
2019-05-17 05:19:48.801,0.1,buy,7320.09,BTC-27SEP19-5500-P,96.98,0.096,0.1,2,1558070388801,21111264,143
2019-05-17 05:22:05.543,0.1,buy,7305.91,BTC-27SEP19-5500-P,97.2,0.09699999999999999,0.1,0,1558070525543,21111613,144
2019-05-17 05:34:42.935,0.1,buy,7260.49,BTC-27SEP19-5500-P,96.94,0.0985,0.1,0,1558071282935,21113132,145
2019-05-17 05:35:59.111,0.1,buy,7279.8,BTC-27SEP19-5500-P,96.97,0.098,0.1,2,1558071359111,21113261,146
2019-05-17 05:41:22.437,0.1,buy,7278.28,BTC-27SEP19-5500-P,97.3,0.0985,0.1,0,1558071682437,21113661,147
2019-05-17 05:41:47.622,0.1,buy,7280.61,BTC-27SEP19-5500-P,97.09,0.098,0.1,2,1558071707622,21113673,148
2019-05-17 05:42:58.217,0.1,buy,7288.02,BTC-27SEP19-5500-P,97.04,0.0975,0.1,2,1558071778217,21113809,149
2019-05-17 05:44:44.167,0.1,buy,7267.92,BTC-27SEP19-5500-P,97.01,0.0985,0.1,0,1558071884167,21114029,150
2019-05-17 09:07:23.637,0.1,buy,7217.51,BTC-27SEP19-5500-P,93.23,0.094,0.1,2,1558084043637,21136033,151
2019-05-17 09:09:05.653,0.1,buy,7235.6,BTC-27SEP19-5500-P,93.29,0.0935,0.1,2,1558084145653,21136338,152
2019-05-17 17:58:50.318,0.1,sell,7055.25,BTC-27SEP19-5500-P,93.46,0.1005,0.1,0,1558115930318,21211488,153
2019-05-17 20:38:14.977,15.0,sell,7073.76,BTC-27SEP19-5500-P,93.93,0.10099999999999999,15.0,0,1558125494977,21229789,154
2019-05-17 20:38:16.345,0.4,sell,7074.68,BTC-27SEP19-5500-P,93.94,0.10099999999999999,0.4,1,1558125496345,21229790,155
2019-05-17 20:38:17.904,0.4,sell,7074.72,BTC-27SEP19-5500-P,93.95,0.10099999999999999,0.4,1,1558125497904,21229791,156
2019-05-17 20:38:23.310,3.0,sell,7074.4,BTC-27SEP19-5500-P,93.94,0.10099999999999999,3.0,1,1558125503310,21229793,157
2019-05-17 20:38:44.200,1.2,sell,7074.54,BTC-27SEP19-5500-P,93.88,0.10099999999999999,1.2,1,1558125524200,21229800,158
2019-05-18 09:50:49.219,0.4,sell,7259.22,BTC-27SEP19-5500-P,90.52,0.091,0.4,2,1558173049219,21291483,159
2019-05-18 17:00:49.890,1.0,buy,7349.63,BTC-27SEP19-5500-P,95.04,0.095,1.0,0,1558198849890,21306623,160
2019-05-19 01:29:24.342,1.0,sell,7546.39,BTC-27SEP19-5500-P,94.19,0.085,1.0,2,1558229364342,21333989,161
2019-05-19 02:08:25.600,0.1,sell,7734.91,BTC-27SEP19-5500-P,93.38,0.077,0.1,2,1558231705600,21345269,162
2019-05-19 04:11:30.962,0.2,buy,7929.08,BTC-27SEP19-5500-P,96.04,0.0745,0.2,2,1558239090962,21367043,163
2019-05-20 03:36:44.560,5.0,buy,7989.99,BTC-27SEP19-5500-P,92.71,0.063,5.0,2,1558323404560,21518290,164
2019-05-21 21:28:37.517,5.0,sell,8037.82,BTC-27SEP19-5500-P,84.46,0.05,5.0,2,1558474117517,21727588,165
2019-05-22 21:48:28.007,0.1,buy,7688.85,BTC-27SEP19-5500-P,85.39,0.06,0.1,0,1558561708007,21825034,166
2019-05-25 13:15:50.854,0.2,buy,8073.61,BTC-27SEP19-5500-P,87.25,0.0505,0.2,2,1558790150854,22056107,167
2019-05-25 13:16:34.674,0.1,buy,8074.87,BTC-27SEP19-5500-P,87.26,0.0505,0.1,3,1558790194674,22056117,168
2019-05-25 13:16:51.191,0.2,buy,8074.75,BTC-27SEP19-5500-P,87.26,0.0505,0.2,3,1558790211191,22056119,169
2019-05-25 13:18:44.459,0.2,buy,8068.02,BTC-27SEP19-5500-P,87.13,0.0505,0.2,3,1558790324459,22056148,170
2019-05-25 13:37:12.543,0.3,buy,8062.42,BTC-27SEP19-5500-P,87.03,0.0505,0.3,3,1558791432543,22056771,171
2019-05-25 15:37:00.321,0.1,buy,8084.91,BTC-27SEP19-5500-P,87.48,0.05,0.1,2,1558798620321,22061911,172
2019-05-25 15:37:06.282,0.1,buy,8084.38,BTC-27SEP19-5500-P,87.46,0.05,0.1,3,1558798626282,22061916,173
2019-05-25 16:33:31.008,0.3,buy,8050.78,BTC-27SEP19-5500-P,87.41,0.051,0.3,0,1558802011008,22063667,174
2019-05-27 00:45:05.654,3.0,sell,8886.45,BTC-27SEP19-5500-P,87.12,0.031,3.0,2,1558917905654,22250663,175
2019-05-27 00:53:54.691,0.3,sell,8863.64,BTC-27SEP19-5500-P,87.3,0.0315,0.3,0,1558918434691,22251786,176
2019-05-27 00:54:26.368,0.2,sell,8860.41,BTC-27SEP19-5500-P,87.72,0.032,0.2,0,1558918466368,22251839,177
2019-05-27 01:19:08.409,0.2,buy,8897.45,BTC-27SEP19-5500-P,88.22,0.032,0.2,1,1558919948409,22257716,178
2019-05-27 04:37:14.703,0.2,sell,8702.53,BTC-27SEP19-5500-P,87.2,0.0335,0.2,0,1558931834703,22274519,179
2019-05-27 10:15:19.282,5.0,buy,8724.98,BTC-27SEP19-5500-P,95.3,0.042,5.0,0,1558952119282,22285664,180
2019-05-27 13:00:43.293,0.3,buy,8832.38,BTC-27SEP19-5500-P,93.91,0.038,0.3,2,1558962043293,22299489,181
2019-05-27 13:00:44.048,0.3,sell,8832.38,BTC-27SEP19-5500-P,93.46,0.0375,0.3,2,1558962044048,22299490,182
2019-05-27 13:47:08.227,0.1,sell,8824.1,BTC-27SEP19-5500-P,93.23,0.0375,0.1,3,1558964828227,22303778,183
2019-05-27 13:47:22.733,0.1,sell,8822.94,BTC-27SEP19-5500-P,93.18,0.0375,0.1,3,1558964842733,22303794,184
2019-05-27 13:47:47.247,0.1,sell,8822.64,BTC-27SEP19-5500-P,93.17,0.0375,0.1,3,1558964867247,22303810,185
2019-05-27 13:50:29.470,0.2,sell,8813.38,BTC-27SEP19-5500-P,93.09,0.0375,0.2,3,1558965029470,22303908,186
2019-05-27 13:59:17.312,0.3,sell,8810.41,BTC-27SEP19-5500-P,93.11,0.0375,0.3,3,1558965557312,22304330,187
2019-05-27 13:59:46.943,0.3,sell,8811.52,BTC-27SEP19-5500-P,93.09,0.0375,0.3,3,1558965586943,22304339,188
2019-05-27 14:00:01.160,0.3,sell,8810.49,BTC-27SEP19-5500-P,93.07,0.0375,0.3,3,1558965601160,22304353,189
2019-05-27 14:01:40.845,0.5,sell,8804.65,BTC-27SEP19-5500-P,92.96,0.0375,0.5,3,1558965700845,22304411,190
2019-05-27 14:32:46.352,0.3,buy,8790.66,BTC-27SEP19-5500-P,92.74,0.0375,0.3,3,1558967566352,22306526,191
2019-05-27 14:36:26.733,0.2,buy,8794.84,BTC-27SEP19-5500-P,92.82,0.0375,0.2,3,1558967786733,22306579,192
2019-05-27 14:38:01.327,0.1,buy,8806.86,BTC-27SEP19-5500-P,93.03,0.0375,0.1,3,1558967881327,22306730,193
2019-05-27 14:39:56.857,1.0,sell,8819.05,BTC-27SEP19-5500-P,92.74,0.037000000000000005,1.0,2,1558967996857,22307020,194
2019-05-27 14:54:17.199,0.2,buy,8793.95,BTC-27SEP19-5500-P,92.7,0.0375,0.2,0,1558968857199,22307928,195
2019-05-27 14:56:22.218,0.3,sell,8786.79,BTC-27SEP19-5500-P,92.57,0.0375,0.3,1,1558968982218,22308159,196
2019-05-27 14:56:37.959,0.3,sell,8787.74,BTC-27SEP19-5500-P,92.6,0.0375,0.3,1,1558968997959,22308175,197
2019-05-27 14:57:01.251,0.3,sell,8794.45,BTC-27SEP19-5500-P,92.26,0.037000000000000005,0.3,2,1558969021251,22308195,198
2019-05-27 14:58:17.707,0.2,sell,8790.75,BTC-27SEP19-5500-P,92.65,0.0375,0.2,0,1558969097707,22308255,199
2019-05-27 15:00:04.829,0.2,sell,8793.83,BTC-27SEP19-5500-P,92.68,0.0375,0.2,1,1558969204829,22308508,200
2019-05-27 15:00:29.403,0.1,sell,8792.25,BTC-27SEP19-5500-P,92.65,0.0375,0.1,1,1558969229403,22308527,201
2019-05-27 16:47:48.259,0.2,buy,8710.87,BTC-27SEP19-5500-P,92.17,0.0375,0.2,1,1558975668259,22331482,202
2019-05-27 18:54:33.671,10.0,sell,8831.31,BTC-27SEP19-5500-P,92.18,0.036000000000000004,10.0,2,1558983273671,22348127,203
2019-05-28 16:55:26.548,0.1,sell,8654.52,BTC-27SEP19-5500-P,89.53,0.0355,0.1,2,1559062526548,22427674,204
2019-05-28 16:55:35.631,0.1,sell,8653.51,BTC-27SEP19-5500-P,89.52,0.0355,0.1,3,1559062535631,22427689,205
2019-05-28 16:56:49.888,0.3,sell,8653.21,BTC-27SEP19-5500-P,89.48,0.0355,0.3,3,1559062609888,22427729,206
2019-05-28 16:57:16.897,0.2,sell,8653.15,BTC-27SEP19-5500-P,89.48,0.0355,0.2,3,1559062636897,22427734,207
2019-05-29 04:13:29.359,0.1,buy,8613.22,BTC-27SEP19-5500-P,89.32,0.0375,0.1,0,1559103209359,22463648,208
2019-05-29 10:37:50.006,2.9,sell,8660.21,BTC-27SEP19-5500-P,88.8,0.0375,2.9,1,1559126270006,22500999,209
2019-05-30 20:13:32.497,0.1,sell,8552.19,BTC-27SEP19-5500-P,85.05,0.035,0.1,2,1559247212497,22681702,210
2019-05-30 20:21:55.008,6.0,buy,8482.14,BTC-27SEP19-5500-P,85.14,0.0365,6.0,0,1559247715008,22684683,211
2019-05-30 20:25:34.439,4.0,buy,8444.23,BTC-27SEP19-5500-P,84.38,0.0365,4.0,1,1559247934439,22686479,212
2019-05-30 21:16:13.623,0.1,buy,8330.67,BTC-27SEP19-5500-P,85.47,0.04,0.1,0,1559250973623,22700963,213
2019-05-30 21:27:19.347,0.1,buy,8038.47,BTC-27SEP19-5500-P,86.04,0.0475,0.1,0,1559251639347,22717562,214
2019-05-31 13:07:06.646,10.0,sell,8395.49,BTC-27SEP19-5500-P,88.95,0.0425,10.0,2,1559308026646,22799902,215
2019-06-03 05:25:03.187,6.8,buy,8651.17,BTC-27SEP19-5500-P,88.18,0.035,6.8,2,1559539503187,22979814,216
2019-06-03 05:25:03.192,1.5,buy,8651.17,BTC-27SEP19-5500-P,88.18,0.035,1.5,3,1559539503192,22979815,217
2019-06-03 05:25:03.204,5.7,buy,8651.17,BTC-27SEP19-5500-P,88.18,0.035,5.7,3,1559539503204,22979817,219
2019-06-03 05:25:03.204,1.8,buy,8651.17,BTC-27SEP19-5500-P,88.18,0.035,1.8,3,1559539503204,22979816,218
2019-06-03 05:25:03.207,3.3000000000000003,buy,8651.17,BTC-27SEP19-5500-P,88.18,0.035,3.3000000000000003,3,1559539503207,22979819,221
2019-06-03 05:25:03.207,2.2,buy,8651.17,BTC-27SEP19-5500-P,88.18,0.035,2.2,3,1559539503207,22979818,220
2019-06-03 05:25:03.213,1.5,buy,8651.17,BTC-27SEP19-5500-P,88.18,0.035,1.5,3,1559539503213,22979821,223
2019-06-03 05:25:03.213,4.9,buy,8651.17,BTC-27SEP19-5500-P,88.18,0.035,4.9,3,1559539503213,22979820,222
2019-06-03 05:25:16.269,2.9,sell,8651.59,BTC-27SEP19-5500-P,88.19,0.035,2.9,3,1559539516269,22979864,233
2019-06-03 05:25:16.269,1.7,sell,8651.59,BTC-27SEP19-5500-P,88.19,0.035,1.7,3,1559539516269,22979858,227
2019-06-03 05:25:16.269,1.3,sell,8651.59,BTC-27SEP19-5500-P,88.19,0.035,1.3,3,1559539516269,22979863,232
2019-06-03 05:25:16.269,2.0,sell,8651.59,BTC-27SEP19-5500-P,88.19,0.035,2.0,3,1559539516269,22979856,225
2019-06-03 05:25:16.269,4.7,sell,8651.59,BTC-27SEP19-5500-P,88.19,0.035,4.7,3,1559539516269,22979861,230
2019-06-03 05:25:16.269,6.0,sell,8651.59,BTC-27SEP19-5500-P,88.19,0.035,6.0,3,1559539516269,22979862,231
2019-06-03 05:25:16.269,0.4,sell,8651.59,BTC-27SEP19-5500-P,88.19,0.035,0.4,3,1559539516269,22979860,229
2019-06-03 05:25:16.269,2.2,sell,8651.59,BTC-27SEP19-5500-P,88.19,0.035,2.2,3,1559539516269,22979859,228
2019-06-03 05:25:16.269,1.2,sell,8651.59,BTC-27SEP19-5500-P,88.19,0.035,1.2,3,1559539516269,22979855,224
2019-06-03 05:25:16.269,1.7,sell,8651.59,BTC-27SEP19-5500-P,88.19,0.035,1.7,3,1559539516269,22979857,226
2019-06-03 05:31:44.366,0.3,sell,8650.0,BTC-27SEP19-5500-P,88.21,0.035,0.3,3,1559539904366,22980082,246
2019-06-03 05:31:44.366,1.7,sell,8650.0,BTC-27SEP19-5500-P,88.21,0.035,1.7,3,1559539904366,22980075,239
2019-06-03 05:31:44.366,1.5,sell,8650.0,BTC-27SEP19-5500-P,88.21,0.035,1.5,3,1559539904366,22980074,238
2019-06-03 05:31:44.366,2.2,sell,8650.0,BTC-27SEP19-5500-P,88.21,0.035,2.2,3,1559539904366,22980073,237
2019-06-03 05:31:44.366,1.9,sell,8650.0,BTC-27SEP19-5500-P,88.21,0.035,1.9,3,1559539904366,22980071,235
2019-06-03 05:31:44.366,1.2,sell,8650.0,BTC-27SEP19-5500-P,88.21,0.035,1.2,3,1559539904366,22980077,241
2019-06-03 05:31:44.366,2.2,sell,8650.0,BTC-27SEP19-5500-P,88.21,0.035,2.2,3,1559539904366,22980081,245
2019-06-03 05:31:44.366,1.3,sell,8650.0,BTC-27SEP19-5500-P,88.21,0.035,1.3,3,1559539904366,22980070,234
2019-06-03 05:31:44.366,5.7,sell,8650.0,BTC-27SEP19-5500-P,88.21,0.035,5.7,3,1559539904366,22980078,242
2019-06-03 05:31:44.366,3.3000000000000003,sell,8650.0,BTC-27SEP19-5500-P,88.21,0.035,3.3000000000000003,3,1559539904366,22980080,244
2019-06-03 05:31:44.366,0.4,sell,8650.0,BTC-27SEP19-5500-P,88.21,0.035,0.4,3,1559539904366,22980076,240
2019-06-03 05:31:44.366,1.5,sell,8650.0,BTC-27SEP19-5500-P,88.21,0.035,1.5,3,1559539904366,22980079,243
2019-06-03 05:31:44.366,1.8,sell,8650.0,BTC-27SEP19-5500-P,88.21,0.035,1.8,3,1559539904366,22980072,236
2019-06-03 05:34:48.732,1.7,sell,8659.25,BTC-27SEP19-5500-P,88.33,0.035,1.7,3,1559540088732,22980195,248
2019-06-03 05:34:48.732,2.9,sell,8659.25,BTC-27SEP19-5500-P,88.33,0.035,2.9,3,1559540088732,22980196,249
2019-06-03 05:34:48.732,4.4,sell,8659.25,BTC-27SEP19-5500-P,88.33,0.035,4.4,3,1559540088732,22980194,247
2019-06-03 05:34:48.732,6.0,sell,8659.25,BTC-27SEP19-5500-P,88.33,0.035,6.0,3,1559540088732,22980197,250
2019-06-03 05:34:48.732,4.9,sell,8659.25,BTC-27SEP19-5500-P,88.33,0.035,4.9,3,1559540088732,22980198,251
2019-06-03 05:34:48.732,5.1000000000000005,sell,8659.25,BTC-27SEP19-5500-P,88.33,0.035,5.1000000000000005,3,1559540088732,22980199,252
2019-06-03 05:34:57.030,1.7,sell,8659.09,BTC-27SEP19-5500-P,88.33,0.035,1.7,3,1559540097030,22980200,253
2019-06-03 11:04:30.875,15.0,sell,8522.68,BTC-27SEP19-5500-P,83.64,0.0325,15.0,2,1559559870875,23019237,254
2019-06-03 17:05:20.221,0.2,buy,8511.88,BTC-27SEP19-5500-P,83.45,0.032,0.2,2,1559581520221,23056503,255
2019-06-03 17:06:19.105,0.1,buy,8502.46,BTC-27SEP19-5500-P,83.3,0.032,0.1,3,1559581579105,23056686,256
2019-06-03 17:08:50.170,0.1,buy,8523.8,BTC-27SEP19-5500-P,83.59,0.032,0.1,3,1559581730170,23056825,257
2019-06-04 12:22:57.070,0.1,buy,7905.99,BTC-27SEP19-5500-P,86.44,0.05,0.1,0,1559650977070,23204463,258
2019-06-04 19:19:07.577,10.0,sell,7613.23,BTC-27SEP19-5500-P,84.12,0.055999999999999994,10.0,0,1559675947577,23280842,259
2019-06-05 00:06:25.407,1.0,sell,7721.0,BTC-27SEP19-5500-P,85.21,0.0535,1.0,2,1559693185407,23322305,260
2019-06-05 00:08:39.627,4.0,sell,7773.45,BTC-27SEP19-5500-P,86.31,0.0535,4.0,3,1559693319627,23323127,261
2019-06-06 03:43:34.863,4.9,buy,7853.6,BTC-27SEP19-5500-P,83.26,0.0465,4.9,2,1559792614863,23439226,262
2019-06-06 03:43:34.863,15.0,buy,7853.6,BTC-27SEP19-5500-P,83.64,0.047,15.0,0,1559792614863,23439227,263
2019-06-06 18:47:08.960,10.0,sell,7556.37,BTC-27SEP19-5500-P,78.87,0.05,10.0,0,1559846828960,23515034,264
2019-06-07 15:39:07.693,3.0,buy,7942.15,BTC-27SEP19-5500-P,78.62,0.0385,3.0,2,1559921947693,23592326,265
2019-06-07 16:14:35.937,0.5,sell,7987.9,BTC-27SEP19-5500-P,76.69,0.035,0.5,2,1559924075937,23593785,266
2019-06-08 01:48:55.843,6.0,sell,7994.58,BTC-27SEP19-5500-P,73.62,0.0315,6.0,2,1559958535843,23634504,267
2019-06-08 01:48:55.843,13.0,sell,7994.58,BTC-27SEP19-5500-P,72.75,0.0305,13.0,2,1559958535843,23634505,268
2019-06-08 08:35:17.577,5.0,sell,7949.62,BTC-27SEP19-5500-P,73.77,0.033,5.0,0,1559982917577,23649554,269
2019-06-09 22:44:55.805,0.3,sell,7578.2,BTC-27SEP19-5500-P,72.23,0.04,0.3,0,1560120295805,23768428,270
2019-06-10 00:50:17.919,13.0,buy,7624.48,BTC-27SEP19-5500-P,74.88,0.0415,13.0,0,1560127817919,23786377,271
2019-06-10 11:38:24.372,10.0,buy,7933.69,BTC-27SEP19-5500-P,78.68,0.0385,10.0,2,1560166704372,23831355,272
2019-06-10 12:57:11.298,10.0,sell,7979.06,BTC-27SEP19-5500-P,76.63,0.035,10.0,2,1560171431298,23850139,273
2019-06-10 13:00:36.627,10.0,sell,7997.71,BTC-27SEP19-5500-P,76.46,0.0345,10.0,2,1560171636627,23850489,274
2019-06-13 12:58:18.186,0.3,buy,8103.1,BTC-27SEP19-5500-P,78.39,0.033,0.3,2,1560430698186,24069220,275
2019-06-13 18:30:23.454,3.0,sell,8215.37,BTC-27SEP19-5500-P,73.94,0.026000000000000002,3.0,2,1560450623454,24086872,276
2019-06-14 12:57:44.704,6.0,sell,8359.53,BTC-27SEP19-5500-P,73.76,0.023,6.0,2,1560517064704,24134480,277
2019-06-14 21:27:45.142,5.0,sell,8591.09,BTC-27SEP19-5500-P,72.17,0.0185,5.0,2,1560547665142,24172891,278
2019-06-15 15:37:43.690,6.0,buy,8790.75,BTC-27SEP19-5500-P,76.67,0.019,6.0,0,1560613063690,24220416,279
2019-06-16 04:52:34.831,1.0,sell,9060.12,BTC-27SEP19-5500-P,79.14,0.017,1.0,2,1560660754831,24280185,280
2019-06-16 07:07:04.907,0.4,buy,9313.42,BTC-27SEP19-5500-P,82.78,0.017,0.4,3,1560668824907,24311382,281
2019-06-16 07:12:57.010,0.3,buy,9278.11,BTC-27SEP19-5500-P,82.41,0.017,0.3,3,1560669177010,24311985,282
2019-06-16 10:52:16.500,8.3,buy,9068.33,BTC-27SEP19-5500-P,80.1,0.017,8.3,3,1560682336500,24351473,283
2019-06-17 19:49:23.143,0.1,buy,9306.01,BTC-27SEP19-5500-P,85.79,0.019,0.1,0,1560800963143,24550831,284
2019-06-17 20:08:48.246,1.1,sell,9363.54,BTC-27SEP19-5500-P,80.34,0.0145,1.1,2,1560802128246,24553851,285
2019-06-18 06:53:34.159,4.0,buy,9172.97,BTC-27SEP19-5500-P,82.04,0.017,4.0,0,1560840814159,24626634,286
2019-06-19 02:14:58.952,6.0,sell,9146.81,BTC-27SEP19-5500-P,82.74,0.0175,6.0,0,1560910498952,24714449,287
2019-06-19 11:14:12.798,1.0,sell,9124.59,BTC-27SEP19-5500-P,80.66,0.016,1.0,2,1560942852798,24730422,288
2019-06-20 10:45:49.575,0.1,buy,9253.29,BTC-27SEP19-5500-P,85.97,0.018,0.1,0,1561027549575,24803614,289
