date_utc,amount,direction,indexPrice,instrument,iv,price,quantity,tickDirection,timeStamp,tradeId,tradeSeq
2019-03-27 20:53:17.564,0.2,buy,4007.49,BTC-27DEC19-8000-C,61.7,0.033,0.2,1,1553719997564,16869250,1
2019-03-28 00:01:35.422,0.1,buy,4022.03,BTC-27DEC19-8000-C,62.09,0.034,0.1,0,1553731295422,16879022,2
2019-03-29 03:07:30.474,0.1,buy,4020.63,BTC-27DEC19-8000-C,63.38,0.0365,0.1,0,1553828850474,16932225,3
2019-03-29 15:34:04.322,1.0,sell,4080.55,BTC-27DEC19-8000-C,60.22,0.032,1.0,2,1553873644322,16959458,4
2019-03-31 07:39:25.055,0.5,sell,4077.97,BTC-27DEC19-8000-C,59.4,0.03,0.5,2,1554017965055,16987269,5
2019-03-31 19:26:39.416,5.0,buy,4093.31,BTC-27DEC19-8000-C,60.82,0.033,5.0,0,1554060399416,16991425,6
2019-03-31 23:09:37.437,0.1,buy,4092.82,BTC-27DEC19-8000-C,61.57,0.0345,0.1,0,1554073777437,16992305,7
2019-04-01 08:18:18.137,2.0,sell,4114.27,BTC-27DEC19-8000-C,59.87,0.0315,2.0,2,1554106698137,17002664,8
2019-04-02 04:32:47.545,0.4,buy,4225.03,BTC-27DEC19-8000-C,59.46,0.0335,0.4,0,1554179567545,17020326,9
2019-04-02 04:38:00.511,0.3,buy,4417.96,BTC-27DEC19-8000-C,56.95,0.0345,0.3,0,1554179880511,17027888,10
2019-04-02 04:39:57.649,0.1,buy,4470.89,BTC-27DEC19-8000-C,61.24,0.046,0.1,0,1554179997649,17030068,11
2019-04-02 04:40:51.301,0.1,buy,4477.14,BTC-27DEC19-8000-C,61.79,0.047,0.1,0,1554180051301,17030827,12
2019-04-02 04:52:14.902,0.1,buy,4624.5,BTC-27DEC19-8000-C,60.0,0.048,0.1,0,1554180734902,17037444,13
2019-04-02 05:19:05.828,0.1,buy,4895.99,BTC-27DEC19-8000-C,55.9,0.048,0.1,1,1554182345828,17056470,14
2019-04-02 05:19:42.167,0.1,buy,4932.06,BTC-27DEC19-8000-C,55.53,0.048,0.1,1,1554182382167,17057024,15
2019-04-02 05:19:50.553,0.7000000000000001,buy,4939.04,BTC-27DEC19-8000-C,55.5,0.048,0.7000000000000001,1,1554182390553,17057262,16
2019-04-03 01:56:28.527,6.0,buy,4981.96,BTC-27DEC19-8000-C,63.41,0.0705,6.0,0,1554256588527,17166355,17
2019-04-03 16:38:32.278,0.1,buy,5109.62,BTC-27DEC19-8000-C,64.97,0.081,0.1,0,1554309512278,17213326,18
2019-04-03 22:11:04.634,0.1,buy,5237.72,BTC-27DEC19-8000-C,66.07,0.09,0.1,0,1554329464634,17247124,19
2019-04-03 23:11:32.230,0.1,buy,4944.62,BTC-27DEC19-8000-C,66.92,0.08,0.1,2,1554333092230,17267203,20
2019-04-03 23:14:37.884,0.1,buy,4930.5,BTC-27DEC19-8000-C,66.57,0.0785,0.1,2,1554333277884,17268054,21
2019-04-04 14:06:38.135,0.5,sell,5013.37,BTC-27DEC19-8000-C,67.49,0.084,0.5,0,1554386798135,17309025,22
2019-04-04 14:07:25.226,0.5,sell,5014.34,BTC-27DEC19-8000-C,67.48,0.084,0.5,1,1554386845226,17309027,23
2019-04-04 14:13:26.134,1.0,buy,5037.51,BTC-27DEC19-8000-C,68.14,0.087,1.0,0,1554387206134,17309558,24
2019-04-04 19:11:37.069,0.1,buy,4851.1,BTC-27DEC19-8000-C,66.97,0.0765,0.1,2,1554405097069,17326000,25
2019-04-04 21:21:14.022,0.1,buy,4900.9,BTC-27DEC19-8000-C,66.89,0.078,0.1,0,1554412874022,17336056,26
2019-04-05 17:09:42.148,0.1,buy,5019.45,BTC-27DEC19-8000-C,67.65,0.0845,0.1,0,1554484182148,17374629,27
2019-04-05 17:17:42.918,0.1,buy,5017.55,BTC-27DEC19-8000-C,67.53,0.084,0.1,2,1554484662918,17374872,28
2019-04-05 17:26:25.154,1.0,buy,5025.51,BTC-27DEC19-8000-C,67.42,0.084,1.0,3,1554485185154,17375156,29
2019-04-06 05:28:53.506,0.1,buy,5022.26,BTC-27DEC19-8000-C,81.5,0.1275,0.1,0,1554528533506,17389682,30
2019-04-08 08:31:33.703,1.0,buy,5235.54,BTC-27DEC19-8000-C,65.91,0.0905,1.0,2,1554712293703,17519972,31
2019-04-08 14:12:10.899,0.1,buy,5200.97,BTC-27DEC19-8000-C,65.95,0.08800000000000001,0.1,2,1554732730899,17532286,32
2019-04-08 20:23:19.065,0.1,buy,5227.98,BTC-27DEC19-8000-C,65.97,0.08900000000000001,0.1,0,1554754999065,17541332,33
2019-04-09 17:18:08.350,0.1,buy,5224.6,BTC-27DEC19-8000-C,65.41,0.0865,0.1,2,1554830288350,17578521,34
2019-04-10 01:30:29.124,0.1,sell,5237.02,BTC-27DEC19-8000-C,65.3,0.0865,0.1,3,1554859829124,17589674,35
2019-04-10 17:22:04.082,5.0,buy,5277.68,BTC-27DEC19-8000-C,65.6,0.0885,5.0,0,1554916924082,17605634,36
2019-04-10 20:06:03.420,0.1,buy,5421.6,BTC-27DEC19-8000-C,65.4,0.094,0.1,0,1554926763420,17626617,37
2019-04-10 20:39:15.962,1.0,sell,5277.72,BTC-27DEC19-8000-C,65.66,0.08800000000000001,1.0,2,1554928755962,17631777,38
2019-04-11 18:05:42.801,0.1,buy,5059.26,BTC-27DEC19-8000-C,68.12,0.0845,0.1,2,1555005942801,17709944,39
2019-04-11 18:25:29.457,0.1,buy,5065.66,BTC-27DEC19-8000-C,68.05,0.0845,0.1,3,1555007129457,17710312,40
2019-04-12 14:10:25.512,0.1,buy,5061.45,BTC-27DEC19-8000-C,64.95,0.0755,0.1,2,1555078225512,17749949,41
2019-04-12 22:35:00.615,0.1,buy,5072.89,BTC-27DEC19-8000-C,66.78,0.081,0.1,0,1555108500615,17761871,42
2019-04-14 01:38:07.489,0.1,buy,5081.37,BTC-27DEC19-8000-C,68.27,0.0835,0.1,0,1555205887489,17788728,43
2019-04-15 07:28:46.218,0.1,sell,5144.86,BTC-27DEC19-8000-C,63.08,0.0715,0.1,2,1555313326218,17815337,44
2019-04-15 10:57:13.097,0.1,sell,5129.95,BTC-27DEC19-8000-C,63.17,0.071,0.1,2,1555325833097,17817232,45
2019-04-15 17:37:28.870,10.0,buy,5002.21,BTC-27DEC19-8000-C,63.62,0.0675,10.0,2,1555349848870,17828972,46
2019-04-15 17:38:48.440,0.1,buy,5036.2,BTC-27DEC19-8000-C,63.72,0.069,0.1,0,1555349928440,17829592,47
2019-04-15 20:07:26.130,1.0,sell,4967.0,BTC-27DEC19-8000-C,64.05,0.068,1.0,2,1555358846130,17839514,48
2019-04-15 20:07:43.390,1.0,sell,4952.32,BTC-27DEC19-8000-C,64.04,0.0675,1.0,2,1555358863390,17839836,49
2019-04-16 18:14:00.468,0.1,buy,5212.33,BTC-27DEC19-8000-C,63.89,0.0775,0.1,0,1555438440468,17875818,50
2019-04-17 20:23:34.040,9.6,buy,5232.68,BTC-27DEC19-8000-C,64.42,0.08,9.6,0,1555532614040,17907798,51
2019-04-19 23:58:24.586,0.1,buy,5288.3,BTC-27DEC19-8000-C,65.52,0.084,0.1,0,1555718304586,17970747,52
2019-04-20 07:27:12.970,0.2,buy,5328.26,BTC-27DEC19-8000-C,65.47,0.0855,0.2,0,1555745232970,17977811,53
2019-04-21 07:45:26.391,0.1,buy,5326.44,BTC-27DEC19-8000-C,65.51,0.0855,0.1,1,1555832726391,17999877,54
2019-04-21 21:40:01.184,0.1,buy,5283.29,BTC-27DEC19-8000-C,65.63,0.0835,0.1,2,1555882801184,18024141,55
2019-04-23 15:32:52.338,0.1,buy,5560.39,BTC-27DEC19-8000-C,65.49,0.0945,0.1,0,1556033572338,18114034,56
2019-04-23 15:46:40.657,7.0,sell,5560.63,BTC-27DEC19-8000-C,64.03,0.09,7.0,2,1556034400657,18114410,57
2019-04-24 01:27:59.510,0.1,buy,5519.96,BTC-27DEC19-8000-C,65.79,0.093,0.1,0,1556069279510,18137949,58
2019-04-24 07:47:57.504,0.1,sell,5508.57,BTC-27DEC19-8000-C,65.38,0.091,0.1,2,1556092077504,18151935,59
2019-04-25 00:12:36.888,1.0,buy,5449.8,BTC-27DEC19-8000-C,64.42,0.085,1.0,2,1556151156888,18200441,60
2019-04-25 22:00:24.601,1.3,sell,5382.35,BTC-27DEC19-8000-C,65.41,0.0845,1.3,2,1556229624601,18237872,61
2019-04-25 22:06:11.600,6.7,sell,5122.87,BTC-27DEC19-8000-C,65.4,0.0725,6.7,2,1556229971600,18247799,62
2019-04-26 02:34:12.567,0.1,buy,5202.35,BTC-27DEC19-8000-C,67.63,0.0825,0.1,0,1556246052567,18298759,63
2019-04-26 12:29:59.553,2.0,sell,5158.18,BTC-27DEC19-8000-C,64.9,0.073,2.0,2,1556281799553,18328014,64
2019-04-26 16:14:11.996,0.1,buy,5115.9,BTC-27DEC19-8000-C,66.59,0.076,0.1,0,1556295251996,18336632,65
2019-04-28 14:29:53.452,0.1,sell,5177.28,BTC-27DEC19-8000-C,64.67,0.0715,0.1,2,1556461793452,18388635,66
2019-04-28 17:20:15.742,0.8,buy,5186.66,BTC-27DEC19-8000-C,66.58,0.077,0.8,0,1556472015742,18391779,68
2019-04-28 17:20:15.742,0.2,buy,5186.66,BTC-27DEC19-8000-C,65.86,0.075,0.2,0,1556472015742,18391778,67
2019-04-28 17:37:48.586,1.0,buy,5181.96,BTC-27DEC19-8000-C,66.84,0.0775,1.0,0,1556473068586,18391919,69
2019-04-29 06:29:42.891,10.0,sell,5176.02,BTC-27DEC19-8000-C,65.0,0.07200000000000001,10.0,2,1556519382891,18409646,70
2019-04-30 00:38:26.896,0.1,buy,5146.03,BTC-27DEC19-8000-C,67.02,0.076,0.1,0,1556584706896,18445112,71
2019-04-30 00:54:08.010,0.1,buy,5148.76,BTC-27DEC19-8000-C,67.0,0.076,0.1,1,1556585648010,18445426,72
2019-04-30 01:56:23.611,5.0,sell,5157.53,BTC-27DEC19-8000-C,64.52,0.0695,5.0,2,1556589383611,18446313,73
2019-05-01 02:07:06.175,8.0,sell,5305.86,BTC-27DEC19-8000-C,65.56,0.0775,8.0,0,1556676426175,18493781,74
2019-05-03 09:16:29.651,10.0,buy,5695.06,BTC-27DEC19-8000-C,64.52,0.092,10.0,0,1556874989651,18640525,75
2019-05-03 09:48:30.875,1.0,buy,5756.62,BTC-27DEC19-8000-C,64.51,0.0945,1.0,0,1556876910875,18651513,76
2019-05-03 14:32:03.188,7.0,buy,5759.14,BTC-27DEC19-8000-C,65.05,0.0965,7.0,0,1556893923188,18683480,77
2019-05-04 04:18:44.425,2.5,buy,5695.94,BTC-27DEC19-8000-C,65.44,0.095,2.5,2,1556943524425,18747716,78
2019-05-04 07:30:25.605,1.0,buy,5752.22,BTC-27DEC19-8000-C,65.76,0.098,1.0,0,1556955025605,18754863,79
2019-05-05 02:13:36.226,0.1,buy,5739.79,BTC-27DEC19-8000-C,65.43,0.096,0.1,2,1557022416226,18847705,80
2019-05-05 06:34:16.610,3.0,sell,5738.93,BTC-27DEC19-8000-C,63.14,0.0895,3.0,3,1557038056610,18856470,83
2019-05-05 06:34:16.610,1.0,sell,5738.93,BTC-27DEC19-8000-C,63.31,0.09,1.0,2,1557038056610,18856468,81
2019-05-05 06:34:16.610,1.0,sell,5738.93,BTC-27DEC19-8000-C,63.14,0.0895,1.0,2,1557038056610,18856469,82
2019-05-05 06:35:19.977,9.6,sell,5740.02,BTC-27DEC19-8000-C,63.65,0.091,9.6,0,1557038119977,18856482,84
2019-05-05 06:36:56.465,9.6,sell,5738.24,BTC-27DEC19-8000-C,63.48,0.0905,9.6,2,1557038216465,18856519,85
2019-05-05 06:38:34.571,5.8,sell,5736.57,BTC-27DEC19-8000-C,63.02,0.08900000000000001,5.8,2,1557038314571,18856573,86
2019-05-05 22:41:04.570,5.1000000000000005,sell,5729.38,BTC-27DEC19-8000-C,63.49,0.09,5.1000000000000005,0,1557096064570,18905710,87
2019-05-05 22:41:12.897,0.1,buy,5729.3,BTC-27DEC19-8000-C,66.19,0.098,0.1,0,1557096072897,18905712,88
2019-05-06 15:24:44.766,0.3,buy,5651.11,BTC-27DEC19-8000-C,65.92,0.0935,0.3,2,1557156284766,18957038,89
2019-05-07 02:58:42.734,10.0,buy,5906.63,BTC-27DEC19-8000-C,65.87,0.1055,10.0,0,1557197922734,19008860,90
2019-05-07 03:05:59.112,5.0,buy,5908.86,BTC-27DEC19-8000-C,66.6,0.1075,5.0,0,1557198359112,19014929,91
2019-05-07 13:16:47.914,5.0,buy,5899.29,BTC-27DEC19-8000-C,67.07,0.1085,5.0,0,1557235007914,19042413,92
2019-05-07 23:53:27.549,0.1,sell,5722.09,BTC-27DEC19-8000-C,67.98,0.102,0.1,2,1557273207549,19097210,93
2019-05-08 12:18:33.523,0.1,buy,5860.52,BTC-27DEC19-8000-C,66.3,0.101,0.1,2,1557317913523,19146011,94
2019-05-08 12:31:39.740,0.9,buy,5850.14,BTC-27DEC19-8000-C,66.4,0.101,0.9,3,1557318699740,19146313,95
2019-05-09 02:33:33.864,10.0,buy,6050.54,BTC-27DEC19-8000-C,67.22,0.112,10.0,0,1557369213864,19216364,96
2019-05-09 02:35:24.747,10.0,buy,6053.5,BTC-27DEC19-8000-C,67.62,0.1135,10.0,0,1557369324747,19216438,97
2019-05-09 12:24:56.608,0.1,sell,5999.44,BTC-27DEC19-8000-C,67.41,0.1095,0.1,2,1557404696608,19239936,98
2019-05-09 19:37:25.288,0.1,buy,6061.17,BTC-27DEC19-8000-C,67.31,0.112,0.1,0,1557430645288,19260243,99
2019-05-10 01:23:12.926,1.0,buy,6136.91,BTC-27DEC19-8000-C,66.92,0.1135,1.0,0,1557451392926,19285326,100
2019-05-10 12:59:29.450,0.1,buy,6282.68,BTC-27DEC19-8000-C,67.85,0.1225,0.1,0,1557493169450,19356829,101
2019-05-10 13:40:46.175,1.0,buy,6287.95,BTC-27DEC19-8000-C,67.73,0.1225,1.0,1,1557495646175,19358146,102
2019-05-10 18:50:28.677,0.1,sell,6407.98,BTC-27DEC19-8000-C,67.07,0.126,0.1,2,1557514228677,19390563,104
2019-05-10 18:50:28.677,0.1,sell,6407.98,BTC-27DEC19-8000-C,67.71,0.128,0.1,0,1557514228677,19390562,103
2019-05-11 05:53:35.993,0.5,buy,6722.21,BTC-27DEC19-8000-C,64.87,0.135,0.5,0,1557554015993,19474868,105
2019-05-11 06:08:13.049,3.0,buy,6790.06,BTC-27DEC19-8000-C,66.18,0.142,3.0,0,1557554893049,19478398,106
2019-05-11 06:09:04.593,3.0,buy,6816.47,BTC-27DEC19-8000-C,66.88,0.1465,3.0,0,1557554944593,19481047,107
2019-05-11 06:09:05.400,3.0,buy,6816.98,BTC-27DEC19-8000-C,66.88,0.1465,3.0,1,1557554945400,19481066,108
2019-05-11 11:42:31.593,0.5,sell,6810.76,BTC-27DEC19-8000-C,70.18,0.1575,0.5,0,1557574951593,19557615,109
2019-05-11 15:54:09.283,1.0,buy,6917.38,BTC-27DEC19-8000-C,69.98,0.16399999999999998,1.0,0,1557590049283,19586685,110
2019-05-11 16:15:37.873,1.0,buy,6995.34,BTC-27DEC19-8000-C,70.05,0.168,1.0,0,1557591337873,19596503,111
2019-05-11 21:02:18.018,2.4,sell,6959.92,BTC-27DEC19-8000-C,69.08,0.163,2.4,2,1557608538018,19638404,112
2019-05-11 21:02:18.018,10.0,sell,6959.92,BTC-27DEC19-8000-C,69.08,0.163,10.0,3,1557608538018,19638405,113
2019-05-11 21:02:36.878,2.4,sell,6963.04,BTC-27DEC19-8000-C,67.79,0.159,2.4,2,1557608556878,19638472,114
2019-05-11 21:03:34.114,8.8,buy,6962.99,BTC-27DEC19-8000-C,71.88,0.172,8.8,0,1557608614114,19638522,115
2019-05-11 22:01:12.794,1.0,buy,7100.35,BTC-27DEC19-8000-C,70.06,0.1735,1.0,0,1557612072794,19647850,116
2019-05-11 22:06:44.353,1.0,buy,7157.44,BTC-27DEC19-8000-C,69.71,0.17600000000000002,1.0,0,1557612404353,19654929,117
2019-05-11 22:56:54.333,1.0,buy,7276.59,BTC-27DEC19-8000-C,72.03,0.1895,1.0,0,1557615414333,19689523,118
2019-05-12 13:38:54.695,0.1,buy,7198.84,BTC-27DEC19-8000-C,80.02,0.208,0.1,0,1557668334695,19975083,119
2019-05-13 08:18:34.632,10.0,sell,7006.52,BTC-27DEC19-8000-C,73.35,0.1785,10.0,2,1557735514632,20143834,120
2019-05-13 13:07:12.016,0.2,buy,7379.86,BTC-27DEC19-8000-C,76.01,0.2045,0.2,0,1557752832016,20179776,121
2019-05-13 15:55:26.630,0.8,buy,7816.48,BTC-27DEC19-8000-C,76.04,0.2275,0.8,0,1557762926630,20246714,122
2019-05-13 19:35:13.041,2.0,sell,7874.84,BTC-27DEC19-8000-C,82.39,0.2495,2.0,0,1557776113041,20297812,123
2019-05-13 22:06:08.543,0.3,buy,8097.16,BTC-27DEC19-8000-C,88.5,0.2785,0.3,0,1557785168543,20333084,124
2019-05-13 22:08:03.674,0.3,buy,8096.01,BTC-27DEC19-8000-C,88.52,0.2785,0.3,1,1557785283674,20333319,125
2019-05-14 03:52:55.165,0.1,buy,7949.04,BTC-27DEC19-8000-C,95.17,0.2925,0.1,0,1557805975165,20411037,126
2019-05-14 07:05:16.497,5.0,buy,8122.88,BTC-27DEC19-8000-C,87.95,0.281,5.0,2,1557817516497,20440055,127
2019-05-14 07:08:34.175,0.2,buy,8143.33,BTC-27DEC19-8000-C,88.22,0.28300000000000003,0.2,0,1557817714175,20441365,128
2019-05-14 07:16:47.848,0.2,buy,8093.66,BTC-27DEC19-8000-C,88.27,0.2805,0.2,2,1557818207848,20444711,129
2019-05-14 07:17:39.727,0.1,buy,8100.27,BTC-27DEC19-8000-C,88.35,0.281,0.1,0,1557818259727,20444936,130
2019-05-14 07:18:52.553,5.0,buy,8117.24,BTC-27DEC19-8000-C,88.7,0.28300000000000003,5.0,0,1557818332553,20445069,131
2019-05-14 07:30:11.672,1.0,sell,8136.39,BTC-27DEC19-8000-C,89.98,0.287,1.0,0,1557819011672,20447554,132
2019-05-14 08:54:45.947,0.2,sell,8023.6,BTC-27DEC19-8000-C,90.79,0.284,0.2,2,1557824085947,20477414,133
2019-05-14 10:33:27.357,0.2,sell,7962.05,BTC-27DEC19-8000-C,90.55,0.28,0.2,2,1557830007357,20501627,134
2019-05-14 13:13:42.676,5.0,buy,8133.9,BTC-27DEC19-8000-C,88.02,0.28,5.0,3,1557839622676,20521035,135
2019-05-14 14:57:10.446,1.5,buy,8042.21,BTC-27DEC19-8000-C,87.11,0.2725,1.5,2,1557845830446,20535738,136
2019-05-14 19:16:34.272,1.0,sell,7716.25,BTC-27DEC19-8000-C,86.72,0.2555,1.0,2,1557861394272,20594577,137
2019-05-14 20:43:03.438,1.0,sell,7763.82,BTC-27DEC19-8000-C,86.11,0.2555,1.0,3,1557866583438,20609121,138
2019-05-14 21:03:37.521,2.0,sell,7663.9,BTC-27DEC19-8000-C,85.63,0.25,2.0,2,1557867817521,20616367,139
2019-05-14 22:48:27.141,10.0,buy,7905.5,BTC-27DEC19-8000-C,87.02,0.2655,10.0,0,1557874107141,20631292,140
2019-05-14 22:49:20.510,6.0,buy,7903.74,BTC-27DEC19-8000-C,89.58,0.273,6.0,1,1557874160510,20631393,142
2019-05-14 22:49:20.510,3.0,buy,7903.74,BTC-27DEC19-8000-C,89.58,0.273,3.0,0,1557874160510,20631392,141
2019-05-15 10:01:18.690,1.0,buy,8111.0,BTC-27DEC19-8000-C,87.03,0.275,1.0,0,1557914478690,20691577,143
2019-05-15 10:01:47.663,10.0,buy,8114.59,BTC-27DEC19-8000-C,87.46,0.2765,10.0,0,1557914507663,20692006,144
2019-05-16 01:10:42.372,5.0,buy,8345.48,BTC-27DEC19-8000-C,88.35,0.2895,5.0,0,1557969042372,20822176,145
2019-05-16 01:31:08.013,2.0,buy,8304.32,BTC-27DEC19-8000-C,88.33,0.28800000000000003,2.0,2,1557970268013,20826572,146
2019-05-17 03:19:05.998,0.1,buy,7263.1,BTC-27DEC19-8000-C,89.3,0.2445,0.1,2,1558063145998,21065337,147
2019-05-17 19:06:07.493,0.1,sell,7130.52,BTC-27DEC19-8000-C,88.88,0.2365,0.1,2,1558119967493,21220890,148
2019-05-19 03:46:29.265,0.1,buy,7904.82,BTC-27DEC19-8000-C,90.64,0.272,0.1,0,1558237589265,21363200,149
2019-05-19 15:47:26.711,1.0,sell,7939.29,BTC-27DEC19-8000-C,87.66,0.269,1.0,2,1558280846711,21432407,150
2019-05-19 23:04:40.601,1.0,buy,8259.3,BTC-27DEC19-8000-C,88.9,0.2885,1.0,0,1558307080601,21473669,151
2019-05-20 07:43:43.439,1.8,buy,7945.3,BTC-27DEC19-8000-C,83.65,0.259,1.8,2,1558338223439,21542331,152
2019-05-22 09:38:43.234,0.1,sell,7919.12,BTC-27DEC19-8000-C,84.5,0.258,0.1,2,1558517923234,21754227,153
2019-05-22 21:37:59.603,2.0,sell,7713.58,BTC-27DEC19-8000-C,84.35,0.248,2.0,2,1558561079603,21822688,154
2019-05-22 21:48:28.422,2.0,sell,7683.8,BTC-27DEC19-8000-C,84.36,0.2465,2.0,2,1558561708422,21825037,155
2019-05-22 22:02:39.014,1.0,sell,7634.6,BTC-27DEC19-8000-C,85.27,0.247,1.0,0,1558562559014,21829337,156
2019-05-22 22:05:16.410,2.0,sell,7589.02,BTC-27DEC19-8000-C,85.01,0.244,2.0,2,1558562716410,21830906,157
2019-05-22 22:05:38.643,2.0,sell,7551.55,BTC-27DEC19-8000-C,85.32,0.243,2.0,2,1558562738643,21831768,158
2019-05-23 00:42:34.787,2.0,sell,7629.36,BTC-27DEC19-8000-C,83.82,0.2425,2.0,2,1558572154787,21857439,159
2019-05-23 06:40:26.120,1.0,sell,7609.57,BTC-27DEC19-8000-C,83.92,0.242,1.0,2,1558593626120,21875265,160
2019-05-23 07:48:27.953,1.0,sell,7600.98,BTC-27DEC19-8000-C,83.49,0.24,1.0,2,1558597707953,21877642,161
2019-05-23 09:10:13.402,2.0,sell,7536.86,BTC-27DEC19-8000-C,84.33,0.2395,2.0,2,1558602613402,21882998,162
2019-05-23 17:38:19.517,2.0,sell,7771.34,BTC-27DEC19-8000-C,83.9,0.2465,2.0,0,1558633099517,21923817,163
2019-05-25 16:19:55.499,0.1,sell,8049.4,BTC-27DEC19-8000-C,81.42,0.255,0.1,0,1558801195499,22062986,164
2019-05-26 15:27:07.538,0.1,sell,7998.14,BTC-27DEC19-8000-C,81.29,0.2505,0.1,2,1558884427538,22107283,165
2019-05-26 15:54:36.280,0.2,sell,8018.97,BTC-27DEC19-8000-C,80.98,0.2505,0.2,3,1558886076280,22108393,166
2019-05-27 10:04:00.802,0.1,sell,8751.98,BTC-27DEC19-8000-C,92.59,0.3245,0.1,0,1558951440802,22284712,167
2019-05-27 10:05:40.417,0.2,buy,8752.88,BTC-27DEC19-8000-C,92.75,0.325,0.2,0,1558951540417,22284749,168
2019-05-29 14:15:57.824,0.5,sell,8721.72,BTC-27DEC19-8000-C,82.91,0.29,0.5,2,1559139357824,22518184,169
2019-05-30 17:08:35.870,0.1,sell,8555.95,BTC-27DEC19-8000-C,81.67,0.278,0.1,2,1559236115870,22662877,170
2019-05-30 21:12:58.763,0.1,sell,8413.26,BTC-27DEC19-8000-C,81.95,0.2705,0.1,2,1559250778763,22698915,171
2019-05-30 22:43:58.003,0.5,buy,8298.45,BTC-27DEC19-8000-C,88.55,0.2825,0.5,0,1559256238003,22746433,172
2019-05-31 11:12:27.474,5.0,sell,8227.54,BTC-27DEC19-8000-C,84.84,0.26899999999999996,5.0,2,1559301147474,22791701,173
2019-05-31 11:26:03.724,0.1,buy,8249.94,BTC-27DEC19-8000-C,86.1,0.2735,0.1,0,1559301963724,22792784,174
2019-05-31 11:29:13.843,0.1,buy,8254.23,BTC-27DEC19-8000-C,86.01,0.2735,0.1,1,1559302153843,22793023,175
2019-05-31 11:30:37.314,0.1,buy,8249.8,BTC-27DEC19-8000-C,85.74,0.2725,0.1,2,1559302237314,22793067,176
2019-05-31 21:36:00.747,0.1,sell,8495.77,BTC-27DEC19-8000-C,81.08,0.27399999999999997,0.1,0,1559338560747,22845711,177
2019-06-02 02:28:20.482,0.1,buy,8591.04,BTC-27DEC19-8000-C,85.16,0.2875,0.1,0,1559442500482,22910754,178
2019-06-02 08:43:15.751,1.0,sell,8751.5,BTC-27DEC19-8000-C,84.5,0.294,1.0,0,1559464995751,22926190,179
2019-06-03 04:27:58.936,0.1,sell,8677.79,BTC-27DEC19-8000-C,81.11,0.2805,0.1,2,1559536078936,22978682,180
2019-06-03 11:38:08.549,0.8,sell,8510.39,BTC-27DEC19-8000-C,81.27,0.272,0.8,3,1559561888549,23020308,182
2019-06-03 11:38:08.549,0.2,sell,8510.39,BTC-27DEC19-8000-C,81.27,0.272,0.2,2,1559561888549,23020307,181
2019-06-03 19:33:01.728,0.1,sell,8537.59,BTC-27DEC19-8000-C,80.76,0.273,0.1,0,1559590381728,23066631,183
2019-06-03 21:24:44.106,0.1,sell,8505.94,BTC-27DEC19-8000-C,81.42,0.2735,0.1,0,1559597084106,23070473,184
2019-06-03 22:02:16.991,0.1,sell,8492.68,BTC-27DEC19-8000-C,80.74,0.271,0.1,2,1559599336991,23074069,185
2019-06-03 22:19:28.139,0.1,sell,8420.47,BTC-27DEC19-8000-C,81.41,0.2695,0.1,2,1559600368139,23076312,186
2019-06-03 23:23:16.823,0.1,sell,8210.86,BTC-27DEC19-8000-C,83.31,0.263,0.1,2,1559604196823,23088634,187
2019-06-03 23:24:47.688,0.1,sell,8163.13,BTC-27DEC19-8000-C,78.67,0.247,0.1,2,1559604287688,23093883,188
2019-06-03 23:26:42.231,0.1,sell,8098.67,BTC-27DEC19-8000-C,81.28,0.252,0.1,0,1559604402231,23097209,189
2019-06-03 23:42:18.672,0.2,sell,8157.82,BTC-27DEC19-8000-C,78.63,0.2475,0.2,2,1559605338672,23108173,190
2019-06-03 23:51:22.723,0.1,sell,8140.26,BTC-27DEC19-8000-C,78.28,0.24600000000000002,0.1,2,1559605882723,23110723,191
2019-06-04 00:00:55.428,0.2,sell,8033.62,BTC-27DEC19-8000-C,79.62,0.2445,0.2,2,1559606455428,23113145,192
2019-06-04 00:05:47.070,0.2,sell,7860.08,BTC-27DEC19-8000-C,78.83,0.2335,0.2,2,1559606747070,23121480,193
2019-06-04 00:30:47.868,0.1,sell,7950.2,BTC-27DEC19-8000-C,79.98,0.241,0.1,0,1559608247868,23139702,194
2019-06-04 04:15:53.458,0.1,sell,7891.42,BTC-27DEC19-8000-C,80.79,0.239,0.1,2,1559621753458,23163845,195
2019-06-04 06:01:15.195,5.0,sell,7913.45,BTC-27DEC19-8000-C,83.68,0.248,5.0,0,1559628075195,23170311,196
2019-06-04 06:14:01.387,0.1,sell,7883.67,BTC-27DEC19-8000-C,80.84,0.2385,0.1,2,1559628841387,23171786,197
2019-06-04 06:23:57.895,0.1,sell,7911.56,BTC-27DEC19-8000-C,80.78,0.2395,0.1,0,1559629437895,23172462,198
2019-06-04 06:32:45.008,0.1,buy,7884.99,BTC-27DEC19-8000-C,81.06,0.239,0.1,2,1559629965008,23172821,199
2019-06-04 06:38:08.278,0.1,sell,7822.89,BTC-27DEC19-8000-C,81.51,0.2375,0.1,2,1559630288278,23175207,200
2019-06-04 16:52:24.457,25.0,sell,7910.21,BTC-27DEC19-8000-C,82.38,0.241,25.0,0,1559667144457,23225141,201
2019-06-04 16:55:48.063,25.0,sell,7925.37,BTC-27DEC19-8000-C,82.08,0.24100000000000002,25.0,1,1559667348063,23225326,202
2019-06-04 17:15:06.388,0.1,sell,7830.11,BTC-27DEC19-8000-C,81.72,0.2355,0.1,2,1559668506388,23230469,203
2019-06-04 17:41:35.685,0.1,sell,7694.74,BTC-27DEC19-8000-C,80.46,0.225,0.1,2,1559670095685,23246717,204
2019-06-04 17:43:35.410,0.1,sell,7618.2,BTC-27DEC19-8000-C,80.17,0.2195,0.1,2,1559670215410,23250663,205
2019-06-04 18:01:25.272,0.1,sell,7617.11,BTC-27DEC19-8000-C,81.31,0.2235,0.1,0,1559671285272,23262420,206
2019-06-04 18:04:57.746,0.1,buy,7638.6,BTC-27DEC19-8000-C,80.61,0.2225,0.1,2,1559671497746,23263194,207
2019-06-04 19:11:18.917,5.0,sell,7507.2,BTC-27DEC19-8000-C,81.47,0.2175,5.0,2,1559675478917,23275634,208
2019-06-04 19:15:17.200,0.1,buy,7588.53,BTC-27DEC19-8000-C,80.68,0.22,0.1,0,1559675717200,23279178,209
2019-06-04 19:29:58.499,0.1,sell,7595.05,BTC-27DEC19-8000-C,80.23,0.219,0.1,2,1559676598499,23284021,210
2019-06-04 21:19:56.141,0.2,sell,7623.55,BTC-27DEC19-8000-C,78.73,0.2165,0.2,2,1559683196141,23296805,211
2019-06-04 21:47:12.902,0.1,sell,7584.21,BTC-27DEC19-8000-C,78.75,0.215,0.1,2,1559684832902,23299971,212
2019-06-04 22:00:23.265,0.1,sell,7456.14,BTC-27DEC19-8000-C,79.49,0.2105,0.1,2,1559685623265,23305244,213
2019-06-05 02:03:05.604,1.0,buy,7766.27,BTC-27DEC19-8000-C,83.47,0.238,1.0,0,1559700185604,23328810,214
2019-06-05 02:03:11.437,1.0,buy,7765.63,BTC-27DEC19-8000-C,83.46,0.238,1.0,1,1559700191437,23328813,215
2019-06-05 02:23:05.510,1.0,sell,7756.22,BTC-27DEC19-8000-C,82.57,0.235,1.0,2,1559701385510,23329546,216
2019-06-05 04:20:13.612,0.1,sell,7768.56,BTC-27DEC19-8000-C,80.67,0.23,0.1,2,1559708413612,23334457,217
2019-06-05 14:29:14.054,0.9,sell,7739.17,BTC-27DEC19-8000-C,81.75,0.23,0.9,3,1559744954054,23364382,218
2019-06-05 15:13:18.682,0.1,sell,7696.23,BTC-27DEC19-8000-C,80.09,0.223,0.1,2,1559747598682,23371502,219
2019-06-05 15:36:23.726,0.1,sell,7613.27,BTC-27DEC19-8000-C,80.08,0.219,0.1,2,1559748983726,23376075,220
2019-06-05 22:36:44.145,0.1,sell,7785.57,BTC-27DEC19-8000-C,78.94,0.2255,0.1,0,1559774204145,23424995,221
2019-06-06 02:11:16.680,3.8,sell,7823.07,BTC-27DEC19-8000-C,78.95,0.228,3.8,0,1559787076680,23436553,222
2019-06-06 02:32:10.606,22.8,sell,7824.42,BTC-27DEC19-8000-C,77.8,0.2245,22.8,2,1559788330606,23437175,223
2019-06-06 02:32:14.414,22.8,sell,7824.77,BTC-27DEC19-8000-C,77.62,0.224,22.8,2,1559788334414,23437176,224
2019-06-06 14:57:49.879,0.1,buy,7677.37,BTC-27DEC19-8000-C,77.99,0.2145,0.1,2,1559833069879,23482438,225
2019-06-06 20:06:54.319,1.0,buy,7600.32,BTC-27DEC19-8000-C,77.62,0.2095,1.0,2,1559851614319,23523752,226
2019-06-07 00:02:01.785,0.8,sell,7828.29,BTC-27DEC19-8000-C,74.16,0.211,0.8,2,1559865721785,23542611,228
2019-06-07 00:02:01.785,0.2,sell,7828.29,BTC-27DEC19-8000-C,75.72,0.2155,0.2,0,1559865721785,23542610,227
2019-06-07 00:02:13.720,1.0,sell,7828.98,BTC-27DEC19-8000-C,74.14,0.211,1.0,3,1559865733720,23542626,229
2019-06-07 00:39:37.787,3.5,sell,7815.78,BTC-27DEC19-8000-C,74.32,0.211,3.5,3,1559867977787,23544853,230
2019-06-07 00:39:37.787,7.5,sell,7815.78,BTC-27DEC19-8000-C,74.32,0.211,7.5,3,1559867977787,23544854,231
2019-06-07 01:28:14.750,3.6,buy,7799.39,BTC-27DEC19-8000-C,75.5,0.2135,3.6,0,1559870894750,23547243,232
2019-06-07 01:28:14.750,15.2,buy,7799.39,BTC-27DEC19-8000-C,75.5,0.2135,15.2,1,1559870894750,23547244,233
2019-06-07 01:28:39.392,3.6,buy,7799.31,BTC-27DEC19-8000-C,75.51,0.2135,3.6,1,1559870919392,23547245,234
2019-06-07 08:05:18.794,1.0,buy,7976.05,BTC-27DEC19-8000-C,77.01,0.227,1.0,0,1559894718794,23574770,235
2019-06-08 06:19:04.034,0.2,sell,7945.19,BTC-27DEC19-8000-C,73.17,0.212,0.2,2,1559974744034,23645784,236
2019-06-08 13:28:14.668,7.7,buy,7927.49,BTC-27DEC19-8000-C,73.89,0.2135,7.7,0,1560000494668,23658297,237
2019-06-08 16:39:52.167,2.0,buy,7849.73,BTC-27DEC19-8000-C,73.32,0.208,2.0,2,1560011992167,23668810,238
2019-06-08 22:53:36.911,0.2,buy,7937.11,BTC-27DEC19-8000-C,73.08,0.211,0.2,0,1560034416911,23684440,239
2019-06-09 00:05:05.131,2.0,sell,7949.98,BTC-27DEC19-8000-C,70.48,0.204,2.0,2,1560038705131,23686239,240
2019-06-09 13:14:34.436,0.1,sell,7772.74,BTC-27DEC19-8000-C,70.32,0.194,0.1,2,1560086074436,23711537,241
2019-06-09 20:02:22.455,0.5,buy,7752.67,BTC-27DEC19-8000-C,73.3,0.2005,0.5,0,1560110542455,23744774,243
2019-06-09 20:02:22.455,1.5,buy,7752.67,BTC-27DEC19-8000-C,73.12,0.2,1.5,0,1560110542455,23744773,242
2019-06-09 21:58:47.622,3.0,sell,7640.29,BTC-27DEC19-8000-C,73.27,0.1945,3.0,2,1560117527622,23755391,244
2019-06-09 22:22:45.269,2.0,sell,7590.98,BTC-27DEC19-8000-C,73.3,0.192,2.0,2,1560118965269,23763132,245
2019-06-09 22:30:52.324,0.2,buy,7522.53,BTC-27DEC19-8000-C,73.34,0.189,0.2,2,1560119452324,23766001,246
2019-06-09 22:48:14.410,2.0,sell,7565.44,BTC-27DEC19-8000-C,72.21,0.188,2.0,2,1560120494410,23768857,247
2019-06-09 22:48:14.410,4.0,sell,7565.44,BTC-27DEC19-8000-C,71.01,0.1845,4.0,2,1560120494410,23768858,248
2019-06-09 23:43:08.775,0.1,sell,7636.88,BTC-27DEC19-8000-C,70.49,0.187,0.1,0,1560123788775,23775008,249
2019-06-09 23:53:28.192,0.1,buy,7653.65,BTC-27DEC19-8000-C,73.24,0.196,0.1,0,1560124408192,23775385,250
2019-06-10 23:56:54.791,1.0,sell,8003.45,BTC-27DEC19-8000-C,71.06,0.21,1.0,0,1560211014791,23884854,251
2019-06-10 23:57:41.268,1.0,sell,8009.82,BTC-27DEC19-8000-C,70.91,0.21,1.0,1,1560211061268,23885007,252
2019-06-11 04:47:47.517,2.0,sell,7962.46,BTC-27DEC19-8000-C,71.38,0.209,2.0,2,1560228467517,23893398,253
2019-06-11 04:47:52.650,2.0,sell,7962.8,BTC-27DEC19-8000-C,71.38,0.209,2.0,3,1560228472650,23893399,254
2019-06-11 04:47:54.880,2.0,sell,7962.8,BTC-27DEC19-8000-C,71.38,0.209,2.0,3,1560228474880,23893400,255
2019-06-11 10:40:23.459,1.0,buy,7814.53,BTC-27DEC19-8000-C,73.83,0.208,1.0,2,1560249623459,23910432,256
2019-06-11 10:41:08.308,1.0,buy,7814.29,BTC-27DEC19-8000-C,73.87,0.208,1.0,3,1560249668308,23910484,257
2019-06-12 00:50:26.554,1.0,buy,7868.44,BTC-27DEC19-8000-C,74.25,0.2075,1.0,2,1560300626554,23967178,258
2019-06-12 00:53:27.354,0.1,sell,7860.97,BTC-27DEC19-8000-C,73.68,0.2055,0.1,2,1560300807354,23967387,259
2019-06-12 04:01:12.685,5.0,buy,7999.29,BTC-27DEC19-8000-C,73.81,0.213,5.0,0,1560312072685,23981997,260
2019-06-12 04:01:13.900,1.0,sell,7999.65,BTC-27DEC19-8000-C,73.8,0.213,1.0,1,1560312073900,23981998,261
2019-06-12 04:02:25.499,0.5,buy,8003.04,BTC-27DEC19-8000-C,73.99,0.2135,0.5,0,1560312145499,23982056,262
2019-06-12 04:02:29.051,0.5,buy,8002.89,BTC-27DEC19-8000-C,73.99,0.2135,0.5,1,1560312149051,23982057,263
2019-06-12 04:02:31.965,0.5,buy,8003.09,BTC-27DEC19-8000-C,73.99,0.2135,0.5,1,1560312151965,23982058,264
2019-06-12 04:02:34.458,0.5,buy,8003.55,BTC-27DEC19-8000-C,73.98,0.2135,0.5,1,1560312154458,23982059,265
2019-06-12 04:02:39.381,0.5,buy,8003.21,BTC-27DEC19-8000-C,73.99,0.2135,0.5,1,1560312159381,23982066,266
2019-06-13 18:27:53.143,1.0,buy,8216.25,BTC-27DEC19-8000-C,75.12,0.2285,1.0,0,1560450473143,24086773,267
2019-06-14 02:05:31.132,12.1,sell,8202.41,BTC-27DEC19-8000-C,70.78,0.2155,12.1,2,1560477931132,24111819,268
2019-06-14 02:05:52.570,12.1,sell,8201.11,BTC-27DEC19-8000-C,70.62,0.215,12.1,2,1560477952570,24111823,269
2019-06-14 21:12:23.141,1.0,buy,8630.02,BTC-27DEC19-8000-C,72.17,0.24,1.0,0,1560546743141,24166994,270
2019-06-14 22:10:11.237,1.0,sell,8669.29,BTC-27DEC19-8000-C,73.94,0.247,1.0,0,1560550211237,24177711,271
2019-06-15 02:21:20.325,3.6,buy,8667.66,BTC-27DEC19-8000-C,75.25,0.251,3.6,0,1560565280325,24191686,272
2019-06-15 02:21:20.325,12.1,buy,8667.66,BTC-27DEC19-8000-C,75.44,0.2515,12.1,0,1560565280325,24191687,273
2019-06-15 07:42:49.621,0.5,sell,8686.31,BTC-27DEC19-8000-C,75.03,0.252,0.5,0,1560584569621,24204578,274
2019-06-15 12:55:43.562,1.5,buy,8644.29,BTC-27DEC19-8000-C,74.66,0.2495,1.5,2,1560603343562,24211435,275
2019-06-16 12:57:06.136,1.0,buy,9076.33,BTC-27DEC19-8000-C,74.32,0.276,1.0,0,1560689826136,24362325,276
2019-06-17 15:00:25.841,0.5,buy,9398.56,BTC-27DEC19-8000-C,84.04,0.3115,0.5,0,1560783625841,24509468,277
