date_utc,amount,direction,indexPrice,instrument,iv,price,quantity,tickDirection,timeStamp,tradeId,tradeSeq
2019-02-21 12:22:14.432,1.0,buy,3896.32,BTC-1MAR19-4125-C,57.84,0.013000000000000001,1.0,1,1550751734432,15742564,1
2019-02-21 20:21:09.296,1.0,buy,3895.55,BTC-1MAR19-4125-C,54.86,0.011,1.0,2,1550780469296,15749994,2
2019-02-21 23:50:42.075,0.6,sell,3893.12,BTC-1MAR19-4125-C,51.13,0.009000000000000001,0.6,2,1550793042075,15751809,3
2019-02-21 23:50:42.075,1.0,sell,3893.12,BTC-1MAR19-4125-C,51.13,0.009000000000000001,1.0,3,1550793042075,15751810,4
2019-02-22 00:19:14.347,1.0,sell,3904.48,BTC-1MAR19-4125-C,49.71,0.009000000000000001,1.0,3,1550794754347,15752409,5
2019-02-22 00:26:39.038,0.3,buy,3902.81,BTC-1MAR19-4125-C,52.26,0.01,0.3,0,1550795199038,15752500,6
2019-02-22 01:55:36.299,3.0,buy,3907.22,BTC-1MAR19-4125-C,49.58,0.009000000000000001,3.0,2,1550800536299,15753360,7
2019-02-22 03:44:13.049,20.0,sell,3914.43,BTC-1MAR19-4125-C,47.71,0.0085,20.0,2,1550807053049,15755201,8
2019-02-22 03:51:19.904,3.0,buy,3914.37,BTC-1MAR19-4125-C,51.21,0.01,3.0,0,1550807479904,15755252,9
2019-02-22 03:55:24.048,1.0,buy,3913.44,BTC-1MAR19-4125-C,51.35,0.01,1.0,1,1550807724048,15755285,10
2019-02-22 04:39:43.033,10.0,buy,3909.89,BTC-1MAR19-4125-C,49.62,0.009000000000000001,10.0,2,1550810383033,15755608,11
2019-02-22 04:48:54.269,10.0,buy,3915.04,BTC-1MAR19-4125-C,50.12,0.0095,10.0,0,1550810934269,15755680,12
2019-02-22 05:09:49.027,8.6,buy,3919.91,BTC-1MAR19-4125-C,50.65,0.01,8.6,0,1550812189027,15756087,13
2019-02-22 08:23:18.636,0.5,buy,3918.24,BTC-1MAR19-4125-C,50.21,0.0095,0.5,2,1550823798636,15761611,14
2019-02-22 08:23:57.880,4.7,buy,3920.9,BTC-1MAR19-4125-C,51.0,0.01,4.7,0,1550823837880,15761712,15
2019-02-22 08:24:15.230,20.0,buy,3921.01,BTC-1MAR19-4125-C,54.36,0.0115,20.0,0,1550823855230,15761733,18
2019-02-22 08:24:15.230,7.4,buy,3921.01,BTC-1MAR19-4125-C,50.98,0.01,7.4,1,1550823855230,15761731,16
2019-02-22 08:24:15.230,15.0,buy,3921.01,BTC-1MAR19-4125-C,53.25,0.011,15.0,0,1550823855230,15761732,17
2019-02-22 08:24:15.230,1.7,buy,3921.01,BTC-1MAR19-4125-C,54.36,0.0115,1.7,1,1550823855230,15761734,19
2019-02-22 08:24:15.230,10.0,buy,3921.01,BTC-1MAR19-4125-C,54.36,0.0115,10.0,1,1550823855230,15761735,20
2019-02-22 08:24:21.001,5.9,sell,3920.27,BTC-1MAR19-4125-C,54.47,0.0115,5.9,1,1550823861001,15761750,21
2019-02-22 08:26:04.961,14.8,buy,3923.97,BTC-1MAR19-4125-C,52.84,0.011,14.8,2,1550823964961,15762169,22
2019-02-22 08:26:04.961,20.0,buy,3923.97,BTC-1MAR19-4125-C,55.05,0.012,20.0,0,1550823964961,15762171,24
2019-02-22 08:26:04.961,1.0,buy,3923.97,BTC-1MAR19-4125-C,53.95,0.0115,1.0,0,1550823964961,15762170,23
2019-02-22 08:26:05.039,4.2,sell,3923.97,BTC-1MAR19-4125-C,55.05,0.012,4.2,1,1550823965039,15762172,25
2019-02-22 08:28:45.828,15.4,buy,3918.52,BTC-1MAR19-4125-C,52.48,0.0105,15.4,2,1550824125828,15762415,26
2019-02-22 08:29:52.153,14.5,buy,3924.89,BTC-1MAR19-4125-C,53.83,0.0115,14.5,0,1550824192153,15762545,27
2019-02-22 08:41:57.858,1.4,sell,3919.92,BTC-1MAR19-4125-C,50.03,0.0095,1.4,2,1550824917858,15763263,28
2019-02-22 08:42:31.960,1.5,sell,3922.81,BTC-1MAR19-4125-C,50.78,0.01,1.5,0,1550824951960,15763302,29
2019-02-22 08:42:46.534,0.1,sell,3919.88,BTC-1MAR19-4125-C,51.19,0.01,0.1,1,1550824966534,15763323,30
2019-02-22 08:53:17.034,0.5,sell,3926.56,BTC-1MAR19-4125-C,50.29,0.01,0.5,1,1550825597034,15763985,31
2019-02-22 09:43:31.976,14.0,buy,3920.78,BTC-1MAR19-4125-C,55.72,0.012,14.0,1,1550828611976,15765924,33
2019-02-22 09:43:31.976,0.5,buy,3920.78,BTC-1MAR19-4125-C,55.72,0.012,0.5,0,1550828611976,15765923,32
2019-02-22 09:44:00.793,14.6,buy,3920.57,BTC-1MAR19-4125-C,54.64,0.0115,14.6,2,1550828640793,15765930,34
2019-02-22 09:44:51.676,14.0,buy,3922.02,BTC-1MAR19-4125-C,55.55,0.012,14.0,0,1550828691676,15765934,35
2019-02-22 11:00:58.732,0.3,buy,3922.27,BTC-1MAR19-4125-C,55.73,0.012,0.3,1,1550833258732,15767441,36
2019-02-22 11:00:58.732,13.9,buy,3922.27,BTC-1MAR19-4125-C,55.73,0.012,13.9,1,1550833258732,15767442,37
2019-02-22 11:02:38.221,12.3,buy,3921.71,BTC-1MAR19-4125-C,58.01,0.013,12.3,1,1550833358221,15767446,39
2019-02-22 11:02:38.221,0.5,buy,3921.71,BTC-1MAR19-4125-C,58.01,0.013,0.5,0,1550833358221,15767445,38
2019-02-22 11:30:46.675,2.0,sell,3922.47,BTC-1MAR19-4125-C,53.54,0.011,2.0,2,1550835046675,15768104,40
2019-02-22 11:34:40.555,1.0,buy,3921.61,BTC-1MAR19-4125-C,54.8,0.0115,1.0,0,1550835280555,15768152,41
2019-02-22 11:34:48.327,5.4,buy,3922.02,BTC-1MAR19-4125-C,54.74,0.0115,5.4,1,1550835288327,15768153,42
2019-02-22 11:34:48.327,14.1,buy,3922.02,BTC-1MAR19-4125-C,55.86,0.012,14.1,0,1550835288327,15768154,43
2019-02-22 11:34:53.644,0.5,sell,3923.1,BTC-1MAR19-4125-C,55.7,0.012,0.5,1,1550835293644,15768159,44
2019-02-22 12:11:53.861,9.5,buy,3925.66,BTC-1MAR19-4125-C,55.44,0.012,9.5,0,1550837513861,15768871,46
2019-02-22 12:11:53.861,5.5,buy,3925.66,BTC-1MAR19-4125-C,54.32,0.0115,5.5,2,1550837513861,15768870,45
2019-02-22 12:12:18.236,2.0,buy,3925.92,BTC-1MAR19-4125-C,54.29,0.0115,2.0,2,1550837538236,15768903,47
2019-02-22 12:13:44.107,3.0,sell,3924.16,BTC-1MAR19-4125-C,53.42,0.011,3.0,2,1550837624107,15768979,48
2019-02-22 13:59:33.234,0.1,buy,3947.21,BTC-1MAR19-4125-C,53.66,0.0125,0.1,1,1550843973234,15775846,51
2019-02-22 13:59:33.234,0.1,buy,3947.21,BTC-1MAR19-4125-C,53.66,0.0125,0.1,1,1550843973234,15775847,52
2019-02-22 13:59:33.234,0.3,buy,3947.21,BTC-1MAR19-4125-C,53.66,0.0125,0.3,0,1550843973234,15775844,49
2019-02-22 13:59:33.234,0.5,buy,3947.21,BTC-1MAR19-4125-C,53.66,0.0125,0.5,1,1550843973234,15775845,50
2019-02-22 13:59:37.359,2.0,sell,3946.71,BTC-1MAR19-4125-C,53.73,0.0125,2.0,1,1550843977359,15775850,53
2019-02-22 14:07:36.862,0.1,buy,3949.1,BTC-1MAR19-4125-C,54.47,0.013,0.1,0,1550844456862,15776244,54
2019-02-22 14:08:23.201,1.0,buy,3949.2,BTC-1MAR19-4125-C,55.53,0.0135,1.0,0,1550844503201,15776257,55
2019-02-22 14:25:52.058,7.8,buy,3934.09,BTC-1MAR19-4125-C,55.68,0.0125,7.8,2,1550845552058,15777742,56
2019-02-22 14:38:41.291,3.0,buy,3936.94,BTC-1MAR19-4125-C,54.2,0.012,3.0,2,1550846321291,15778034,57
2019-02-22 15:02:02.008,2.0,buy,3945.46,BTC-1MAR19-4125-C,53.0,0.012,2.0,3,1550847722008,15778830,58
2019-02-22 15:22:45.923,10.0,sell,3926.07,BTC-1MAR19-4125-C,55.92,0.012,10.0,3,1550848965923,15780057,59
2019-02-22 17:16:15.735,2.0,sell,3928.95,BTC-1MAR19-4125-C,53.56,0.011,2.0,2,1550855775735,15784562,60
2019-02-22 17:32:08.405,0.5,buy,3926.96,BTC-1MAR19-4125-C,56.17,0.012,0.5,0,1550856728405,15784744,61
2019-02-22 18:07:43.837,1.0,buy,3943.56,BTC-1MAR19-4125-C,53.8,0.012,1.0,1,1550858863837,15785524,62
2019-02-22 19:10:42.538,2.0,buy,3943.18,BTC-1MAR19-4125-C,54.04,0.012,2.0,1,1550862642538,15786120,63
2019-02-22 20:17:02.452,10.0,buy,3935.02,BTC-1MAR19-4125-C,52.03,0.0105,10.0,2,1550866622452,15786982,64
2019-02-22 22:11:08.185,5.0,sell,3946.49,BTC-1MAR19-4125-C,50.66,0.0105,5.0,3,1550873468185,15788233,65
2019-02-22 23:37:57.112,10.0,buy,3949.55,BTC-1MAR19-4125-C,52.72,0.0115,10.0,0,1550878677112,15789346,66
2019-02-23 00:31:45.891,10.0,sell,3934.29,BTC-1MAR19-4125-C,54.04,0.011,10.0,2,1550881905891,15791116,67
2019-02-23 01:40:12.974,5.0,sell,3942.59,BTC-1MAR19-4125-C,52.99,0.011,5.0,3,1550886012974,15791864,68
2019-02-23 04:15:15.686,5.0,sell,3937.32,BTC-1MAR19-4125-C,53.07,0.0105,5.0,2,1550895315686,15793538,69
2019-02-23 05:17:34.669,10.0,sell,3914.79,BTC-1MAR19-4125-C,55.41,0.01,10.0,2,1550899054669,15795695,71
2019-02-23 05:17:34.669,1.0,sell,3914.79,BTC-1MAR19-4125-C,55.41,0.01,1.0,3,1550899054669,15795696,72
2019-02-23 05:17:34.669,5.0,sell,3914.79,BTC-1MAR19-4125-C,56.64,0.0105,5.0,3,1550899054669,15795694,70
2019-02-23 08:35:56.589,0.1,sell,3921.71,BTC-1MAR19-4125-C,55.01,0.01,0.1,3,1550910956589,15797749,73
2019-02-23 08:40:25.591,0.1,sell,3915.17,BTC-1MAR19-4125-C,56.0,0.01,0.1,3,1550911225591,15798029,74
2019-02-23 17:06:28.359,10.0,buy,3976.64,BTC-1MAR19-4125-C,51.59,0.0115,10.0,0,1550941588359,15809866,75
2019-02-23 17:07:00.306,2.0,buy,3990.74,BTC-1MAR19-4125-C,50.37,0.012,2.0,0,1550941620306,15810373,76
2019-02-23 17:07:02.681,1.5,buy,3993.35,BTC-1MAR19-4125-C,49.93,0.012,1.5,1,1550941622681,15810395,78
2019-02-23 17:07:02.681,0.5,buy,3993.35,BTC-1MAR19-4125-C,49.93,0.012,0.5,1,1550941622681,15810394,77
2019-02-23 17:07:02.858,2.0,buy,3993.35,BTC-1MAR19-4125-C,49.93,0.012,2.0,1,1550941622858,15810396,79
2019-02-23 17:07:19.120,2.0,buy,3999.33,BTC-1MAR19-4125-C,48.9,0.012,2.0,1,1550941639120,15810896,80
2019-02-23 17:07:19.533,4.5,buy,3999.33,BTC-1MAR19-4125-C,48.9,0.012,4.5,1,1550941639533,15810947,81
2019-02-23 17:07:22.635,9.7,buy,4002.28,BTC-1MAR19-4125-C,49.52,0.0125,9.7,0,1550941642635,15811068,82
2019-02-23 17:07:27.930,5.3,buy,3999.81,BTC-1MAR19-4125-C,49.95,0.0125,5.3,1,1550941647930,15811152,83
2019-02-23 17:07:30.057,0.1,buy,4001.19,BTC-1MAR19-4125-C,51.95,0.0135,0.1,0,1550941650057,15811200,84
2019-02-23 17:11:09.714,4.8,sell,3946.09,BTC-1MAR19-4125-C,52.94,0.01,4.8,2,1550941869714,15814753,85
2019-02-23 17:21:20.217,1.1,buy,3987.73,BTC-1MAR19-4125-C,55.47,0.014,1.1,0,1550942480217,15818157,86
2019-02-23 17:22:00.539,1.1,buy,3988.19,BTC-1MAR19-4125-C,55.39,0.014,1.1,1,1550942520539,15818214,87
2019-02-23 17:23:12.046,0.2,buy,3984.25,BTC-1MAR19-4125-C,56.08,0.014,0.2,1,1550942592046,15818336,88
2019-02-23 17:26:11.350,2.5,buy,3994.26,BTC-1MAR19-4125-C,54.34,0.014,2.5,1,1550942771350,15818931,89
2019-02-23 17:26:11.534,0.5,sell,3994.26,BTC-1MAR19-4125-C,56.56,0.015,0.5,0,1550942771534,15818933,90
2019-02-23 17:34:43.574,0.5,buy,4018.95,BTC-1MAR19-4125-C,56.45,0.017,0.5,0,1550943283574,15820858,91
2019-02-23 17:56:22.340,1.0,sell,4077.73,BTC-1MAR19-4125-C,52.15,0.0205,1.0,0,1550944582340,15828418,92
2019-02-23 17:57:54.528,1.0,buy,4087.12,BTC-1MAR19-4125-C,53.21,0.022000000000000002,1.0,0,1550944674528,15829244,93
2019-02-23 18:01:44.970,1.0,buy,4107.38,BTC-1MAR19-4125-C,53.79,0.0245,1.0,0,1550944904970,15830636,94
2019-02-23 18:01:48.841,0.4,buy,4109.7,BTC-1MAR19-4125-C,54.27,0.025,0.4,1,1550944908841,15830688,96
2019-02-23 18:01:48.841,3.8,buy,4109.7,BTC-1MAR19-4125-C,54.27,0.025,3.8,0,1550944908841,15830687,95
2019-02-23 18:03:10.855,0.1,sell,4094.57,BTC-1MAR19-4125-C,53.63,0.023,0.1,2,1550944990855,15831407,97
2019-02-23 18:04:18.430,1.6,buy,4110.31,BTC-1MAR19-4125-C,54.14,0.025,1.6,0,1550945058430,15831742,98
2019-02-23 18:20:20.802,1.0,sell,4089.42,BTC-1MAR19-4125-C,53.8,0.0225,1.0,2,1550946020802,15836321,99
2019-02-23 18:20:39.414,0.1,buy,4089.16,BTC-1MAR19-4125-C,56.92,0.024,0.1,0,1550946039414,15836349,100
2019-02-23 18:29:35.709,5.2,sell,4079.35,BTC-1MAR19-4125-C,53.97,0.0215,5.2,2,1550946575709,15837158,101
2019-02-23 18:36:27.545,2.2,sell,4087.75,BTC-1MAR19-4125-C,53.2,0.022,2.2,0,1550946987545,15837790,102
2019-02-23 18:39:01.581,2.6,sell,4091.1,BTC-1MAR19-4125-C,52.48,0.022,2.6,1,1550947141581,15837939,103
