date_utc,amount,direction,indexPrice,instrument,iv,price,quantity,tickDirection,timeStamp,tradeId,tradeSeq
2019-02-14 09:44:09.792,1.0,buy,3569.89,BTC-28JUN19-6000-C,59.06,0.013999999999999999,1.0,0,1550137449792,15359691,569
2019-02-14 11:32:12.790,7.0,buy,3560.01,BTC-28JUN19-6000-C,59.35,0.013999999999999999,7.0,1,1550143932790,15365609,570
2019-02-15 00:43:05.120,10.0,sell,3567.89,BTC-28JUN19-6000-C,57.81,0.0125,10.0,2,1550191385120,15376717,571
2019-02-15 00:43:07.761,10.0,sell,3567.89,BTC-28JUN19-6000-C,57.81,0.0125,10.0,3,1550191387761,15376718,572
2019-02-17 02:22:55.725,1.0,buy,3585.43,BTC-28JUN19-6000-C,57.93,0.013000000000000001,1.0,0,1550370175725,15426820,573
2019-02-18 16:59:32.465,0.1,buy,3858.98,BTC-28JUN19-6000-C,57.0,0.019,0.1,0,1550509172465,15565209,574
2019-02-18 16:59:55.986,9.9,buy,3860.68,BTC-28JUN19-6000-C,56.93,0.019,9.9,1,1550509195986,15565302,575
2019-02-18 16:59:55.986,9.2,buy,3860.68,BTC-28JUN19-6000-C,56.93,0.019,9.2,1,1550509195986,15565303,576
2019-02-18 23:21:21.737,10.0,buy,3867.98,BTC-28JUN19-6000-C,58.38,0.021,10.0,0,1550532081737,15585950,577
2019-02-18 23:21:21.737,10.0,buy,3867.98,BTC-28JUN19-6000-C,58.76,0.0215,10.0,0,1550532081737,15585951,578
2019-02-18 23:21:21.737,15.0,buy,3867.98,BTC-28JUN19-6000-C,59.13,0.022000000000000002,15.0,0,1550532081737,15585952,579
2019-02-18 23:21:21.737,17.0,buy,3867.98,BTC-28JUN19-6000-C,59.13,0.022000000000000002,17.0,1,1550532081737,15585953,580
2019-02-19 00:09:05.388,1.0,buy,3882.09,BTC-28JUN19-6000-C,59.12,0.0225,1.0,0,1550534945388,15588550,581
2019-02-19 01:25:51.505,2.0,buy,3897.05,BTC-28JUN19-6000-C,59.76,0.024,2.0,0,1550539551505,15599857,582
2019-02-19 08:21:39.390,2.0,buy,3884.25,BTC-28JUN19-6000-C,60.11,0.024,2.0,1,1550564499390,15614958,583
2019-02-19 14:08:51.003,0.3,buy,3956.26,BTC-28JUN19-6000-C,60.0,0.026000000000000002,0.3,0,1550585331003,15638933,584
2019-02-20 05:33:35.637,2.0,buy,3883.02,BTC-28JUN19-6000-C,60.94,0.0245,2.0,2,1550640815637,15677919,585
2019-02-20 05:33:35.637,2.0,buy,3883.02,BTC-28JUN19-6000-C,60.94,0.0245,2.0,3,1550640815637,15677920,586
2019-02-20 19:58:15.909,10.0,buy,3924.0,BTC-28JUN19-6000-C,59.7,0.024,10.0,2,1550692695909,15709482,587
2019-02-20 19:58:21.972,4.8,buy,3924.21,BTC-28JUN19-6000-C,57.47,0.021,4.8,2,1550692701972,15709519,588
2019-02-21 03:48:22.614,12.0,buy,3934.24,BTC-28JUN19-6000-C,60.37,0.025,12.0,0,1550720902614,15719481,589
2019-02-21 03:48:50.144,2.0,buy,3933.46,BTC-28JUN19-6000-C,61.06,0.026,2.0,0,1550720930144,15719509,590
2019-02-21 03:48:50.144,18.0,buy,3933.46,BTC-28JUN19-6000-C,61.06,0.026,18.0,1,1550720930144,15719510,591
2019-02-21 03:49:13.153,10.0,buy,3933.33,BTC-28JUN19-6000-C,61.4,0.0265,10.0,0,1550720953153,15719522,592
2019-02-21 10:07:56.907,0.1,sell,3897.7,BTC-28JUN19-6000-C,59.52,0.023,0.1,2,1550743676907,15737915,593
2019-02-21 10:07:57.818,0.1,buy,3897.7,BTC-28JUN19-6000-C,59.52,0.023,0.1,3,1550743677818,15737916,594
2019-02-21 10:08:13.344,0.1,buy,3897.71,BTC-28JUN19-6000-C,59.52,0.023,0.1,3,1550743693344,15737923,595
2019-02-21 10:08:28.892,0.1,buy,3897.71,BTC-28JUN19-6000-C,59.52,0.023,0.1,3,1550743708892,15737930,596
2019-02-21 10:17:02.916,10.0,sell,3891.38,BTC-28JUN19-6000-C,58.91,0.022,10.0,2,1550744222916,15738254,597
2019-02-21 11:05:11.055,0.6,buy,3896.7,BTC-28JUN19-6000-C,59.14,0.0225,0.6,0,1550747111055,15739344,598
