date_utc,amount,direction,indexPrice,instrument,iv,price,quantity,tickDirection,timeStamp,tradeId,tradeSeq
2019-02-14 09:44:09.792,1.0,buy,3569.89,BTC-28JUN19-6000-C,59.06,0.013999999999999999,1.0,0,1550137449792,15359691,569
2019-02-14 11:32:12.790,7.0,buy,3560.01,BTC-28JUN19-6000-C,59.35,0.013999999999999999,7.0,1,1550143932790,15365609,570
2019-02-15 00:43:05.120,10.0,sell,3567.89,BTC-28JUN19-6000-C,57.81,0.0125,10.0,2,1550191385120,15376717,571
2019-02-15 00:43:07.761,10.0,sell,3567.89,BTC-28JUN19-6000-C,57.81,0.0125,10.0,3,1550191387761,15376718,572
2019-02-17 02:22:55.725,1.0,buy,3585.43,BTC-28JUN19-6000-C,57.93,0.013000000000000001,1.0,0,1550370175725,15426820,573
2019-02-18 16:59:32.465,0.1,buy,3858.98,BTC-28JUN19-6000-C,57.0,0.019,0.1,0,1550509172465,15565209,574
2019-02-18 16:59:55.986,9.9,buy,3860.68,BTC-28JUN19-6000-C,56.93,0.019,9.9,1,1550509195986,15565302,575
2019-02-18 16:59:55.986,9.2,buy,3860.68,BTC-28JUN19-6000-C,56.93,0.019,9.2,1,1550509195986,15565303,576
2019-02-18 23:21:21.737,10.0,buy,3867.98,BTC-28JUN19-6000-C,58.38,0.021,10.0,0,1550532081737,15585950,577
2019-02-18 23:21:21.737,10.0,buy,3867.98,BTC-28JUN19-6000-C,58.76,0.0215,10.0,0,1550532081737,15585951,578
2019-02-18 23:21:21.737,15.0,buy,3867.98,BTC-28JUN19-6000-C,59.13,0.022000000000000002,15.0,0,1550532081737,15585952,579
2019-02-18 23:21:21.737,17.0,buy,3867.98,BTC-28JUN19-6000-C,59.13,0.022000000000000002,17.0,1,1550532081737,15585953,580
2019-02-19 00:09:05.388,1.0,buy,3882.09,BTC-28JUN19-6000-C,59.12,0.0225,1.0,0,1550534945388,15588550,581
2019-02-19 01:25:51.505,2.0,buy,3897.05,BTC-28JUN19-6000-C,59.76,0.024,2.0,0,1550539551505,15599857,582
2019-02-19 08:21:39.390,2.0,buy,3884.25,BTC-28JUN19-6000-C,60.11,0.024,2.0,1,1550564499390,15614958,583
2019-02-19 14:08:51.003,0.3,buy,3956.26,BTC-28JUN19-6000-C,60.0,0.026000000000000002,0.3,0,1550585331003,15638933,584
2019-02-20 05:33:35.637,2.0,buy,3883.02,BTC-28JUN19-6000-C,60.94,0.0245,2.0,3,1550640815637,15677920,586
2019-02-20 05:33:35.637,2.0,buy,3883.02,BTC-28JUN19-6000-C,60.94,0.0245,2.0,2,1550640815637,15677919,585
2019-02-20 19:58:15.909,10.0,buy,3924.0,BTC-28JUN19-6000-C,59.7,0.024,10.0,2,1550692695909,15709482,587
2019-02-20 19:58:21.972,4.8,buy,3924.21,BTC-28JUN19-6000-C,57.47,0.021,4.8,2,1550692701972,15709519,588
2019-02-21 03:48:22.614,12.0,buy,3934.24,BTC-28JUN19-6000-C,60.37,0.025,12.0,0,1550720902614,15719481,589
2019-02-21 03:48:50.144,2.0,buy,3933.46,BTC-28JUN19-6000-C,61.06,0.026,2.0,0,1550720930144,15719509,590
2019-02-21 03:48:50.144,18.0,buy,3933.46,BTC-28JUN19-6000-C,61.06,0.026,18.0,1,1550720930144,15719510,591
2019-02-21 03:49:13.153,10.0,buy,3933.33,BTC-28JUN19-6000-C,61.4,0.0265,10.0,0,1550720953153,15719522,592
2019-02-21 10:07:56.907,0.1,sell,3897.7,BTC-28JUN19-6000-C,59.52,0.023,0.1,2,1550743676907,15737915,593
2019-02-21 10:07:57.818,0.1,buy,3897.7,BTC-28JUN19-6000-C,59.52,0.023,0.1,3,1550743677818,15737916,594
2019-02-21 10:08:13.344,0.1,buy,3897.71,BTC-28JUN19-6000-C,59.52,0.023,0.1,3,1550743693344,15737923,595
2019-02-21 10:08:28.892,0.1,buy,3897.71,BTC-28JUN19-6000-C,59.52,0.023,0.1,3,1550743708892,15737930,596
2019-02-21 10:17:02.916,10.0,sell,3891.38,BTC-28JUN19-6000-C,58.91,0.022,10.0,2,1550744222916,15738254,597
2019-02-21 11:05:11.055,0.6,buy,3896.7,BTC-28JUN19-6000-C,59.14,0.0225,0.6,0,1550747111055,15739344,598
2019-02-21 11:32:59.376,9.9,sell,3885.79,BTC-28JUN19-6000-C,57.82,0.0205,9.9,2,1550748779376,15741333,600
2019-02-21 11:32:59.376,0.1,sell,3885.79,BTC-28JUN19-6000-C,58.2,0.021,0.1,2,1550748779376,15741332,599
2019-02-21 15:20:08.213,0.1,sell,3893.82,BTC-28JUN19-6000-C,58.15,0.021,0.1,0,1550762408213,15745728,601
2019-02-21 17:21:57.896,0.1,sell,3890.04,BTC-28JUN19-6000-C,58.21,0.021,0.1,1,1550769717896,15747410,602
2019-02-21 17:21:57.896,0.2,sell,3890.04,BTC-28JUN19-6000-C,57.44,0.02,0.2,2,1550769717896,15747412,604
2019-02-21 17:21:57.896,0.1,sell,3890.04,BTC-28JUN19-6000-C,57.83,0.0205,0.1,2,1550769717896,15747411,603
2019-02-21 18:29:22.177,0.1,sell,3891.12,BTC-28JUN19-6000-C,57.56,0.02,0.1,3,1550773762177,15748000,605
2019-02-21 18:29:22.177,0.9,sell,3891.12,BTC-28JUN19-6000-C,57.56,0.02,0.9,3,1550773762177,15748001,606
2019-02-22 01:42:43.730,10.0,sell,3903.28,BTC-28JUN19-6000-C,57.21,0.02,10.0,3,1550799763730,15753254,607
2019-02-22 03:49:34.879,1.0,sell,3913.99,BTC-28JUN19-6000-C,56.26,0.019,1.0,2,1550807374879,15755225,608
2019-02-22 04:30:36.591,15.0,buy,3913.49,BTC-28JUN19-6000-C,57.86,0.021,15.0,0,1550809836591,15755513,609
2019-02-22 04:30:36.591,3.0,buy,3913.49,BTC-28JUN19-6000-C,58.24,0.0215,3.0,0,1550809836591,15755514,610
2019-02-22 04:30:44.191,7.4,buy,3913.49,BTC-28JUN19-6000-C,58.62,0.022,7.4,0,1550809844191,15755517,613
2019-02-22 04:30:44.191,3.7,buy,3913.49,BTC-28JUN19-6000-C,58.24,0.0215,3.7,1,1550809844191,15755516,612
2019-02-22 04:30:44.191,7.0,buy,3913.49,BTC-28JUN19-6000-C,58.24,0.0215,7.0,1,1550809844191,15755515,611
2019-02-22 04:30:56.389,10.0,buy,3913.63,BTC-28JUN19-6000-C,58.61,0.022,10.0,1,1550809856389,15755524,614
2019-02-22 04:30:56.389,8.1,buy,3913.63,BTC-28JUN19-6000-C,58.61,0.022,8.1,1,1550809856389,15755525,615
2019-02-22 04:31:03.839,10.0,sell,3913.63,BTC-28JUN19-6000-C,58.61,0.022,10.0,1,1550809863839,15755526,616
2019-02-22 04:31:29.602,10.0,sell,3913.71,BTC-28JUN19-6000-C,58.61,0.022,10.0,1,1550809889602,15755530,617
2019-02-22 06:44:19.470,3.0,buy,3916.0,BTC-28JUN19-6000-C,59.01,0.0225,3.0,1,1550817859470,15757109,619
2019-02-22 06:44:19.470,15.0,buy,3916.0,BTC-28JUN19-6000-C,59.01,0.0225,15.0,0,1550817859470,15757108,618
2019-02-22 06:44:25.167,7.0,buy,3915.89,BTC-28JUN19-6000-C,59.02,0.0225,7.0,1,1550817865167,15757110,620
2019-02-22 06:44:25.315,10.0,sell,3915.89,BTC-28JUN19-6000-C,59.02,0.0225,10.0,1,1550817865315,15757111,621
2019-02-22 06:51:44.686,10.0,sell,3915.81,BTC-28JUN19-6000-C,59.03,0.0225,10.0,1,1550818304686,15757222,622
2019-02-22 07:00:30.997,10.0,sell,3910.75,BTC-28JUN19-6000-C,59.24,0.0225,10.0,1,1550818830997,15757452,623
2019-02-22 07:00:50.581,10.0,sell,3911.37,BTC-28JUN19-6000-C,59.22,0.0225,10.0,1,1550818850581,15757484,624
2019-02-22 07:10:40.832,10.0,sell,3898.17,BTC-28JUN19-6000-C,59.04,0.022,10.0,2,1550819440832,15757943,625
2019-02-22 14:20:20.192,2.0,buy,3937.65,BTC-28JUN19-6000-C,59.49,0.024,2.0,0,1550845220192,15777213,626
2019-02-23 16:31:28.885,0.2,sell,3930.0,BTC-28JUN19-6000-C,59.61,0.023,0.2,2,1550939488885,15806120,627
2019-02-23 18:04:27.563,10.0,buy,4120.05,BTC-28JUN19-6000-C,59.38,0.028999999999999998,10.0,0,1550945067563,15831937,628
2019-02-23 18:04:27.563,2.0,buy,4120.05,BTC-28JUN19-6000-C,59.71,0.0295,2.0,0,1550945067563,15831938,629
2019-02-23 19:28:08.457,12.0,sell,4119.6,BTC-28JUN19-6000-C,59.26,0.0285,12.0,2,1550950088457,15841540,630
2019-02-24 04:22:24.075,12.0,buy,4160.33,BTC-28JUN19-6000-C,60.94,0.0325,12.0,0,1550982144075,15866268,631
2019-02-24 04:22:24.075,17.6,buy,4160.33,BTC-28JUN19-6000-C,60.94,0.0325,17.6,1,1550982144075,15866269,632
2019-02-24 10:19:41.054,5.0,buy,4130.18,BTC-28JUN19-6000-C,61.18,0.0325,5.0,1,1551003581054,15876560,633
2019-02-24 14:36:58.433,2.0,buy,3795.86,BTC-28JUN19-6000-C,64.8,0.024,2.0,2,1551019018433,15919813,634
2019-02-24 14:43:38.772,8.9,buy,3810.53,BTC-28JUN19-6000-C,65.26,0.025,8.9,1,1551019418772,15923093,636
2019-02-24 14:43:38.772,4.1,buy,3810.53,BTC-28JUN19-6000-C,65.26,0.025,4.1,0,1551019418772,15923092,635
2019-02-24 20:47:14.673,10.0,sell,3774.76,BTC-28JUN19-6000-C,62.99,0.021,10.0,2,1551041234673,15956936,637
2019-02-24 20:47:14.673,10.0,sell,3774.76,BTC-28JUN19-6000-C,62.99,0.021,10.0,3,1551041234673,15956937,638
2019-02-24 20:56:21.097,28.0,sell,3782.43,BTC-28JUN19-6000-C,62.85,0.021,28.0,3,1551041781097,15957301,639
2019-02-25 02:56:33.591,10.0,sell,3772.35,BTC-28JUN19-6000-C,62.36,0.0205,10.0,2,1551063393591,15971911,640
2019-02-25 02:57:34.397,15.1,buy,3772.91,BTC-28JUN19-6000-C,62.82,0.021,15.1,0,1551063454397,15971947,641
2019-02-25 02:57:34.397,2.0,buy,3772.91,BTC-28JUN19-6000-C,62.82,0.021,2.0,1,1551063454397,15971948,642
2019-02-25 02:57:50.119,8.0,buy,3772.67,BTC-28JUN19-6000-C,62.81,0.021,8.0,1,1551063470119,15971952,643
2019-02-25 17:43:54.755,2.0,buy,3826.37,BTC-28JUN19-6000-C,62.93,0.0225,2.0,0,1551116634755,16001065,644
2019-02-25 20:27:00.225,1.5,sell,3807.6,BTC-28JUN19-6000-C,61.45,0.02,1.5,2,1551126420225,16007818,645
2019-02-26 04:53:39.392,8.5,sell,3812.8,BTC-28JUN19-6000-C,61.32,0.02,8.5,3,1551156819392,16016116,646
2019-02-26 04:54:19.093,5.4,sell,3814.94,BTC-28JUN19-6000-C,61.29,0.02,5.4,3,1551156859093,16016135,647
2019-02-26 16:53:02.449,10.0,sell,3795.51,BTC-28JUN19-6000-C,61.5,0.0195,10.0,2,1551199982449,16036561,648
2019-02-27 14:12:14.193,10.0,sell,3780.81,BTC-28JUN19-6000-C,61.17,0.0185,10.0,2,1551276734193,16058510,649
2019-02-27 15:01:06.854,12.0,sell,3802.95,BTC-28JUN19-6000-C,60.58,0.0185,12.0,3,1551279666854,16060938,650
2019-02-28 01:56:18.569,5.0,sell,3812.46,BTC-28JUN19-6000-C,59.96,0.018000000000000002,5.0,2,1551318978569,16092196,651
2019-02-28 06:02:37.651,0.1,buy,3809.66,BTC-28JUN19-6000-C,60.9,0.019,0.1,0,1551333757651,16094550,652
2019-02-28 06:16:04.383,9.9,buy,3807.02,BTC-28JUN19-6000-C,60.98,0.019,9.9,1,1551334564383,16094679,653
2019-02-28 06:16:04.714,0.1,sell,3806.85,BTC-28JUN19-6000-C,60.98,0.019,0.1,1,1551334564714,16094680,654
2019-03-01 05:25:33.038,1.0,buy,3801.62,BTC-28JUN19-6000-C,60.5,0.018000000000000002,1.0,2,1551417933038,16143077,655
2019-03-02 01:31:25.755,1.0,sell,3811.82,BTC-28JUN19-6000-C,58.67,0.016,1.0,2,1551490285755,16162457,656
2019-03-02 15:07:34.190,1.0,sell,3805.87,BTC-28JUN19-6000-C,58.94,0.016,1.0,3,1551539254190,16177244,657
2019-03-04 02:54:12.733,8.0,sell,3794.21,BTC-28JUN19-6000-C,59.59,0.016,8.0,3,1551668052733,16203789,658
2019-03-04 02:54:49.718,10.0,sell,3793.34,BTC-28JUN19-6000-C,59.14,0.0155,10.0,2,1551668089718,16203790,659
2019-03-04 02:55:55.203,10.0,sell,3792.89,BTC-28JUN19-6000-C,59.14,0.0155,10.0,3,1551668155203,16203811,660
2019-03-04 04:17:53.008,3.0,sell,3773.26,BTC-28JUN19-6000-C,58.64,0.0145,3.0,2,1551673073008,16206526,661
2019-03-04 10:39:56.491,10.0,buy,3681.35,BTC-28JUN19-6000-C,60.45,0.013999999999999999,10.0,2,1551695996491,16230080,662
2019-03-04 10:58:06.340,10.0,sell,3697.46,BTC-28JUN19-6000-C,60.1,0.014,10.0,3,1551697086340,16232118,663
2019-03-04 15:33:22.413,2.0,buy,3707.25,BTC-28JUN19-6000-C,60.29,0.0145,2.0,0,1551713602413,16238433,664
2019-03-04 16:10:28.274,8.0,buy,3709.7,BTC-28JUN19-6000-C,60.21,0.0145,8.0,1,1551715828274,16239339,665
2019-03-04 16:11:16.264,30.0,buy,3709.54,BTC-28JUN19-6000-C,60.2,0.0145,30.0,1,1551715876264,16239343,666
2019-03-04 16:11:31.074,10.0,sell,3709.22,BTC-28JUN19-6000-C,60.21,0.0145,10.0,1,1551715891074,16239344,667
2019-03-05 01:51:24.366,0.5,sell,3699.36,BTC-28JUN19-6000-C,59.0,0.013000000000000001,0.5,2,1551750684366,16247295,668
2019-03-05 03:49:42.413,0.5,sell,3695.25,BTC-28JUN19-6000-C,59.03,0.013000000000000001,0.5,3,1551757782413,16248604,669
2019-03-05 03:49:43.647,0.5,sell,3695.25,BTC-28JUN19-6000-C,59.03,0.013,0.5,3,1551757783647,16248605,670
2019-03-05 06:01:10.539,10.0,buy,3708.33,BTC-28JUN19-6000-C,59.3,0.0135,10.0,0,1551765670539,16249756,671
2019-03-05 06:01:22.831,10.0,buy,3708.84,BTC-28JUN19-6000-C,59.8,0.014,10.0,0,1551765682831,16249759,672
2019-03-05 06:01:49.625,10.0,sell,3708.36,BTC-28JUN19-6000-C,59.3,0.0135,10.0,2,1551765709625,16249761,673
2019-03-05 06:22:06.721,10.0,sell,3709.44,BTC-28JUN19-6000-C,59.26,0.0135,10.0,3,1551766926721,16250001,674
2019-03-05 09:28:09.312,3.0,buy,3721.97,BTC-28JUN19-6000-C,60.41,0.015,3.0,0,1551778089312,16253592,675
2019-03-05 10:09:51.895,3.0,buy,3723.36,BTC-28JUN19-6000-C,60.41,0.015,3.0,1,1551780591895,16253937,676
2019-03-05 16:15:31.192,4.0,buy,3856.62,BTC-28JUN19-6000-C,60.53,0.0185,4.0,0,1551802531192,16286690,677
2019-03-06 00:16:39.982,10.0,buy,3855.3,BTC-28JUN19-6000-C,59.63,0.0175,10.0,3,1551831399982,16298292,679
2019-03-06 00:16:39.982,10.0,buy,3855.3,BTC-28JUN19-6000-C,59.63,0.0175,10.0,2,1551831399982,16298291,678
2019-03-06 00:16:39.982,20.0,buy,3855.3,BTC-28JUN19-6000-C,60.5,0.0185,20.0,0,1551831399982,16298293,680
2019-03-06 03:56:35.424,10.0,sell,3814.98,BTC-28JUN19-6000-C,59.22,0.016,10.0,2,1551844595424,16303800,681
2019-03-06 04:15:49.829,4.0,sell,3817.32,BTC-28JUN19-6000-C,59.64,0.0165,4.0,0,1551845749829,16304335,682
2019-03-06 19:55:00.096,2.0,buy,3843.59,BTC-28JUN19-6000-C,59.62,0.017,2.0,0,1551902100096,16327185,683
2019-03-07 09:02:22.864,10.0,sell,3843.78,BTC-28JUN19-6000-C,58.32,0.0155,10.0,2,1551949342864,16345953,684
2019-03-08 05:37:01.369,70.0,buy,3869.67,BTC-28JUN19-6000-C,57.14,0.0145,70.0,2,1552023421369,16367962,685
2019-03-08 06:13:40.496,1.0,buy,3873.94,BTC-28JUN19-6000-C,57.44,0.015,1.0,0,1552025620496,16368971,686
2019-03-08 06:13:57.485,1.0,buy,3874.01,BTC-28JUN19-6000-C,57.44,0.015,1.0,1,1552025637485,16368974,687
2019-03-08 06:24:27.070,2.0,buy,3880.74,BTC-28JUN19-6000-C,57.25,0.015,2.0,1,1552026267070,16369297,688
2019-03-08 06:24:49.507,3.0,buy,3880.78,BTC-28JUN19-6000-C,57.24,0.015,3.0,1,1552026289507,16369305,689
2019-03-08 07:52:43.392,0.1,buy,3869.04,BTC-28JUN19-6000-C,58.04,0.0155,0.1,0,1552031563392,16377889,690
2019-03-08 08:53:24.753,1.0,buy,3865.99,BTC-28JUN19-6000-C,58.16,0.0155,1.0,1,1552035204753,16379017,691
2019-03-08 13:41:46.495,6.2,buy,3888.89,BTC-28JUN19-6000-C,56.86,0.0145,6.2,2,1552052506495,16384710,692
2019-03-08 18:15:49.436,10.0,buy,3892.12,BTC-28JUN19-6000-C,57.2,0.015,10.0,0,1552068949436,16390788,693
2019-03-08 18:37:06.704,10.0,buy,3885.63,BTC-28JUN19-6000-C,57.8,0.0155,10.0,0,1552070226704,16391112,694
2019-03-08 18:37:06.704,4.2,buy,3885.63,BTC-28JUN19-6000-C,57.8,0.0155,4.2,1,1552070226704,16391113,695
2019-03-08 19:08:36.660,10.0,buy,3887.37,BTC-28JUN19-6000-C,58.23,0.016,10.0,0,1552072116660,16391438,696
2019-03-08 19:09:18.554,10.0,buy,3887.32,BTC-28JUN19-6000-C,58.23,0.016,10.0,1,1552072158554,16391440,697
2019-03-08 19:40:06.828,10.0,buy,3890.56,BTC-28JUN19-6000-C,58.6,0.0165,10.0,1,1552074006828,16391567,700
2019-03-08 19:40:06.828,5.4,buy,3890.56,BTC-28JUN19-6000-C,58.6,0.0165,5.4,0,1552074006828,16391565,698
2019-03-08 19:40:06.828,12.0,buy,3890.56,BTC-28JUN19-6000-C,58.6,0.0165,12.0,1,1552074006828,16391566,699
2019-03-08 19:40:06.831,5.2,sell,3890.56,BTC-28JUN19-6000-C,58.6,0.0165,5.2,1,1552074006831,16391568,701
2019-03-08 19:40:07.257,12.0,sell,3890.56,BTC-28JUN19-6000-C,58.6,0.0165,12.0,1,1552074007257,16391569,702
2019-03-08 19:40:08.506,12.0,sell,3890.56,BTC-28JUN19-6000-C,58.6,0.0165,12.0,1,1552074008506,16391570,703
2019-03-08 19:40:28.437,5.2,sell,3890.48,BTC-28JUN19-6000-C,58.6,0.0165,5.2,1,1552074028437,16391578,704
2019-03-08 19:40:58.678,5.2,sell,3890.07,BTC-28JUN19-6000-C,58.6,0.0165,5.2,1,1552074058678,16391586,705
2019-03-08 19:41:53.316,18.0,sell,3890.39,BTC-28JUN19-6000-C,58.59,0.0165,18.0,1,1552074113316,16391589,706
2019-03-08 19:44:18.991,0.8,sell,3890.25,BTC-28JUN19-6000-C,58.61,0.0165,0.8,1,1552074258991,16391654,707
2019-03-08 20:18:58.598,10.0,sell,3891.49,BTC-28JUN19-6000-C,57.74,0.0155,10.0,2,1552076338598,16393488,708
2019-03-08 20:19:13.998,10.0,sell,3891.44,BTC-28JUN19-6000-C,57.74,0.0155,10.0,3,1552076353998,16393489,709
2019-03-08 20:19:17.295,10.0,sell,3891.44,BTC-28JUN19-6000-C,57.74,0.0155,10.0,3,1552076357295,16393490,710
2019-03-08 20:19:19.030,0.1,sell,3891.44,BTC-28JUN19-6000-C,57.74,0.0155,0.1,3,1552076359030,16393491,711
2019-03-09 03:10:06.052,1.0,buy,3861.23,BTC-28JUN19-6000-C,59.57,0.0165,1.0,0,1552101006052,16411582,712
2019-03-09 06:12:49.752,0.5,buy,3869.75,BTC-28JUN19-6000-C,58.41,0.0155,0.5,2,1552111969752,16413797,713
2019-03-09 07:53:56.860,3.0,buy,3884.45,BTC-28JUN19-6000-C,58.8,0.0165,3.0,0,1552118036860,16420426,714
2019-03-09 14:13:22.002,1.0,buy,3901.31,BTC-28JUN19-6000-C,58.68,0.0165,1.0,1,1552140802002,16428925,715
2019-03-09 14:13:55.961,69.0,sell,3902.02,BTC-28JUN19-6000-C,58.68,0.0165,69.0,1,1552140835961,16428965,716
2019-03-09 14:15:09.329,1.0,buy,3901.95,BTC-28JUN19-6000-C,58.68,0.0165,1.0,1,1552140909329,16429013,717
2019-03-09 14:15:09.329,24.0,buy,3901.95,BTC-28JUN19-6000-C,58.68,0.0165,24.0,1,1552140909329,16429014,718
2019-03-09 23:51:16.225,4.7,buy,3916.87,BTC-28JUN19-6000-C,58.5,0.0165,4.7,1,1552175476225,16448943,719
2019-03-10 00:04:04.822,5.3,sell,3908.84,BTC-28JUN19-6000-C,58.72,0.0165,5.3,1,1552176244822,16449559,720
2019-03-10 02:37:58.887,13.0,buy,3909.1,BTC-28JUN19-6000-C,59.23,0.017,13.0,1,1552185478887,16450946,722
2019-03-10 02:37:58.887,12.0,buy,3909.1,BTC-28JUN19-6000-C,59.23,0.017,12.0,0,1552185478887,16450945,721
2019-03-10 03:06:53.605,12.0,sell,3904.78,BTC-28JUN19-6000-C,58.9,0.0165,12.0,2,1552187213605,16451109,723
2019-03-10 03:18:14.324,1.0,sell,3899.0,BTC-28JUN19-6000-C,59.06,0.0165,1.0,3,1552187894324,16451402,724
2019-03-10 05:03:36.895,15.0,buy,3896.83,BTC-28JUN19-6000-C,59.59,0.017,15.0,0,1552194216895,16453216,725
2019-03-10 19:04:20.469,5.3,buy,3882.16,BTC-28JUN19-6000-C,59.53,0.0165,5.3,3,1552244660469,16465771,727
2019-03-10 19:04:20.469,12.0,buy,3882.16,BTC-28JUN19-6000-C,59.53,0.0165,12.0,2,1552244660469,16465770,726
2019-03-10 19:08:59.620,0.5,buy,3882.36,BTC-28JUN19-6000-C,59.99,0.017,0.5,0,1552244939620,16465782,728
2019-03-10 19:23:00.773,11.1,buy,3881.31,BTC-28JUN19-6000-C,59.99,0.017,11.1,1,1552245780773,16465811,729
2019-03-10 21:39:53.937,9.0,sell,3896.06,BTC-28JUN19-6000-C,58.39,0.0155,9.0,2,1552253993937,16467064,730
2019-03-10 22:48:22.288,0.5,sell,3907.52,BTC-28JUN19-6000-C,58.05,0.0155,0.5,3,1552258102288,16467956,731
2019-03-10 22:48:22.288,9.5,sell,3907.52,BTC-28JUN19-6000-C,58.05,0.0155,9.5,3,1552258102288,16467957,732
2019-03-10 22:48:27.737,10.0,sell,3906.69,BTC-28JUN19-6000-C,58.05,0.0155,10.0,3,1552258107737,16467961,733
2019-03-10 22:49:12.938,80.5,sell,3902.49,BTC-28JUN19-6000-C,58.16,0.0155,80.5,3,1552258152938,16468064,734
2019-03-10 23:29:40.112,10.0,buy,3905.57,BTC-28JUN19-6000-C,58.1,0.0155,10.0,3,1552260580112,16468533,735
2019-03-10 23:38:54.542,9.4,sell,3900.94,BTC-28JUN19-6000-C,58.23,0.0155,9.4,3,1552261134542,16468674,736
2019-03-11 04:50:28.986,10.0,sell,3892.29,BTC-28JUN19-6000-C,57.95,0.015,10.0,2,1552279828986,16472510,737
2019-03-11 04:59:01.254,10.0,sell,3892.22,BTC-28JUN19-6000-C,57.99,0.015,10.0,3,1552280341254,16472689,738
2019-03-11 04:59:03.863,10.0,sell,3891.73,BTC-28JUN19-6000-C,58.0,0.015,10.0,3,1552280343863,16472710,739
2019-03-11 05:01:57.307,10.0,sell,3885.2,BTC-28JUN19-6000-C,58.14,0.015,10.0,3,1552280517307,16472937,740
2019-03-11 05:02:55.994,10.0,sell,3880.61,BTC-28JUN19-6000-C,58.26,0.015,10.0,3,1552280575994,16473015,741
2019-03-11 05:04:15.466,10.0,sell,3883.9,BTC-28JUN19-6000-C,58.21,0.015,10.0,3,1552280655466,16473184,742
2019-03-11 05:06:21.185,40.0,sell,3875.32,BTC-28JUN19-6000-C,58.46,0.015,40.0,3,1552280781185,16473366,743
2019-03-11 05:16:52.549,10.0,sell,3887.27,BTC-28JUN19-6000-C,58.13,0.015,10.0,3,1552281412549,16473885,744
2019-03-11 05:18:52.043,10.0,sell,3889.14,BTC-28JUN19-6000-C,58.07,0.015,10.0,3,1552281532043,16473965,745
2019-03-11 05:19:03.732,10.0,sell,3889.37,BTC-28JUN19-6000-C,58.06,0.015,10.0,3,1552281543732,16473972,746
2019-03-11 05:58:47.279,10.0,sell,3849.07,BTC-28JUN19-6000-C,59.07,0.015,10.0,3,1552283927279,16475824,747
2019-03-11 05:58:53.391,10.0,sell,3847.87,BTC-28JUN19-6000-C,59.08,0.015,10.0,3,1552283933391,16475913,748
2019-03-11 05:59:42.944,10.0,sell,3865.76,BTC-28JUN19-6000-C,58.59,0.015,10.0,3,1552283982944,16476545,749
2019-03-11 09:07:34.944,100.0,sell,3851.09,BTC-28JUN19-6000-C,59.01,0.015,100.0,3,1552295254944,16481232,750
2019-03-11 11:27:01.169,140.0,sell,3854.31,BTC-28JUN19-6000-C,58.91,0.015,140.0,3,1552303621169,16483463,751
2019-03-11 13:58:07.727,10.0,buy,3846.37,BTC-28JUN19-6000-C,59.54,0.0155,10.0,0,1552312687727,16491432,752
2019-03-11 13:58:07.727,5.9,buy,3846.37,BTC-28JUN19-6000-C,60.02,0.016,5.9,0,1552312687727,16491433,753
2019-03-11 13:58:07.727,12.0,buy,3846.37,BTC-28JUN19-6000-C,60.02,0.016,12.0,1,1552312687727,16491434,754
2019-03-11 13:58:07.727,12.1,buy,3846.37,BTC-28JUN19-6000-C,60.02,0.016,12.1,1,1552312687727,16491435,755
2019-03-11 14:31:38.880,10.0,sell,3838.15,BTC-28JUN19-6000-C,58.79,0.0145,10.0,2,1552314698880,16492168,756
2019-03-11 14:31:38.880,100.0,sell,3838.15,BTC-28JUN19-6000-C,58.79,0.0145,100.0,3,1552314698880,16492169,757
2019-03-12 01:06:02.799,2.0,sell,3822.38,BTC-28JUN19-6000-C,58.8,0.013999999999999999,2.0,3,1552352762799,16501497,759
2019-03-12 01:06:02.799,1.0,sell,3822.38,BTC-28JUN19-6000-C,58.8,0.013999999999999999,1.0,2,1552352762799,16501496,758
2019-03-12 01:06:02.799,0.1,sell,3822.38,BTC-28JUN19-6000-C,58.8,0.013999999999999999,0.1,3,1552352762799,16501498,760
2019-03-12 02:20:33.043,10.0,buy,3820.87,BTC-28JUN19-6000-C,59.92,0.015,10.0,0,1552357233043,16504868,761
2019-03-12 02:29:56.707,10.0,buy,3817.51,BTC-28JUN19-6000-C,60.41,0.0155,10.0,0,1552357796707,16505109,762
2019-03-12 02:29:56.707,12.0,buy,3817.51,BTC-28JUN19-6000-C,60.41,0.0155,12.0,1,1552357796707,16505110,763
2019-03-12 02:32:03.172,17.1,buy,3818.12,BTC-28JUN19-6000-C,60.42,0.0155,17.1,1,1552357923172,16505127,764
2019-03-12 02:33:23.155,15.3,buy,3817.52,BTC-28JUN19-6000-C,60.42,0.0155,15.3,1,1552358003155,16505152,765
2019-03-12 16:57:51.922,5.0,sell,3859.06,BTC-28JUN19-6000-C,58.14,0.014,5.0,2,1552409871922,16523947,766
2019-03-12 17:40:01.038,20.0,sell,3857.97,BTC-28JUN19-6000-C,57.67,0.0135,20.0,2,1552412401038,16524256,767
2019-03-12 17:50:08.895,5.0,sell,3856.22,BTC-28JUN19-6000-C,57.7,0.0135,5.0,3,1552413008895,16524336,768
2019-03-13 01:22:19.285,10.0,sell,3858.91,BTC-28JUN19-6000-C,57.91,0.0135,10.0,3,1552440139285,16527431,769
2019-03-13 01:28:57.512,10.0,sell,3857.36,BTC-28JUN19-6000-C,57.9,0.0135,10.0,3,1552440537512,16527616,770
2019-03-13 01:37:11.766,10.0,sell,3857.83,BTC-28JUN19-6000-C,57.9,0.0135,10.0,3,1552441031766,16527660,771
2019-03-13 09:47:40.376,15.0,sell,3854.41,BTC-28JUN19-6000-C,57.93,0.0135,15.0,3,1552470460376,16531730,772
2019-03-13 09:47:40.376,5.0,sell,3854.41,BTC-28JUN19-6000-C,57.93,0.0135,5.0,3,1552470460376,16531731,773
2019-03-13 09:55:31.640,33.0,sell,3851.17,BTC-28JUN19-6000-C,58.07,0.0135,33.0,3,1552470931640,16531806,775
2019-03-13 09:55:31.640,17.0,sell,3851.17,BTC-28JUN19-6000-C,58.07,0.0135,17.0,3,1552470931640,16531805,774
2019-03-13 09:57:13.581,24.0,sell,3850.04,BTC-28JUN19-6000-C,58.09,0.0135,24.0,3,1552471033581,16531854,778
2019-03-13 09:57:13.581,20.0,sell,3850.04,BTC-28JUN19-6000-C,58.09,0.0135,20.0,3,1552471033581,16531853,777
2019-03-13 09:57:13.581,31.0,sell,3850.04,BTC-28JUN19-6000-C,58.09,0.0135,31.0,3,1552471033581,16531852,776
2019-03-13 09:57:58.511,1.0,sell,3850.04,BTC-28JUN19-6000-C,58.07,0.0135,1.0,3,1552471078511,16531876,781
2019-03-13 09:57:58.511,40.0,sell,3850.04,BTC-28JUN19-6000-C,58.07,0.0135,40.0,3,1552471078511,16531878,783
2019-03-13 09:57:58.511,16.0,sell,3850.04,BTC-28JUN19-6000-C,58.07,0.0135,16.0,3,1552471078511,16531874,779
2019-03-13 09:57:58.511,8.0,sell,3850.04,BTC-28JUN19-6000-C,58.07,0.0135,8.0,3,1552471078511,16531877,782
2019-03-13 09:57:58.511,10.0,sell,3850.04,BTC-28JUN19-6000-C,58.07,0.0135,10.0,3,1552471078511,16531875,780
2019-03-13 09:58:11.963,0.2,sell,3849.82,BTC-28JUN19-6000-C,57.56,0.013000000000000001,0.2,2,1552471091963,16531884,784
2019-03-13 15:17:50.489,4.0,buy,3846.68,BTC-28JUN19-6000-C,59.43,0.0145,4.0,0,1552490270489,16542275,785
2019-03-13 16:51:57.109,20.0,sell,3848.49,BTC-28JUN19-6000-C,58.42,0.0135,20.0,2,1552495917109,16543622,786
2019-03-13 17:09:28.060,10.0,sell,3845.95,BTC-28JUN19-6000-C,58.46,0.0135,10.0,3,1552496968060,16543681,787
2019-03-13 17:14:26.648,10.0,sell,3845.49,BTC-28JUN19-6000-C,58.46,0.0135,10.0,3,1552497266648,16543705,788
2019-03-14 08:56:30.295,0.1,buy,3846.93,BTC-28JUN19-6000-C,59.1,0.013999999999999999,0.1,0,1552553790295,16551515,789
2019-03-14 17:42:15.134,20.0,sell,3852.91,BTC-28JUN19-6000-C,58.53,0.0135,20.0,2,1552585335134,16572469,790
2019-03-14 19:07:46.145,5.0,sell,3851.23,BTC-28JUN19-6000-C,58.57,0.0135,5.0,3,1552590466145,16572900,791
2019-03-14 19:17:21.187,5.0,sell,3850.36,BTC-28JUN19-6000-C,58.57,0.0135,5.0,3,1552591041187,16572915,792
2019-03-15 02:37:38.530,10.0,sell,3861.98,BTC-28JUN19-6000-C,58.32,0.0135,10.0,3,1552617458530,16577029,793
2019-03-15 03:01:22.499,10.0,sell,3861.11,BTC-28JUN19-6000-C,58.32,0.0135,10.0,3,1552618882499,16577230,794
2019-03-15 07:09:13.817,10.0,sell,3848.52,BTC-28JUN19-6000-C,58.64,0.0135,10.0,3,1552633753817,16580022,795
2019-03-15 10:21:37.405,9.0,buy,3862.19,BTC-28JUN19-6000-C,59.96,0.015,9.0,0,1552645297405,16583069,797
2019-03-15 10:21:37.405,1.0,buy,3862.19,BTC-28JUN19-6000-C,58.95,0.013999999999999999,1.0,0,1552645297405,16583068,796
2019-03-15 10:25:57.399,4.0,buy,3862.08,BTC-28JUN19-6000-C,59.94,0.015,4.0,1,1552645557399,16583131,798
2019-03-15 19:24:24.281,0.1,buy,3901.81,BTC-28JUN19-6000-C,58.57,0.0145,0.1,2,1552677864281,16599746,799
2019-03-15 22:29:38.815,0.1,buy,3898.45,BTC-28JUN19-6000-C,58.66,0.0145,0.1,3,1552688978815,16601987,800
2019-03-15 23:23:09.359,19.9,buy,3899.9,BTC-28JUN19-6000-C,58.71,0.0145,19.9,3,1552692189359,16602460,801
2019-03-15 23:23:18.002,7.0,buy,3899.9,BTC-28JUN19-6000-C,59.21,0.015,7.0,0,1552692198002,16602461,802
2019-03-15 23:23:18.002,5.0,buy,3899.9,BTC-28JUN19-6000-C,59.21,0.015,5.0,1,1552692198002,16602462,803
2019-03-15 23:23:18.002,10.0,buy,3899.9,BTC-28JUN19-6000-C,59.21,0.015,10.0,1,1552692198002,16602463,804
2019-03-15 23:23:46.396,10.0,buy,3899.86,BTC-28JUN19-6000-C,59.7,0.0155,10.0,1,1552692226396,16602465,806
2019-03-15 23:23:46.396,12.0,buy,3899.86,BTC-28JUN19-6000-C,59.7,0.0155,12.0,0,1552692226396,16602464,805
2019-03-16 01:46:38.444,0.1,buy,3923.26,BTC-28JUN19-6000-C,59.16,0.0155,0.1,1,1552700798444,16606157,807
2019-03-16 04:16:59.650,0.1,buy,3987.59,BTC-28JUN19-6000-C,58.94,0.017,0.1,0,1552709819650,16617417,808
2019-03-16 05:47:28.964,6.3,sell,4002.87,BTC-28JUN19-6000-C,59.68,0.018000000000000002,6.3,0,1552715248964,16631681,809
2019-03-16 17:08:28.650,2.5,sell,3982.13,BTC-28JUN19-6000-C,57.24,0.015,2.5,2,1552756108650,16647279,810
2019-03-16 17:19:21.997,0.5,sell,3979.27,BTC-28JUN19-6000-C,56.87,0.0145,0.5,2,1552756761997,16647499,811
2019-03-17 00:38:33.508,12.0,buy,3961.04,BTC-28JUN19-6000-C,58.77,0.016,12.0,0,1552783113508,16652105,812
2019-03-17 00:38:43.935,17.2,buy,3959.98,BTC-28JUN19-6000-C,58.79,0.016,17.2,1,1552783123935,16652134,813
2019-03-17 00:42:39.323,12.0,buy,3962.96,BTC-28JUN19-6000-C,59.23,0.0165,12.0,0,1552783359323,16652338,814
2019-03-17 00:42:39.323,6.0,buy,3962.96,BTC-28JUN19-6000-C,59.23,0.0165,6.0,1,1552783359323,16652339,815
2019-03-17 00:43:02.189,0.9,buy,3962.05,BTC-28JUN19-6000-C,59.26,0.0165,0.9,1,1552783382189,16652353,816
2019-03-17 11:03:13.213,5.0,buy,3966.44,BTC-28JUN19-6000-C,58.36,0.0155,5.0,3,1552820593213,16661306,818
2019-03-17 11:03:13.213,5.0,buy,3966.44,BTC-28JUN19-6000-C,58.36,0.0155,5.0,2,1552820593213,16661305,817
2019-03-17 11:04:13.431,17.0,buy,3966.63,BTC-28JUN19-6000-C,58.37,0.0155,17.0,3,1552820653431,16661320,819
2019-03-17 17:42:33.053,0.1,buy,3964.23,BTC-28JUN19-6000-C,58.99,0.016,0.1,0,1552844553053,16666024,820
2019-03-17 18:47:33.385,0.2,sell,3966.63,BTC-28JUN19-6000-C,58.04,0.015,0.2,2,1552848453385,16666317,821
2019-03-17 21:24:40.719,4.8,sell,3976.7,BTC-28JUN19-6000-C,57.91,0.015,4.8,3,1552857880719,16667048,822
2019-03-18 05:33:07.039,10.0,sell,3973.28,BTC-28JUN19-6000-C,57.34,0.0145,10.0,2,1552887187039,16678608,823
2019-03-18 06:44:01.319,3.0,buy,3957.71,BTC-28JUN19-6000-C,58.31,0.015,3.0,0,1552891441319,16682841,824
2019-03-18 11:02:38.672,10.0,sell,3952.95,BTC-28JUN19-6000-C,57.56,0.013999999999999999,10.0,2,1552906958672,16686887,825
2019-03-18 13:52:53.854,5.0,buy,3965.26,BTC-28JUN19-6000-C,57.76,0.0145,5.0,0,1552917173854,16690009,826
2019-03-18 13:56:03.379,5.0,buy,3965.43,BTC-28JUN19-6000-C,57.75,0.0145,5.0,1,1552917363379,16690031,827
2019-03-18 13:57:21.274,10.0,buy,3965.29,BTC-28JUN19-6000-C,58.24,0.015,10.0,0,1552917441274,16690034,828
2019-03-18 16:35:38.811,2.0,buy,3966.34,BTC-28JUN19-6000-C,58.33,0.015,2.0,1,1552926938811,16691782,829
2019-03-19 00:06:25.783,10.0,sell,3969.41,BTC-28JUN19-6000-C,56.73,0.0135,10.0,2,1552953985783,16695112,830
2019-03-19 00:45:27.229,5.0,sell,3981.26,BTC-28JUN19-6000-C,56.02,0.013000000000000001,5.0,2,1552956327229,16695774,831
2019-03-19 00:46:01.932,5.0,sell,3981.26,BTC-28JUN19-6000-C,56.02,0.013000000000000001,5.0,3,1552956361932,16695780,832
2019-03-19 04:56:21.252,10.0,sell,3952.41,BTC-28JUN19-6000-C,56.68,0.013000000000000001,10.0,3,1552971381252,16698811,833
2019-03-19 04:57:02.580,9.0,sell,3952.1,BTC-28JUN19-6000-C,56.69,0.013000000000000001,9.0,3,1552971422580,16698832,834
2019-03-20 07:56:11.398,0.7000000000000001,sell,3988.17,BTC-28JUN19-6000-C,55.61,0.0125,0.7000000000000001,2,1553068571398,16726638,835
2019-03-20 14:54:51.497,0.2,sell,3999.66,BTC-28JUN19-6000-C,55.43,0.0125,0.2,3,1553093691497,16732948,836
2019-03-20 19:54:22.918,1.5,buy,4013.04,BTC-28JUN19-6000-C,56.28,0.0135,1.5,0,1553111662918,16738827,837
2019-03-20 20:43:27.390,0.5,buy,4011.45,BTC-28JUN19-6000-C,56.43,0.0135,0.5,1,1553114607390,16739408,838
2019-03-20 21:40:09.831,2.4,buy,4012.25,BTC-28JUN19-6000-C,56.38,0.0135,2.4,1,1553118009831,16739691,839
2019-03-21 14:48:38.909,10.0,sell,3979.98,BTC-28JUN19-6000-C,56.98,0.013000000000000001,10.0,2,1553179718909,16760418,840
2019-03-21 14:49:05.275,10.0,sell,3975.86,BTC-28JUN19-6000-C,57.05,0.013000000000000001,10.0,3,1553179745275,16760529,841
2019-03-21 14:49:12.291,10.0,sell,3974.75,BTC-28JUN19-6000-C,57.09,0.013000000000000001,10.0,3,1553179752291,16760536,842
2019-03-21 14:49:16.019,10.0,sell,3974.24,BTC-28JUN19-6000-C,57.11,0.013000000000000001,10.0,3,1553179756019,16760543,843
2019-03-21 14:49:23.228,10.0,sell,3974.04,BTC-28JUN19-6000-C,57.12,0.013000000000000001,10.0,3,1553179763228,16760553,844
2019-03-21 14:58:11.359,9.1,sell,3945.32,BTC-28JUN19-6000-C,57.34,0.0125,9.1,2,1553180291359,16762090,845
2019-03-22 04:16:38.152,0.1,sell,3972.07,BTC-28JUN19-6000-C,56.27,0.012,0.1,2,1553228198152,16773896,846
2019-03-22 19:13:39.382,0.5,buy,3994.06,BTC-28JUN19-6000-C,56.51,0.0125,0.5,0,1553282019382,16781055,847
2019-03-23 10:44:38.718,9.9,sell,3976.4,BTC-28JUN19-6000-C,56.29,0.012,9.9,2,1553337878718,16791122,848
2019-03-23 10:46:47.232,0.1,buy,3976.18,BTC-28JUN19-6000-C,56.3,0.012,0.1,3,1553338007232,16791134,849
2019-03-23 23:06:59.809,4.0,buy,3978.48,BTC-28JUN19-6000-C,57.61,0.013000000000000001,4.0,0,1553382419809,16795909,850
2019-03-24 00:13:09.344,0.1,sell,3977.27,BTC-28JUN19-6000-C,56.45,0.012,0.1,2,1553386389344,16796613,851
2019-03-24 07:52:23.369,1.9,buy,3961.35,BTC-28JUN19-6000-C,58.03,0.013,1.9,0,1553413943369,16799309,852
2019-03-24 19:34:22.458,9.9,sell,3961.19,BTC-28JUN19-6000-C,56.52,0.0115,9.9,2,1553456062458,16803024,853
2019-03-24 19:35:18.347,5.1000000000000005,sell,3961.19,BTC-28JUN19-6000-C,56.52,0.0115,5.1000000000000005,3,1553456118347,16803027,854
2019-03-24 19:36:15.615,4.0,sell,3961.19,BTC-28JUN19-6000-C,56.52,0.0115,4.0,3,1553456175615,16803028,855
2019-03-24 19:36:54.350,1.0,sell,3961.19,BTC-28JUN19-6000-C,56.52,0.0115,1.0,3,1553456214350,16803029,856
2019-03-24 19:36:54.350,4.0,sell,3961.19,BTC-28JUN19-6000-C,56.52,0.0115,4.0,3,1553456214350,16803030,857
2019-03-24 20:23:15.836,0.1,sell,3956.5,BTC-28JUN19-6000-C,56.58,0.0115,0.1,3,1553458995836,16803288,858
2019-03-25 03:02:34.281,0.1,buy,3974.3,BTC-28JUN19-6000-C,57.44,0.0125,0.1,0,1553482954281,16807690,859
2019-03-25 09:34:42.890,5.9,sell,3970.36,BTC-28JUN19-6000-C,56.46,0.0115,5.9,2,1553506482890,16809549,860
2019-03-25 18:24:30.524,0.2,sell,3933.21,BTC-28JUN19-6000-C,56.4,0.0105,0.2,2,1553538270524,16817279,861
2019-03-25 18:50:39.403,6.9,buy,3907.58,BTC-28JUN19-6000-C,57.56,0.011000000000000001,6.9,0,1553539839403,16819215,862
2019-03-25 18:56:33.932,0.1,sell,3907.57,BTC-28JUN19-6000-C,56.96,0.0105,0.1,2,1553540193932,16819411,863
2019-03-25 22:57:42.450,9.7,sell,3903.23,BTC-28JUN19-6000-C,57.12,0.0105,9.7,3,1553554662450,16829301,864
2019-03-26 02:08:06.186,0.1,buy,3914.23,BTC-28JUN19-6000-C,57.56,0.011,0.1,0,1553566086186,16831580,865
2019-03-27 00:21:42.657,3.0,sell,3915.11,BTC-28JUN19-6000-C,56.8,0.01,3.0,2,1553646102657,16843357,866
2019-03-27 01:19:52.558,0.2,buy,3948.09,BTC-28JUN19-6000-C,57.05,0.011,0.2,0,1553649592558,16847173,867
2019-03-27 04:06:42.494,10.0,buy,3981.29,BTC-28JUN19-6000-C,56.37,0.011,10.0,1,1553659602494,16852327,868
2019-03-27 04:07:16.905,10.0,buy,3981.09,BTC-28JUN19-6000-C,56.95,0.0115,10.0,0,1553659636905,16852353,869
2019-03-28 04:37:52.707,10.0,sell,3996.47,BTC-28JUN19-6000-C,56.25,0.011,10.0,2,1553747872707,16920025,870
2019-03-28 09:55:30.806,5.0,sell,4008.99,BTC-28JUN19-6000-C,55.36,0.0105,5.0,2,1553766930806,16923468,871
2019-03-28 12:18:22.818,15.0,buy,4003.44,BTC-28JUN19-6000-C,56.13,0.011,15.0,0,1553775502818,16924786,872
2019-03-28 17:36:09.665,15.0,buy,4009.76,BTC-28JUN19-6000-C,56.67,0.0115,15.0,1,1553794569665,16927391,874
2019-03-28 17:36:09.665,10.0,buy,4009.76,BTC-28JUN19-6000-C,56.67,0.0115,10.0,1,1553794569665,16927392,875
2019-03-28 17:36:09.665,2.0,buy,4009.76,BTC-28JUN19-6000-C,56.67,0.0115,2.0,0,1553794569665,16927390,873
2019-03-29 03:42:17.589,1.0,buy,4026.44,BTC-28JUN19-6000-C,56.34,0.0115,1.0,1,1553830937589,16932481,876
2019-03-29 04:41:47.929,2.0,buy,4040.3,BTC-28JUN19-6000-C,56.53,0.012,2.0,0,1553834507929,16935007,877
2019-03-29 09:38:37.317,10.0,buy,4063.2,BTC-28JUN19-6000-C,55.44,0.0115,10.0,2,1553852317317,16945851,878
2019-03-29 10:33:38.389,10.0,buy,4093.95,BTC-28JUN19-6000-C,55.94,0.0125,10.0,0,1553855618389,16949343,879
2019-03-29 10:34:23.138,5.5,buy,4093.22,BTC-28JUN19-6000-C,56.47,0.013,5.5,0,1553855663138,16950885,880
2019-03-29 10:34:23.290,4.5,buy,4093.22,BTC-28JUN19-6000-C,56.47,0.013,4.5,1,1553855663290,16950896,881
2019-03-29 10:34:23.838,6.6000000000000005,buy,4093.22,BTC-28JUN19-6000-C,56.47,0.013,6.6000000000000005,1,1553855663838,16950939,882
2019-03-29 10:34:24.169,1.5,buy,4093.83,BTC-28JUN19-6000-C,56.47,0.013,1.5,1,1553855664169,16950958,884
2019-03-29 10:34:24.169,3.4,buy,4093.83,BTC-28JUN19-6000-C,56.47,0.013,3.4,1,1553855664169,16950957,883
2019-03-29 10:34:24.338,0.5,buy,4093.83,BTC-28JUN19-6000-C,56.47,0.013,0.5,1,1553855664338,16950975,885
2019-03-29 10:34:24.338,2.1,buy,4093.83,BTC-28JUN19-6000-C,57.01,0.0135,2.1,0,1553855664338,16950976,886
2019-03-29 10:34:24.496,7.4,buy,4093.83,BTC-28JUN19-6000-C,56.99,0.0135,7.4,1,1553855664496,16950991,887
2019-03-29 10:34:25.286,6.1000000000000005,buy,4094.21,BTC-28JUN19-6000-C,56.45,0.013,6.1000000000000005,2,1553855665286,16951046,888
2019-03-29 10:34:25.640,1.3,buy,4094.21,BTC-28JUN19-6000-C,56.98,0.0135,1.3,0,1553855665640,16951072,889
2019-03-29 10:34:25.809,10.9,buy,4094.21,BTC-28JUN19-6000-C,56.98,0.0135,10.9,1,1553855665809,16951091,890
2019-03-29 10:34:25.966,15.9,buy,4094.22,BTC-28JUN19-6000-C,56.99,0.0135,15.9,1,1553855665966,16951109,891
2019-03-29 10:34:28.950,6.5,buy,4094.22,BTC-28JUN19-6000-C,56.99,0.0135,6.5,1,1553855668950,16951166,892
2019-03-29 10:34:29.358,3.8,buy,4094.56,BTC-28JUN19-6000-C,56.99,0.0135,3.8,1,1553855669358,16951167,893
2019-03-29 10:34:29.854,1.1,buy,4094.56,BTC-28JUN19-6000-C,56.99,0.0135,1.1,1,1553855669854,16951168,894
2019-03-29 13:23:38.853,0.5,sell,4080.45,BTC-28JUN19-6000-C,54.89,0.0115,0.5,2,1553865818853,16958076,895
2019-03-29 14:04:49.766,0.5,buy,4079.7,BTC-28JUN19-6000-C,56.07,0.0125,0.5,0,1553868289766,16958533,897
2019-03-29 14:04:49.766,0.5,buy,4079.7,BTC-28JUN19-6000-C,55.51,0.012,0.5,0,1553868289766,16958532,896
2019-03-29 14:39:44.950,0.5,buy,4074.16,BTC-28JUN19-6000-C,56.82,0.013,0.5,0,1553870384950,16958948,898
2019-03-29 17:20:01.497,1.0,buy,4081.41,BTC-28JUN19-6000-C,56.58,0.013,1.0,1,1553880001497,16960293,899
2019-03-29 20:12:26.487,10.0,buy,4079.94,BTC-28JUN19-6000-C,56.64,0.013,10.0,1,1553890346487,16961605,900
2019-03-30 00:43:54.758,1.0,sell,4118.19,BTC-28JUN19-6000-C,55.34,0.0125,1.0,2,1553906634758,16965129,901
2019-03-31 15:32:51.854,21.6,buy,4093.75,BTC-28JUN19-6000-C,57.48,0.0135,21.6,1,1554046371854,16989693,903
2019-03-31 15:32:51.854,40.0,buy,4093.75,BTC-28JUN19-6000-C,57.48,0.0135,40.0,0,1554046371854,16989692,902
2019-04-01 02:37:09.795,3.0,sell,4122.25,BTC-28JUN19-6000-C,57.09,0.0135,3.0,1,1554086229795,16999252,904
2019-04-01 02:37:09.795,2.0,sell,4122.25,BTC-28JUN19-6000-C,57.09,0.0135,2.0,1,1554086229795,16999253,905
2019-04-01 05:39:08.462,10.0,sell,4118.74,BTC-28JUN19-6000-C,56.63,0.013,10.0,2,1554097148462,17001009,906
2019-04-01 07:21:22.830,15.0,sell,4119.31,BTC-28JUN19-6000-C,56.65,0.013,15.0,3,1554103282830,17001711,907
2019-04-01 07:27:52.342,0.2,sell,4120.42,BTC-28JUN19-6000-C,56.63,0.013,0.2,3,1554103672342,17001853,908
2019-04-01 16:57:50.285,1.0,buy,4141.53,BTC-28JUN19-6000-C,57.0,0.0135,1.0,0,1554137870285,17008956,909
2019-04-01 17:49:57.893,1.0,sell,4132.92,BTC-28JUN19-6000-C,56.63,0.013,1.0,2,1554140997893,17009477,910
2019-04-01 22:26:26.782,5.0,sell,4135.14,BTC-28JUN19-6000-C,56.68,0.013,5.0,3,1554157586782,17011421,911
2019-04-02 02:39:17.221,9.0,buy,4175.25,BTC-28JUN19-6000-C,56.18,0.0135,9.0,0,1554172757221,17016903,912
2019-04-02 02:50:45.356,3.0,sell,4176.02,BTC-28JUN19-6000-C,55.68,0.013,3.0,2,1554173445356,17016994,913
2019-04-02 04:53:56.728,3.8,buy,4754.98,BTC-28JUN19-6000-C,49.78,0.0245,3.8,0,1554180836728,17039298,914
2019-04-02 04:53:56.960,6.7,buy,4754.98,BTC-28JUN19-6000-C,49.78,0.0245,6.7,1,1554180836960,17039319,915
2019-04-02 04:55:24.062,1.0,buy,4763.37,BTC-28JUN19-6000-C,52.13,0.028,1.0,0,1554180924062,17041493,916
2019-04-02 05:14:17.260,9.0,buy,4727.25,BTC-28JUN19-6000-C,53.54,0.028,9.0,1,1554182057260,17051468,917
2019-04-02 05:14:17.260,100.0,buy,4727.25,BTC-28JUN19-6000-C,53.54,0.028,100.0,1,1554182057260,17051469,918
2019-04-02 05:17:11.720,100.0,buy,4793.19,BTC-28JUN19-6000-C,52.47,0.029,100.0,0,1554182231720,17053544,919
2019-04-02 05:19:50.645,100.0,buy,4939.04,BTC-28JUN19-6000-C,50.66,0.033,100.0,0,1554182390645,17057265,920
2019-04-02 05:20:03.848,1.0,buy,4972.36,BTC-28JUN19-6000-C,50.6,0.0345,1.0,0,1554182403848,17057578,921
2019-04-02 05:21:40.607,100.0,buy,5022.38,BTC-28JUN19-6000-C,50.65,0.038,100.0,0,1554182500607,17059278,922
2019-04-02 05:22:43.506,0.5,buy,5053.09,BTC-28JUN19-6000-C,48.31,0.038,0.5,1,1554182563506,17060597,923
2019-04-02 05:23:29.295,3.0,buy,5067.16,BTC-28JUN19-6000-C,48.92,0.038,3.0,1,1554182609295,17061420,924
2019-04-02 05:23:48.499,81.5,buy,5068.42,BTC-28JUN19-6000-C,49.3,0.038,81.5,1,1554182628499,17061726,925
2019-04-02 05:24:51.950,10.0,buy,5008.47,BTC-28JUN19-6000-C,52.03,0.039,10.0,0,1554182691950,17062847,926
2019-04-02 05:25:07.084,0.5,buy,5000.76,BTC-28JUN19-6000-C,52.86,0.04,0.5,0,1554182707084,17063043,927
2019-04-02 05:45:05.640,1.2,sell,4826.42,BTC-28JUN19-6000-C,50.26,0.028,1.2,2,1554183905640,17071830,928
2019-04-02 05:48:41.526,0.2,buy,4863.98,BTC-28JUN19-6000-C,56.83,0.04,0.2,0,1554184121526,17072457,929
2019-04-02 05:48:41.526,0.5,buy,4863.98,BTC-28JUN19-6000-C,56.83,0.04,0.5,1,1554184121526,17072458,930
2019-04-02 06:01:28.032,0.1,buy,4742.67,BTC-28JUN19-6000-C,55.18,0.032,0.1,2,1554184888032,17076177,931
2019-04-02 06:22:20.885,3.0,sell,4703.31,BTC-28JUN19-6000-C,53.94,0.0285,3.0,2,1554186140885,17083066,932
2019-04-02 06:40:21.751,0.1,buy,4676.93,BTC-28JUN19-6000-C,60.18,0.037000000000000005,0.1,0,1554187221751,17086020,933
2019-04-02 07:36:01.798,4.0,sell,4683.64,BTC-28JUN19-6000-C,54.52,0.0285,4.0,2,1554190561798,17092352,934
2019-04-02 12:49:16.775,1.0,buy,4799.66,BTC-28JUN19-6000-C,58.56,0.0395,1.0,0,1554209356775,17110347,935
2019-04-02 16:25:06.593,4.0,sell,4732.9,BTC-28JUN19-6000-C,58.76,0.037000000000000005,4.0,2,1554222306593,17122528,936
2019-04-02 18:23:35.781,3.0,sell,4728.59,BTC-28JUN19-6000-C,58.1,0.0355,3.0,2,1554229415781,17126434,937
2019-04-02 18:37:03.290,0.1,sell,4733.25,BTC-28JUN19-6000-C,57.29,0.0345,0.1,2,1554230223290,17126608,938
2019-04-02 20:41:18.953,0.6,buy,4802.52,BTC-28JUN19-6000-C,57.11,0.037000000000000005,0.6,0,1554237678953,17135087,939
2019-04-02 22:28:10.845,2.0,buy,4821.02,BTC-28JUN19-6000-C,56.9,0.0375,2.0,0,1554244090845,17140542,940
2019-04-02 22:28:39.087,6.0,buy,4820.7,BTC-28JUN19-6000-C,56.9,0.0375,6.0,1,1554244119087,17140544,941
2019-04-02 22:35:52.517,2.0,buy,4818.72,BTC-28JUN19-6000-C,56.96,0.0375,2.0,1,1554244552517,17140668,942
2019-04-02 23:01:52.653,1.0,buy,4834.04,BTC-28JUN19-6000-C,56.55,0.0375,1.0,1,1554246112653,17141332,943
2019-04-02 23:18:12.420,0.1,buy,4898.63,BTC-28JUN19-6000-C,56.05,0.0395,0.1,0,1554247092420,17144922,944
2019-04-02 23:18:12.420,1.0,buy,4898.63,BTC-28JUN19-6000-C,56.05,0.0395,1.0,1,1554247092420,17144923,945
2019-04-02 23:19:56.264,2.0,buy,4897.43,BTC-28JUN19-6000-C,60.05,0.046,2.0,0,1554247196264,17146304,946
2019-04-03 00:43:19.688,0.7000000000000001,buy,4961.51,BTC-28JUN19-6000-C,59.98,0.049,0.7000000000000001,0,1554252199688,17160981,947
2019-04-03 01:54:07.520,9.3,buy,4984.52,BTC-28JUN19-6000-C,59.26,0.049,9.3,1,1554256447520,17166247,948
2019-04-03 01:55:11.686,1.0,buy,4982.33,BTC-28JUN19-6000-C,59.68,0.0495,1.0,0,1554256511686,17166338,949
2019-04-03 01:56:29.830,0.5,buy,4981.96,BTC-28JUN19-6000-C,59.93,0.05,0.5,0,1554256589830,17166364,950
2019-04-03 01:56:29.830,2.5,buy,4981.96,BTC-28JUN19-6000-C,59.93,0.05,2.5,1,1554256589830,17166365,951
2019-04-03 01:57:57.500,6.0,buy,4984.12,BTC-28JUN19-6000-C,60.97,0.052000000000000005,6.0,0,1554256677500,17166407,952
2019-04-03 02:03:49.959,0.6,buy,4976.1,BTC-28JUN19-6000-C,60.95,0.0515,0.6,2,1554257029959,17166723,953
2019-04-03 02:03:49.959,1.4,buy,4976.1,BTC-28JUN19-6000-C,60.95,0.0515,1.4,3,1554257029959,17166724,954
2019-04-03 02:25:21.226,1.0,sell,5014.71,BTC-28JUN19-6000-C,62.92,0.057,1.0,0,1554258321226,17169160,955
2019-04-03 06:25:04.383,1.0,buy,4960.33,BTC-28JUN19-6000-C,60.27,0.05,1.0,2,1554272704383,17189553,956
2019-04-03 06:25:06.233,1.0,buy,4960.5,BTC-28JUN19-6000-C,60.26,0.05,1.0,3,1554272706233,17189554,957
2019-04-03 08:06:26.986,4.0,sell,4942.34,BTC-28JUN19-6000-C,63.06,0.0535,4.0,0,1554278786986,17191538,958
2019-04-03 08:30:36.835,0.1,sell,4932.19,BTC-28JUN19-6000-C,59.14,0.0465,0.1,2,1554280236835,17192129,959
2019-04-03 12:14:21.146,0.1,buy,5001.04,BTC-28JUN19-6000-C,59.97,0.0515,0.1,0,1554293661146,17195624,960
2019-04-03 12:22:58.078,0.9,buy,5013.02,BTC-28JUN19-6000-C,60.0,0.052000000000000005,0.9,0,1554294178078,17197702,961
2019-04-03 13:06:09.024,0.1,buy,5018.82,BTC-28JUN19-6000-C,60.02,0.052000000000000005,0.1,1,1554296769024,17199676,963
2019-04-03 13:06:09.024,1.1,buy,5018.82,BTC-28JUN19-6000-C,60.02,0.052000000000000005,1.1,1,1554296769024,17199675,962
2019-04-03 13:06:51.008,5.0,buy,5011.09,BTC-28JUN19-6000-C,62.88,0.0565,5.0,0,1554296811008,17199699,967
2019-04-03 13:06:51.008,1.0,buy,5011.09,BTC-28JUN19-6000-C,62.59,0.056,1.0,1,1554296811008,17199698,966
2019-04-03 13:06:51.008,1.0,buy,5011.09,BTC-28JUN19-6000-C,62.02,0.055,1.0,0,1554296811008,17199696,964
2019-04-03 13:06:51.008,3.0,buy,5011.09,BTC-28JUN19-6000-C,62.59,0.056,3.0,0,1554296811008,17199697,965
2019-04-03 16:10:10.510,5.2,buy,5135.44,BTC-28JUN19-6000-C,59.8,0.0585,5.2,0,1554307810510,17207888,968
2019-04-03 16:10:10.707,0.7000000000000001,buy,5135.44,BTC-28JUN19-6000-C,59.8,0.0585,0.7000000000000001,1,1554307810707,17207890,969
2019-04-03 16:10:15.244,0.5,buy,5137.2,BTC-28JUN19-6000-C,59.76,0.0585,0.5,1,1554307815244,17207947,970
2019-04-03 16:13:49.790,1.0,buy,5090.09,BTC-28JUN19-6000-C,61.19,0.0585,1.0,1,1554308029790,17209750,971
2019-04-03 16:56:04.794,2.0,sell,5122.15,BTC-28JUN19-6000-C,59.57,0.057,2.0,3,1554310564794,17214596,973
2019-04-03 16:56:04.794,10.0,sell,5122.15,BTC-28JUN19-6000-C,59.57,0.057,10.0,2,1554310564794,17214595,972
2019-04-03 17:02:05.954,5.0,buy,5150.38,BTC-28JUN19-6000-C,62.03,0.063,5.0,0,1554310925954,17215052,974
2019-04-03 17:02:40.842,5.0,buy,5164.96,BTC-28JUN19-6000-C,61.4,0.063,5.0,1,1554310960842,17215327,975
2019-04-03 17:51:33.946,1.5,buy,5149.72,BTC-28JUN19-6000-C,65.24,0.0685,1.5,0,1554313893946,17220824,976
2019-04-03 18:18:12.267,2.5,sell,5132.66,BTC-28JUN19-6000-C,61.19,0.06,2.5,2,1554315492267,17221877,977
2019-04-03 19:29:45.039,0.1,sell,5170.9,BTC-28JUN19-6000-C,61.35,0.063,0.1,0,1554319785039,17226256,978
2019-04-03 19:47:18.645,0.5,sell,5142.43,BTC-28JUN19-6000-C,62.86,0.064,0.5,0,1554320838645,17227099,979
2019-04-03 19:49:07.538,1.0,buy,5140.81,BTC-28JUN19-6000-C,65.88,0.0695,1.0,0,1554320947538,17227159,980
2019-04-03 20:05:22.835,1.0,buy,5159.56,BTC-28JUN19-6000-C,66.39,0.0715,1.0,0,1554321922835,17228027,981
2019-04-03 20:15:26.627,2.0,buy,5238.45,BTC-28JUN19-6000-C,64.27,0.0725,2.0,0,1554322526627,17229903,982
2019-04-03 20:23:33.479,5.0,buy,5305.52,BTC-28JUN19-6000-C,63.45,0.075,5.0,0,1554323013479,17233071,983
2019-04-03 20:23:33.479,0.1,buy,5305.52,BTC-28JUN19-6000-C,63.45,0.075,0.1,1,1554323013479,17233072,984
2019-04-03 20:23:33.530,0.1,buy,5305.52,BTC-28JUN19-6000-C,63.45,0.075,0.1,1,1554323013530,17233073,985
2019-04-03 20:23:34.159,0.1,buy,5306.1,BTC-28JUN19-6000-C,63.44,0.075,0.1,1,1554323014159,17233085,986
2019-04-03 20:23:34.185,0.1,buy,5306.1,BTC-28JUN19-6000-C,63.44,0.075,0.1,1,1554323014185,17233086,987
2019-04-03 20:23:35.234,0.6,buy,5307.07,BTC-28JUN19-6000-C,63.38,0.075,0.6,1,1554323015234,17233109,988
2019-04-03 20:25:00.624,0.4,sell,5285.19,BTC-28JUN19-6000-C,60.88,0.0685,0.4,2,1554323100624,17234009,989
2019-04-03 20:48:48.028,8.5,buy,5258.67,BTC-28JUN19-6000-C,64.84,0.0745,8.5,0,1554324528028,17237126,990
2019-04-03 20:52:30.061,0.2,buy,5282.72,BTC-28JUN19-6000-C,65.37,0.077,0.2,0,1554324750061,17237400,991
2019-04-03 20:58:35.532,0.8,buy,5294.48,BTC-28JUN19-6000-C,65.21,0.077,0.8,1,1554325115532,17237930,992
2019-04-03 21:04:04.560,1.6,buy,5320.29,BTC-28JUN19-6000-C,65.98,0.08,1.6,0,1554325444560,17238938,993
2019-04-03 21:07:24.459,1.0,sell,5293.45,BTC-28JUN19-6000-C,66.98,0.08,1.0,1,1554325644459,17239556,994
2019-04-03 21:15:59.811,5.5,buy,5282.23,BTC-28JUN19-6000-C,65.69,0.077,5.5,2,1554326159811,17240456,995
2019-04-03 21:16:03.587,0.2,buy,5282.17,BTC-28JUN19-6000-C,65.68,0.077,0.2,3,1554326163587,17240464,996
2019-04-03 21:16:03.794,0.2,buy,5282.17,BTC-28JUN19-6000-C,65.68,0.077,0.2,3,1554326163794,17240471,997
2019-04-03 21:22:43.885,8.5,sell,5293.78,BTC-28JUN19-6000-C,64.0,0.0745,8.5,2,1554326563885,17240775,998
2019-04-03 21:49:31.009,1.0,sell,5268.01,BTC-28JUN19-6000-C,63.19,0.07200000000000001,1.0,2,1554328171009,17243581,999
2019-04-03 22:52:59.589,0.1,buy,5101.42,BTC-28JUN19-6000-C,63.75,0.063,0.1,2,1554331979589,17256742,1000
2019-04-03 23:04:01.641,0.1,sell,5028.13,BTC-28JUN19-6000-C,63.06,0.0585,0.1,2,1554332641641,17259750,1001
2019-04-03 23:06:25.423,0.1,sell,4873.74,BTC-28JUN19-6000-C,65.66,0.055,0.1,2,1554332785423,17262640,1002
2019-04-03 23:16:41.337,5.5,buy,4922.93,BTC-28JUN19-6000-C,71.66,0.0675,5.5,0,1554333401337,17268555,1003
2019-04-04 10:10:40.401,0.5,sell,4993.44,BTC-28JUN19-6000-C,68.07,0.064,0.5,2,1554372640401,17300349,1004
2019-04-04 13:27:10.251,5.0,sell,4999.19,BTC-28JUN19-6000-C,67.25,0.063,5.0,2,1554384430251,17308199,1005
2019-04-04 13:28:23.753,5.0,buy,5005.54,BTC-28JUN19-6000-C,66.98,0.063,5.0,3,1554384503753,17308250,1006
2019-04-04 14:02:14.856,2.0,sell,5013.01,BTC-28JUN19-6000-C,66.62,0.0625,2.0,2,1554386534856,17308995,1007
2019-04-04 14:43:00.719,3.0,sell,4998.49,BTC-28JUN19-6000-C,66.97,0.0625,3.0,3,1554388980719,17310740,1008
2019-04-04 14:43:00.719,10.0,sell,4998.49,BTC-28JUN19-6000-C,66.97,0.0625,10.0,3,1554388980719,17310741,1009
2019-04-04 14:48:05.911,5.0,sell,4999.89,BTC-28JUN19-6000-C,66.73,0.062,5.0,2,1554389285911,17311052,1010
2019-04-04 14:50:55.370,1.0,buy,5007.08,BTC-28JUN19-6000-C,67.02,0.063,1.0,0,1554389455370,17311090,1011
2019-04-04 14:52:17.126,0.5,buy,5002.75,BTC-28JUN19-6000-C,66.91,0.0625,0.5,2,1554389537126,17311101,1012
2019-04-04 15:32:26.556,5.0,sell,4971.68,BTC-28JUN19-6000-C,65.23,0.057999999999999996,5.0,2,1554391946556,17312310,1013
2019-04-04 16:30:44.705,2.7,sell,4945.4,BTC-28JUN19-6000-C,64.17,0.055,2.7,2,1554395444705,17314546,1014
2019-04-04 17:53:56.207,1.0,sell,4921.18,BTC-28JUN19-6000-C,64.82,0.055,1.0,3,1554400436207,17318380,1015
2019-04-04 18:14:07.613,6.2,sell,4845.9,BTC-28JUN19-6000-C,66.81,0.055,6.2,3,1554401647613,17321582,1016
2019-04-04 18:14:07.613,5.0,sell,4845.9,BTC-28JUN19-6000-C,66.81,0.055,5.0,3,1554401647613,17321583,1017
2019-04-04 20:07:53.238,1.0,sell,4809.16,BTC-28JUN19-6000-C,64.92,0.0495,1.0,2,1554408473238,17329978,1018
2019-04-04 20:57:33.616,4.0,sell,4842.83,BTC-28JUN19-6000-C,64.12,0.0495,4.0,3,1554411453616,17334227,1019
2019-04-05 06:47:22.157,0.1,sell,4951.51,BTC-28JUN19-6000-C,67.04,0.06,0.1,0,1554446842157,17351928,1020
2019-04-05 10:12:52.979,10.0,sell,4952.01,BTC-28JUN19-6000-C,65.19,0.0565,10.0,2,1554459172979,17357519,1021
2019-04-05 12:28:47.545,0.2,sell,4999.77,BTC-28JUN19-6000-C,64.7,0.058,0.2,0,1554467327545,17361420,1022
2019-04-05 12:32:35.065,0.7000000000000001,buy,5028.32,BTC-28JUN19-6000-C,64.98,0.06,0.7000000000000001,0,1554467555065,17362141,1023
2019-04-05 19:32:53.802,2.0,buy,5013.14,BTC-28JUN19-6000-C,65.3,0.059,2.0,2,1554492773802,17379915,1024
2019-04-06 09:32:50.872,0.1,buy,4975.15,BTC-28JUN19-6000-C,66.37,0.059000000000000004,0.1,3,1554543170872,17392260,1025
2019-04-06 09:32:50.872,0.5,buy,4975.15,BTC-28JUN19-6000-C,66.95,0.06,0.5,0,1554543170872,17392261,1026
2019-04-06 14:58:35.616,0.3,sell,5025.18,BTC-28JUN19-6000-C,64.56,0.0585,0.3,2,1554562715616,17395869,1027
2019-04-06 16:00:43.132,5.0,buy,5136.13,BTC-28JUN19-6000-C,64.46,0.065,5.0,0,1554566443132,17402233,1028
2019-04-06 21:10:44.494,1.0,sell,4971.95,BTC-28JUN19-6000-C,66.72,0.0595,1.0,2,1554585044494,17430535,1029
2019-04-07 02:56:20.877,1.0,buy,5114.0,BTC-28JUN19-6000-C,64.56,0.064,1.0,0,1554605780877,17450229,1030
2019-04-07 09:36:07.429,2.5,buy,5155.86,BTC-28JUN19-6000-C,66.65,0.0705,2.5,0,1554629767429,17462630,1031
2019-04-07 09:59:37.727,1.0,sell,5134.13,BTC-28JUN19-6000-C,64.31,0.065,1.0,2,1554631177727,17463195,1032
2019-04-07 21:18:41.426,4.2,sell,5164.93,BTC-28JUN19-6000-C,64.58,0.0665,4.2,0,1554671921426,17481685,1033
2019-04-08 01:23:46.219,1.0,sell,5276.75,BTC-28JUN19-6000-C,64.38,0.0735,1.0,0,1554686626219,17502811,1034
2019-04-08 02:09:01.472,1.0,buy,5329.34,BTC-28JUN19-6000-C,64.05,0.0765,1.0,0,1554689341472,17505112,1035
2019-04-08 02:09:13.647,10.0,buy,5341.92,BTC-28JUN19-6000-C,64.08,0.0775,10.0,0,1554689353647,17505368,1036
2019-04-08 05:32:31.485,2.0,sell,5278.54,BTC-28JUN19-6000-C,64.39,0.0735,2.0,2,1554701551485,17514309,1037
2019-04-08 05:53:55.271,88.0,buy,5283.76,BTC-28JUN19-6000-C,66.07,0.077,88.0,0,1554702835271,17514601,1038
2019-04-08 07:17:29.254,5.0,buy,5231.91,BTC-28JUN19-6000-C,68.12,0.0775,5.0,0,1554707849254,17517794,1039
