date_utc,amount,direction,indexPrice,instrument,iv,price,quantity,tickDirection,timeStamp,tradeId,tradeSeq
2019-02-14 09:44:09.792,1.0,buy,3569.89,BTC-28JUN19-6000-C,59.06,0.013999999999999999,1.0,0,1550137449792,15359691,569
2019-02-14 11:32:12.790,7.0,buy,3560.01,BTC-28JUN19-6000-C,59.35,0.013999999999999999,7.0,1,1550143932790,15365609,570
2019-02-15 00:43:05.120,10.0,sell,3567.89,BTC-28JUN19-6000-C,57.81,0.0125,10.0,2,1550191385120,15376717,571
2019-02-15 00:43:07.761,10.0,sell,3567.89,BTC-28JUN19-6000-C,57.81,0.0125,10.0,3,1550191387761,15376718,572
2019-02-17 02:22:55.725,1.0,buy,3585.43,BTC-28JUN19-6000-C,57.93,0.013000000000000001,1.0,0,1550370175725,15426820,573
2019-02-18 16:59:32.465,0.1,buy,3858.98,BTC-28JUN19-6000-C,57.0,0.019,0.1,0,1550509172465,15565209,574
2019-02-18 16:59:55.986,9.9,buy,3860.68,BTC-28JUN19-6000-C,56.93,0.019,9.9,1,1550509195986,15565302,575
2019-02-18 16:59:55.986,9.2,buy,3860.68,BTC-28JUN19-6000-C,56.93,0.019,9.2,1,1550509195986,15565303,576
2019-02-18 23:21:21.737,15.0,buy,3867.98,BTC-28JUN19-6000-C,59.13,0.022000000000000002,15.0,0,1550532081737,15585952,579
2019-02-18 23:21:21.737,17.0,buy,3867.98,BTC-28JUN19-6000-C,59.13,0.022000000000000002,17.0,1,1550532081737,15585953,580
2019-02-18 23:21:21.737,10.0,buy,3867.98,BTC-28JUN19-6000-C,58.76,0.0215,10.0,0,1550532081737,15585951,578
2019-02-18 23:21:21.737,10.0,buy,3867.98,BTC-28JUN19-6000-C,58.38,0.021,10.0,0,1550532081737,15585950,577
2019-02-19 00:09:05.388,1.0,buy,3882.09,BTC-28JUN19-6000-C,59.12,0.0225,1.0,0,1550534945388,15588550,581
2019-02-19 01:25:51.505,2.0,buy,3897.05,BTC-28JUN19-6000-C,59.76,0.024,2.0,0,1550539551505,15599857,582
2019-02-19 08:21:39.390,2.0,buy,3884.25,BTC-28JUN19-6000-C,60.11,0.024,2.0,1,1550564499390,15614958,583
2019-02-19 14:08:51.003,0.3,buy,3956.26,BTC-28JUN19-6000-C,60.0,0.026000000000000002,0.3,0,1550585331003,15638933,584
2019-02-20 05:33:35.637,2.0,buy,3883.02,BTC-28JUN19-6000-C,60.94,0.0245,2.0,3,1550640815637,15677920,586
2019-02-20 05:33:35.637,2.0,buy,3883.02,BTC-28JUN19-6000-C,60.94,0.0245,2.0,2,1550640815637,15677919,585
2019-02-20 19:58:15.909,10.0,buy,3924.0,BTC-28JUN19-6000-C,59.7,0.024,10.0,2,1550692695909,15709482,587
2019-02-20 19:58:21.972,4.8,buy,3924.21,BTC-28JUN19-6000-C,57.47,0.021,4.8,2,1550692701972,15709519,588
2019-02-21 03:48:22.614,12.0,buy,3934.24,BTC-28JUN19-6000-C,60.37,0.025,12.0,0,1550720902614,15719481,589
2019-02-21 03:48:50.144,2.0,buy,3933.46,BTC-28JUN19-6000-C,61.06,0.026,2.0,0,1550720930144,15719509,590
2019-02-21 03:48:50.144,18.0,buy,3933.46,BTC-28JUN19-6000-C,61.06,0.026,18.0,1,1550720930144,15719510,591
2019-02-21 03:49:13.153,10.0,buy,3933.33,BTC-28JUN19-6000-C,61.4,0.0265,10.0,0,1550720953153,15719522,592
2019-02-21 10:07:56.907,0.1,sell,3897.7,BTC-28JUN19-6000-C,59.52,0.023,0.1,2,1550743676907,15737915,593
2019-02-21 10:07:57.818,0.1,buy,3897.7,BTC-28JUN19-6000-C,59.52,0.023,0.1,3,1550743677818,15737916,594
2019-02-21 10:08:13.344,0.1,buy,3897.71,BTC-28JUN19-6000-C,59.52,0.023,0.1,3,1550743693344,15737923,595
2019-02-21 10:08:28.892,0.1,buy,3897.71,BTC-28JUN19-6000-C,59.52,0.023,0.1,3,1550743708892,15737930,596
2019-02-21 10:17:02.916,10.0,sell,3891.38,BTC-28JUN19-6000-C,58.91,0.022,10.0,2,1550744222916,15738254,597
2019-02-21 11:05:11.055,0.6,buy,3896.7,BTC-28JUN19-6000-C,59.14,0.0225,0.6,0,1550747111055,15739344,598
2019-02-21 11:32:59.376,9.9,sell,3885.79,BTC-28JUN19-6000-C,57.82,0.0205,9.9,2,1550748779376,15741333,600
2019-02-21 11:32:59.376,0.1,sell,3885.79,BTC-28JUN19-6000-C,58.2,0.021,0.1,2,1550748779376,15741332,599
2019-02-21 15:20:08.213,0.1,sell,3893.82,BTC-28JUN19-6000-C,58.15,0.021,0.1,0,1550762408213,15745728,601
2019-02-21 17:21:57.896,0.1,sell,3890.04,BTC-28JUN19-6000-C,57.83,0.0205,0.1,2,1550769717896,15747411,603
2019-02-21 17:21:57.896,0.2,sell,3890.04,BTC-28JUN19-6000-C,57.44,0.02,0.2,2,1550769717896,15747412,604
2019-02-21 17:21:57.896,0.1,sell,3890.04,BTC-28JUN19-6000-C,58.21,0.021,0.1,1,1550769717896,15747410,602
2019-02-21 18:29:22.177,0.9,sell,3891.12,BTC-28JUN19-6000-C,57.56,0.02,0.9,3,1550773762177,15748001,606
2019-02-21 18:29:22.177,0.1,sell,3891.12,BTC-28JUN19-6000-C,57.56,0.02,0.1,3,1550773762177,15748000,605
2019-02-22 01:42:43.730,10.0,sell,3903.28,BTC-28JUN19-6000-C,57.21,0.02,10.0,3,1550799763730,15753254,607
2019-02-22 03:49:34.879,1.0,sell,3913.99,BTC-28JUN19-6000-C,56.26,0.019,1.0,2,1550807374879,15755225,608
2019-02-22 04:30:36.591,3.0,buy,3913.49,BTC-28JUN19-6000-C,58.24,0.0215,3.0,0,1550809836591,15755514,610
2019-02-22 04:30:36.591,15.0,buy,3913.49,BTC-28JUN19-6000-C,57.86,0.021,15.0,0,1550809836591,15755513,609
2019-02-22 04:30:44.191,7.0,buy,3913.49,BTC-28JUN19-6000-C,58.24,0.0215,7.0,1,1550809844191,15755515,611
2019-02-22 04:30:44.191,7.4,buy,3913.49,BTC-28JUN19-6000-C,58.62,0.022,7.4,0,1550809844191,15755517,613
2019-02-22 04:30:44.191,3.7,buy,3913.49,BTC-28JUN19-6000-C,58.24,0.0215,3.7,1,1550809844191,15755516,612
2019-02-22 04:30:56.389,8.1,buy,3913.63,BTC-28JUN19-6000-C,58.61,0.022,8.1,1,1550809856389,15755525,615
2019-02-22 04:30:56.389,10.0,buy,3913.63,BTC-28JUN19-6000-C,58.61,0.022,10.0,1,1550809856389,15755524,614
2019-02-22 04:31:03.839,10.0,sell,3913.63,BTC-28JUN19-6000-C,58.61,0.022,10.0,1,1550809863839,15755526,616
2019-02-22 04:31:29.602,10.0,sell,3913.71,BTC-28JUN19-6000-C,58.61,0.022,10.0,1,1550809889602,15755530,617
2019-02-22 06:44:19.470,3.0,buy,3916.0,BTC-28JUN19-6000-C,59.01,0.0225,3.0,1,1550817859470,15757109,619
2019-02-22 06:44:19.470,15.0,buy,3916.0,BTC-28JUN19-6000-C,59.01,0.0225,15.0,0,1550817859470,15757108,618
2019-02-22 06:44:25.167,7.0,buy,3915.89,BTC-28JUN19-6000-C,59.02,0.0225,7.0,1,1550817865167,15757110,620
2019-02-22 06:44:25.315,10.0,sell,3915.89,BTC-28JUN19-6000-C,59.02,0.0225,10.0,1,1550817865315,15757111,621
2019-02-22 06:51:44.686,10.0,sell,3915.81,BTC-28JUN19-6000-C,59.03,0.0225,10.0,1,1550818304686,15757222,622
2019-02-22 07:00:30.997,10.0,sell,3910.75,BTC-28JUN19-6000-C,59.24,0.0225,10.0,1,1550818830997,15757452,623
2019-02-22 07:00:50.581,10.0,sell,3911.37,BTC-28JUN19-6000-C,59.22,0.0225,10.0,1,1550818850581,15757484,624
2019-02-22 07:10:40.832,10.0,sell,3898.17,BTC-28JUN19-6000-C,59.04,0.022,10.0,2,1550819440832,15757943,625
2019-02-22 14:20:20.192,2.0,buy,3937.65,BTC-28JUN19-6000-C,59.49,0.024,2.0,0,1550845220192,15777213,626
2019-02-23 16:31:28.885,0.2,sell,3930.0,BTC-28JUN19-6000-C,59.61,0.023,0.2,2,1550939488885,15806120,627
2019-02-23 18:04:27.563,2.0,buy,4120.05,BTC-28JUN19-6000-C,59.71,0.0295,2.0,0,1550945067563,15831938,629
2019-02-23 18:04:27.563,10.0,buy,4120.05,BTC-28JUN19-6000-C,59.38,0.028999999999999998,10.0,0,1550945067563,15831937,628
2019-02-23 19:28:08.457,12.0,sell,4119.6,BTC-28JUN19-6000-C,59.26,0.0285,12.0,2,1550950088457,15841540,630
2019-02-24 04:22:24.075,12.0,buy,4160.33,BTC-28JUN19-6000-C,60.94,0.0325,12.0,0,1550982144075,15866268,631
2019-02-24 04:22:24.075,17.6,buy,4160.33,BTC-28JUN19-6000-C,60.94,0.0325,17.6,1,1550982144075,15866269,632
2019-02-24 10:19:41.054,5.0,buy,4130.18,BTC-28JUN19-6000-C,61.18,0.0325,5.0,1,1551003581054,15876560,633
2019-02-24 14:36:58.433,2.0,buy,3795.86,BTC-28JUN19-6000-C,64.8,0.024,2.0,2,1551019018433,15919813,634
2019-02-24 14:43:38.772,4.1,buy,3810.53,BTC-28JUN19-6000-C,65.26,0.025,4.1,0,1551019418772,15923092,635
2019-02-24 14:43:38.772,8.9,buy,3810.53,BTC-28JUN19-6000-C,65.26,0.025,8.9,1,1551019418772,15923093,636
2019-02-24 20:47:14.673,10.0,sell,3774.76,BTC-28JUN19-6000-C,62.99,0.021,10.0,3,1551041234673,15956937,638
2019-02-24 20:47:14.673,10.0,sell,3774.76,BTC-28JUN19-6000-C,62.99,0.021,10.0,2,1551041234673,15956936,637
2019-02-24 20:56:21.097,28.0,sell,3782.43,BTC-28JUN19-6000-C,62.85,0.021,28.0,3,1551041781097,15957301,639
2019-02-25 02:56:33.591,10.0,sell,3772.35,BTC-28JUN19-6000-C,62.36,0.0205,10.0,2,1551063393591,15971911,640
2019-02-25 02:57:34.397,15.1,buy,3772.91,BTC-28JUN19-6000-C,62.82,0.021,15.1,0,1551063454397,15971947,641
2019-02-25 02:57:34.397,2.0,buy,3772.91,BTC-28JUN19-6000-C,62.82,0.021,2.0,1,1551063454397,15971948,642
2019-02-25 02:57:50.119,8.0,buy,3772.67,BTC-28JUN19-6000-C,62.81,0.021,8.0,1,1551063470119,15971952,643
2019-02-25 17:43:54.755,2.0,buy,3826.37,BTC-28JUN19-6000-C,62.93,0.0225,2.0,0,1551116634755,16001065,644
2019-02-25 20:27:00.225,1.5,sell,3807.6,BTC-28JUN19-6000-C,61.45,0.02,1.5,2,1551126420225,16007818,645
2019-02-26 04:53:39.392,8.5,sell,3812.8,BTC-28JUN19-6000-C,61.32,0.02,8.5,3,1551156819392,16016116,646
2019-02-26 04:54:19.093,5.4,sell,3814.94,BTC-28JUN19-6000-C,61.29,0.02,5.4,3,1551156859093,16016135,647
2019-02-26 16:53:02.449,10.0,sell,3795.51,BTC-28JUN19-6000-C,61.5,0.0195,10.0,2,1551199982449,16036561,648
2019-02-27 14:12:14.193,10.0,sell,3780.81,BTC-28JUN19-6000-C,61.17,0.0185,10.0,2,1551276734193,16058510,649
2019-02-27 15:01:06.854,12.0,sell,3802.95,BTC-28JUN19-6000-C,60.58,0.0185,12.0,3,1551279666854,16060938,650
2019-02-28 01:56:18.569,5.0,sell,3812.46,BTC-28JUN19-6000-C,59.96,0.018000000000000002,5.0,2,1551318978569,16092196,651
2019-02-28 06:02:37.651,0.1,buy,3809.66,BTC-28JUN19-6000-C,60.9,0.019,0.1,0,1551333757651,16094550,652
2019-02-28 06:16:04.383,9.9,buy,3807.02,BTC-28JUN19-6000-C,60.98,0.019,9.9,1,1551334564383,16094679,653
2019-02-28 06:16:04.714,0.1,sell,3806.85,BTC-28JUN19-6000-C,60.98,0.019,0.1,1,1551334564714,16094680,654
2019-03-01 05:25:33.038,1.0,buy,3801.62,BTC-28JUN19-6000-C,60.5,0.018000000000000002,1.0,2,1551417933038,16143077,655
2019-03-02 01:31:25.755,1.0,sell,3811.82,BTC-28JUN19-6000-C,58.67,0.016,1.0,2,1551490285755,16162457,656
2019-03-02 15:07:34.190,1.0,sell,3805.87,BTC-28JUN19-6000-C,58.94,0.016,1.0,3,1551539254190,16177244,657
2019-03-04 02:54:12.733,8.0,sell,3794.21,BTC-28JUN19-6000-C,59.59,0.016,8.0,3,1551668052733,16203789,658
2019-03-04 02:54:49.718,10.0,sell,3793.34,BTC-28JUN19-6000-C,59.14,0.0155,10.0,2,1551668089718,16203790,659
2019-03-04 02:55:55.203,10.0,sell,3792.89,BTC-28JUN19-6000-C,59.14,0.0155,10.0,3,1551668155203,16203811,660
2019-03-04 04:17:53.008,3.0,sell,3773.26,BTC-28JUN19-6000-C,58.64,0.0145,3.0,2,1551673073008,16206526,661
2019-03-04 10:39:56.491,10.0,buy,3681.35,BTC-28JUN19-6000-C,60.45,0.013999999999999999,10.0,2,1551695996491,16230080,662
2019-03-04 10:58:06.340,10.0,sell,3697.46,BTC-28JUN19-6000-C,60.1,0.014,10.0,3,1551697086340,16232118,663
2019-03-04 15:33:22.413,2.0,buy,3707.25,BTC-28JUN19-6000-C,60.29,0.0145,2.0,0,1551713602413,16238433,664
2019-03-04 16:10:28.274,8.0,buy,3709.7,BTC-28JUN19-6000-C,60.21,0.0145,8.0,1,1551715828274,16239339,665
2019-03-04 16:11:16.264,30.0,buy,3709.54,BTC-28JUN19-6000-C,60.2,0.0145,30.0,1,1551715876264,16239343,666
2019-03-04 16:11:31.074,10.0,sell,3709.22,BTC-28JUN19-6000-C,60.21,0.0145,10.0,1,1551715891074,16239344,667
2019-03-05 01:51:24.366,0.5,sell,3699.36,BTC-28JUN19-6000-C,59.0,0.013000000000000001,0.5,2,1551750684366,16247295,668
2019-03-05 03:49:42.413,0.5,sell,3695.25,BTC-28JUN19-6000-C,59.03,0.013000000000000001,0.5,3,1551757782413,16248604,669
2019-03-05 03:49:43.647,0.5,sell,3695.25,BTC-28JUN19-6000-C,59.03,0.013,0.5,3,1551757783647,16248605,670
2019-03-05 06:01:10.539,10.0,buy,3708.33,BTC-28JUN19-6000-C,59.3,0.0135,10.0,0,1551765670539,16249756,671
2019-03-05 06:01:22.831,10.0,buy,3708.84,BTC-28JUN19-6000-C,59.8,0.014,10.0,0,1551765682831,16249759,672
2019-03-05 06:01:49.625,10.0,sell,3708.36,BTC-28JUN19-6000-C,59.3,0.0135,10.0,2,1551765709625,16249761,673
2019-03-05 06:22:06.721,10.0,sell,3709.44,BTC-28JUN19-6000-C,59.26,0.0135,10.0,3,1551766926721,16250001,674
2019-03-05 09:28:09.312,3.0,buy,3721.97,BTC-28JUN19-6000-C,60.41,0.015,3.0,0,1551778089312,16253592,675
2019-03-05 10:09:51.895,3.0,buy,3723.36,BTC-28JUN19-6000-C,60.41,0.015,3.0,1,1551780591895,16253937,676
2019-03-05 16:15:31.192,4.0,buy,3856.62,BTC-28JUN19-6000-C,60.53,0.0185,4.0,0,1551802531192,16286690,677
2019-03-06 00:16:39.982,20.0,buy,3855.3,BTC-28JUN19-6000-C,60.5,0.0185,20.0,0,1551831399982,16298293,680
2019-03-06 00:16:39.982,10.0,buy,3855.3,BTC-28JUN19-6000-C,59.63,0.0175,10.0,2,1551831399982,16298291,678
2019-03-06 00:16:39.982,10.0,buy,3855.3,BTC-28JUN19-6000-C,59.63,0.0175,10.0,3,1551831399982,16298292,679
2019-03-06 03:56:35.424,10.0,sell,3814.98,BTC-28JUN19-6000-C,59.22,0.016,10.0,2,1551844595424,16303800,681
2019-03-06 04:15:49.829,4.0,sell,3817.32,BTC-28JUN19-6000-C,59.64,0.0165,4.0,0,1551845749829,16304335,682
2019-03-06 19:55:00.096,2.0,buy,3843.59,BTC-28JUN19-6000-C,59.62,0.017,2.0,0,1551902100096,16327185,683
2019-03-07 09:02:22.864,10.0,sell,3843.78,BTC-28JUN19-6000-C,58.32,0.0155,10.0,2,1551949342864,16345953,684
2019-03-08 05:37:01.369,70.0,buy,3869.67,BTC-28JUN19-6000-C,57.14,0.0145,70.0,2,1552023421369,16367962,685
2019-03-08 06:13:40.496,1.0,buy,3873.94,BTC-28JUN19-6000-C,57.44,0.015,1.0,0,1552025620496,16368971,686
2019-03-08 06:13:57.485,1.0,buy,3874.01,BTC-28JUN19-6000-C,57.44,0.015,1.0,1,1552025637485,16368974,687
2019-03-08 06:24:27.070,2.0,buy,3880.74,BTC-28JUN19-6000-C,57.25,0.015,2.0,1,1552026267070,16369297,688
2019-03-08 06:24:49.507,3.0,buy,3880.78,BTC-28JUN19-6000-C,57.24,0.015,3.0,1,1552026289507,16369305,689
2019-03-08 07:52:43.392,0.1,buy,3869.04,BTC-28JUN19-6000-C,58.04,0.0155,0.1,0,1552031563392,16377889,690
2019-03-08 08:53:24.753,1.0,buy,3865.99,BTC-28JUN19-6000-C,58.16,0.0155,1.0,1,1552035204753,16379017,691
2019-03-08 13:41:46.495,6.2,buy,3888.89,BTC-28JUN19-6000-C,56.86,0.0145,6.2,2,1552052506495,16384710,692
2019-03-08 18:15:49.436,10.0,buy,3892.12,BTC-28JUN19-6000-C,57.2,0.015,10.0,0,1552068949436,16390788,693
2019-03-08 18:37:06.704,4.2,buy,3885.63,BTC-28JUN19-6000-C,57.8,0.0155,4.2,1,1552070226704,16391113,695
2019-03-08 18:37:06.704,10.0,buy,3885.63,BTC-28JUN19-6000-C,57.8,0.0155,10.0,0,1552070226704,16391112,694
2019-03-08 19:08:36.660,10.0,buy,3887.37,BTC-28JUN19-6000-C,58.23,0.016,10.0,0,1552072116660,16391438,696
2019-03-08 19:09:18.554,10.0,buy,3887.32,BTC-28JUN19-6000-C,58.23,0.016,10.0,1,1552072158554,16391440,697
2019-03-08 19:40:06.828,10.0,buy,3890.56,BTC-28JUN19-6000-C,58.6,0.0165,10.0,1,1552074006828,16391567,700
2019-03-08 19:40:06.828,12.0,buy,3890.56,BTC-28JUN19-6000-C,58.6,0.0165,12.0,1,1552074006828,16391566,699
2019-03-08 19:40:06.828,5.4,buy,3890.56,BTC-28JUN19-6000-C,58.6,0.0165,5.4,0,1552074006828,16391565,698
2019-03-08 19:40:06.831,5.2,sell,3890.56,BTC-28JUN19-6000-C,58.6,0.0165,5.2,1,1552074006831,16391568,701
2019-03-08 19:40:07.257,12.0,sell,3890.56,BTC-28JUN19-6000-C,58.6,0.0165,12.0,1,1552074007257,16391569,702
2019-03-08 19:40:08.506,12.0,sell,3890.56,BTC-28JUN19-6000-C,58.6,0.0165,12.0,1,1552074008506,16391570,703
2019-03-08 19:40:28.437,5.2,sell,3890.48,BTC-28JUN19-6000-C,58.6,0.0165,5.2,1,1552074028437,16391578,704
2019-03-08 19:40:58.678,5.2,sell,3890.07,BTC-28JUN19-6000-C,58.6,0.0165,5.2,1,1552074058678,16391586,705
2019-03-08 19:41:53.316,18.0,sell,3890.39,BTC-28JUN19-6000-C,58.59,0.0165,18.0,1,1552074113316,16391589,706
2019-03-08 19:44:18.991,0.8,sell,3890.25,BTC-28JUN19-6000-C,58.61,0.0165,0.8,1,1552074258991,16391654,707
2019-03-08 20:18:58.598,10.0,sell,3891.49,BTC-28JUN19-6000-C,57.74,0.0155,10.0,2,1552076338598,16393488,708
2019-03-08 20:19:13.998,10.0,sell,3891.44,BTC-28JUN19-6000-C,57.74,0.0155,10.0,3,1552076353998,16393489,709
2019-03-08 20:19:17.295,10.0,sell,3891.44,BTC-28JUN19-6000-C,57.74,0.0155,10.0,3,1552076357295,16393490,710
2019-03-08 20:19:19.030,0.1,sell,3891.44,BTC-28JUN19-6000-C,57.74,0.0155,0.1,3,1552076359030,16393491,711
2019-03-09 03:10:06.052,1.0,buy,3861.23,BTC-28JUN19-6000-C,59.57,0.0165,1.0,0,1552101006052,16411582,712
2019-03-09 06:12:49.752,0.5,buy,3869.75,BTC-28JUN19-6000-C,58.41,0.0155,0.5,2,1552111969752,16413797,713
2019-03-09 07:53:56.860,3.0,buy,3884.45,BTC-28JUN19-6000-C,58.8,0.0165,3.0,0,1552118036860,16420426,714
2019-03-09 14:13:22.002,1.0,buy,3901.31,BTC-28JUN19-6000-C,58.68,0.0165,1.0,1,1552140802002,16428925,715
2019-03-09 14:13:55.961,69.0,sell,3902.02,BTC-28JUN19-6000-C,58.68,0.0165,69.0,1,1552140835961,16428965,716
2019-03-09 14:15:09.329,24.0,buy,3901.95,BTC-28JUN19-6000-C,58.68,0.0165,24.0,1,1552140909329,16429014,718
2019-03-09 14:15:09.329,1.0,buy,3901.95,BTC-28JUN19-6000-C,58.68,0.0165,1.0,1,1552140909329,16429013,717
2019-03-09 23:51:16.225,4.7,buy,3916.87,BTC-28JUN19-6000-C,58.5,0.0165,4.7,1,1552175476225,16448943,719
2019-03-10 00:04:04.822,5.3,sell,3908.84,BTC-28JUN19-6000-C,58.72,0.0165,5.3,1,1552176244822,16449559,720
2019-03-10 02:37:58.887,12.0,buy,3909.1,BTC-28JUN19-6000-C,59.23,0.017,12.0,0,1552185478887,16450945,721
2019-03-10 02:37:58.887,13.0,buy,3909.1,BTC-28JUN19-6000-C,59.23,0.017,13.0,1,1552185478887,16450946,722
2019-03-10 03:06:53.605,12.0,sell,3904.78,BTC-28JUN19-6000-C,58.9,0.0165,12.0,2,1552187213605,16451109,723
2019-03-10 03:18:14.324,1.0,sell,3899.0,BTC-28JUN19-6000-C,59.06,0.0165,1.0,3,1552187894324,16451402,724
2019-03-10 05:03:36.895,15.0,buy,3896.83,BTC-28JUN19-6000-C,59.59,0.017,15.0,0,1552194216895,16453216,725
2019-03-10 19:04:20.469,12.0,buy,3882.16,BTC-28JUN19-6000-C,59.53,0.0165,12.0,2,1552244660469,16465770,726
2019-03-10 19:04:20.469,5.3,buy,3882.16,BTC-28JUN19-6000-C,59.53,0.0165,5.3,3,1552244660469,16465771,727
2019-03-10 19:08:59.620,0.5,buy,3882.36,BTC-28JUN19-6000-C,59.99,0.017,0.5,0,1552244939620,16465782,728
2019-03-10 19:23:00.773,11.1,buy,3881.31,BTC-28JUN19-6000-C,59.99,0.017,11.1,1,1552245780773,16465811,729
2019-03-10 21:39:53.937,9.0,sell,3896.06,BTC-28JUN19-6000-C,58.39,0.0155,9.0,2,1552253993937,16467064,730
2019-03-10 22:48:22.288,9.5,sell,3907.52,BTC-28JUN19-6000-C,58.05,0.0155,9.5,3,1552258102288,16467957,732
2019-03-10 22:48:22.288,0.5,sell,3907.52,BTC-28JUN19-6000-C,58.05,0.0155,0.5,3,1552258102288,16467956,731
2019-03-10 22:48:27.737,10.0,sell,3906.69,BTC-28JUN19-6000-C,58.05,0.0155,10.0,3,1552258107737,16467961,733
2019-03-10 22:49:12.938,80.5,sell,3902.49,BTC-28JUN19-6000-C,58.16,0.0155,80.5,3,1552258152938,16468064,734
2019-03-10 23:29:40.112,10.0,buy,3905.57,BTC-28JUN19-6000-C,58.1,0.0155,10.0,3,1552260580112,16468533,735
2019-03-10 23:38:54.542,9.4,sell,3900.94,BTC-28JUN19-6000-C,58.23,0.0155,9.4,3,1552261134542,16468674,736
2019-03-11 04:50:28.986,10.0,sell,3892.29,BTC-28JUN19-6000-C,57.95,0.015,10.0,2,1552279828986,16472510,737
2019-03-11 04:59:01.254,10.0,sell,3892.22,BTC-28JUN19-6000-C,57.99,0.015,10.0,3,1552280341254,16472689,738
2019-03-11 04:59:03.863,10.0,sell,3891.73,BTC-28JUN19-6000-C,58.0,0.015,10.0,3,1552280343863,16472710,739
2019-03-11 05:01:57.307,10.0,sell,3885.2,BTC-28JUN19-6000-C,58.14,0.015,10.0,3,1552280517307,16472937,740
2019-03-11 05:02:55.994,10.0,sell,3880.61,BTC-28JUN19-6000-C,58.26,0.015,10.0,3,1552280575994,16473015,741
2019-03-11 05:04:15.466,10.0,sell,3883.9,BTC-28JUN19-6000-C,58.21,0.015,10.0,3,1552280655466,16473184,742
2019-03-11 05:06:21.185,40.0,sell,3875.32,BTC-28JUN19-6000-C,58.46,0.015,40.0,3,1552280781185,16473366,743
2019-03-11 05:16:52.549,10.0,sell,3887.27,BTC-28JUN19-6000-C,58.13,0.015,10.0,3,1552281412549,16473885,744
2019-03-11 05:18:52.043,10.0,sell,3889.14,BTC-28JUN19-6000-C,58.07,0.015,10.0,3,1552281532043,16473965,745
2019-03-11 05:19:03.732,10.0,sell,3889.37,BTC-28JUN19-6000-C,58.06,0.015,10.0,3,1552281543732,16473972,746
2019-03-11 05:58:47.279,10.0,sell,3849.07,BTC-28JUN19-6000-C,59.07,0.015,10.0,3,1552283927279,16475824,747
2019-03-11 05:58:53.391,10.0,sell,3847.87,BTC-28JUN19-6000-C,59.08,0.015,10.0,3,1552283933391,16475913,748
2019-03-11 05:59:42.944,10.0,sell,3865.76,BTC-28JUN19-6000-C,58.59,0.015,10.0,3,1552283982944,16476545,749
2019-03-11 09:07:34.944,100.0,sell,3851.09,BTC-28JUN19-6000-C,59.01,0.015,100.0,3,1552295254944,16481232,750
2019-03-11 11:27:01.169,140.0,sell,3854.31,BTC-28JUN19-6000-C,58.91,0.015,140.0,3,1552303621169,16483463,751
2019-03-11 13:58:07.727,5.9,buy,3846.37,BTC-28JUN19-6000-C,60.02,0.016,5.9,0,1552312687727,16491433,753
2019-03-11 13:58:07.727,10.0,buy,3846.37,BTC-28JUN19-6000-C,59.54,0.0155,10.0,0,1552312687727,16491432,752
2019-03-11 13:58:07.727,12.1,buy,3846.37,BTC-28JUN19-6000-C,60.02,0.016,12.1,1,1552312687727,16491435,755
2019-03-11 13:58:07.727,12.0,buy,3846.37,BTC-28JUN19-6000-C,60.02,0.016,12.0,1,1552312687727,16491434,754
2019-03-11 14:31:38.880,100.0,sell,3838.15,BTC-28JUN19-6000-C,58.79,0.0145,100.0,3,1552314698880,16492169,757
2019-03-11 14:31:38.880,10.0,sell,3838.15,BTC-28JUN19-6000-C,58.79,0.0145,10.0,2,1552314698880,16492168,756
2019-03-12 01:06:02.799,0.1,sell,3822.38,BTC-28JUN19-6000-C,58.8,0.013999999999999999,0.1,3,1552352762799,16501498,760
2019-03-12 01:06:02.799,2.0,sell,3822.38,BTC-28JUN19-6000-C,58.8,0.013999999999999999,2.0,3,1552352762799,16501497,759
2019-03-12 01:06:02.799,1.0,sell,3822.38,BTC-28JUN19-6000-C,58.8,0.013999999999999999,1.0,2,1552352762799,16501496,758
2019-03-12 02:20:33.043,10.0,buy,3820.87,BTC-28JUN19-6000-C,59.92,0.015,10.0,0,1552357233043,16504868,761
2019-03-12 02:29:56.707,10.0,buy,3817.51,BTC-28JUN19-6000-C,60.41,0.0155,10.0,0,1552357796707,16505109,762
2019-03-12 02:29:56.707,12.0,buy,3817.51,BTC-28JUN19-6000-C,60.41,0.0155,12.0,1,1552357796707,16505110,763
2019-03-12 02:32:03.172,17.1,buy,3818.12,BTC-28JUN19-6000-C,60.42,0.0155,17.1,1,1552357923172,16505127,764
2019-03-12 02:33:23.155,15.3,buy,3817.52,BTC-28JUN19-6000-C,60.42,0.0155,15.3,1,1552358003155,16505152,765
2019-03-12 16:57:51.922,5.0,sell,3859.06,BTC-28JUN19-6000-C,58.14,0.014,5.0,2,1552409871922,16523947,766
2019-03-12 17:40:01.038,20.0,sell,3857.97,BTC-28JUN19-6000-C,57.67,0.0135,20.0,2,1552412401038,16524256,767
2019-03-12 17:50:08.895,5.0,sell,3856.22,BTC-28JUN19-6000-C,57.7,0.0135,5.0,3,1552413008895,16524336,768
2019-03-13 01:22:19.285,10.0,sell,3858.91,BTC-28JUN19-6000-C,57.91,0.0135,10.0,3,1552440139285,16527431,769
2019-03-13 01:28:57.512,10.0,sell,3857.36,BTC-28JUN19-6000-C,57.9,0.0135,10.0,3,1552440537512,16527616,770
2019-03-13 01:37:11.766,10.0,sell,3857.83,BTC-28JUN19-6000-C,57.9,0.0135,10.0,3,1552441031766,16527660,771
2019-03-13 09:47:40.376,15.0,sell,3854.41,BTC-28JUN19-6000-C,57.93,0.0135,15.0,3,1552470460376,16531730,772
2019-03-13 09:47:40.376,5.0,sell,3854.41,BTC-28JUN19-6000-C,57.93,0.0135,5.0,3,1552470460376,16531731,773
2019-03-13 09:55:31.640,17.0,sell,3851.17,BTC-28JUN19-6000-C,58.07,0.0135,17.0,3,1552470931640,16531805,774
2019-03-13 09:55:31.640,33.0,sell,3851.17,BTC-28JUN19-6000-C,58.07,0.0135,33.0,3,1552470931640,16531806,775
2019-03-13 09:57:13.581,31.0,sell,3850.04,BTC-28JUN19-6000-C,58.09,0.0135,31.0,3,1552471033581,16531852,776
2019-03-13 09:57:13.581,20.0,sell,3850.04,BTC-28JUN19-6000-C,58.09,0.0135,20.0,3,1552471033581,16531853,777
2019-03-13 09:57:13.581,24.0,sell,3850.04,BTC-28JUN19-6000-C,58.09,0.0135,24.0,3,1552471033581,16531854,778
2019-03-13 09:57:58.511,8.0,sell,3850.04,BTC-28JUN19-6000-C,58.07,0.0135,8.0,3,1552471078511,16531877,782
2019-03-13 09:57:58.511,1.0,sell,3850.04,BTC-28JUN19-6000-C,58.07,0.0135,1.0,3,1552471078511,16531876,781
2019-03-13 09:57:58.511,40.0,sell,3850.04,BTC-28JUN19-6000-C,58.07,0.0135,40.0,3,1552471078511,16531878,783
2019-03-13 09:57:58.511,16.0,sell,3850.04,BTC-28JUN19-6000-C,58.07,0.0135,16.0,3,1552471078511,16531874,779
2019-03-13 09:57:58.511,10.0,sell,3850.04,BTC-28JUN19-6000-C,58.07,0.0135,10.0,3,1552471078511,16531875,780
2019-03-13 09:58:11.963,0.2,sell,3849.82,BTC-28JUN19-6000-C,57.56,0.013000000000000001,0.2,2,1552471091963,16531884,784
2019-03-13 15:17:50.489,4.0,buy,3846.68,BTC-28JUN19-6000-C,59.43,0.0145,4.0,0,1552490270489,16542275,785
2019-03-13 16:51:57.109,20.0,sell,3848.49,BTC-28JUN19-6000-C,58.42,0.0135,20.0,2,1552495917109,16543622,786
2019-03-13 17:09:28.060,10.0,sell,3845.95,BTC-28JUN19-6000-C,58.46,0.0135,10.0,3,1552496968060,16543681,787
2019-03-13 17:14:26.648,10.0,sell,3845.49,BTC-28JUN19-6000-C,58.46,0.0135,10.0,3,1552497266648,16543705,788
2019-03-14 08:56:30.295,0.1,buy,3846.93,BTC-28JUN19-6000-C,59.1,0.014,0.1,0,1552553790295,16551515,789
