date_utc,amount,direction,indexPrice,instrument,iv,price,quantity,tickDirection,timeStamp,tradeId,tradeSeq
2019-02-14 09:44:09.792,1.0,buy,3569.89,BTC-28JUN19-6000-C,59.06,0.013999999999999999,1.0,0,1550137449792,15359691,569
2019-02-14 11:32:12.790,7.0,buy,3560.01,BTC-28JUN19-6000-C,59.35,0.013999999999999999,7.0,1,1550143932790,15365609,570
2019-02-15 00:43:05.120,10.0,sell,3567.89,BTC-28JUN19-6000-C,57.81,0.0125,10.0,2,1550191385120,15376717,571
2019-02-15 00:43:07.761,10.0,sell,3567.89,BTC-28JUN19-6000-C,57.81,0.0125,10.0,3,1550191387761,15376718,572
2019-02-17 02:22:55.725,1.0,buy,3585.43,BTC-28JUN19-6000-C,57.93,0.013000000000000001,1.0,0,1550370175725,15426820,573
2019-02-18 16:59:32.465,0.1,buy,3858.98,BTC-28JUN19-6000-C,57.0,0.019,0.1,0,1550509172465,15565209,574
2019-02-18 16:59:55.986,9.9,buy,3860.68,BTC-28JUN19-6000-C,56.93,0.019,9.9,1,1550509195986,15565302,575
2019-02-18 16:59:55.986,9.2,buy,3860.68,BTC-28JUN19-6000-C,56.93,0.019,9.2,1,1550509195986,15565303,576
2019-02-18 23:21:21.737,17.0,buy,3867.98,BTC-28JUN19-6000-C,59.13,0.022000000000000002,17.0,1,1550532081737,15585953,580
2019-02-18 23:21:21.737,15.0,buy,3867.98,BTC-28JUN19-6000-C,59.13,0.022000000000000002,15.0,0,1550532081737,15585952,579
2019-02-18 23:21:21.737,10.0,buy,3867.98,BTC-28JUN19-6000-C,58.76,0.0215,10.0,0,1550532081737,15585951,578
2019-02-18 23:21:21.737,10.0,buy,3867.98,BTC-28JUN19-6000-C,58.38,0.021,10.0,0,1550532081737,15585950,577
2019-02-19 00:09:05.388,1.0,buy,3882.09,BTC-28JUN19-6000-C,59.12,0.0225,1.0,0,1550534945388,15588550,581
2019-02-19 01:25:51.505,2.0,buy,3897.05,BTC-28JUN19-6000-C,59.76,0.024,2.0,0,1550539551505,15599857,582
2019-02-19 08:21:39.390,2.0,buy,3884.25,BTC-28JUN19-6000-C,60.11,0.024,2.0,1,1550564499390,15614958,583
2019-02-19 14:08:51.003,0.3,buy,3956.26,BTC-28JUN19-6000-C,60.0,0.026000000000000002,0.3,0,1550585331003,15638933,584
2019-02-20 05:33:35.637,2.0,buy,3883.02,BTC-28JUN19-6000-C,60.94,0.0245,2.0,2,1550640815637,15677919,585
2019-02-20 05:33:35.637,2.0,buy,3883.02,BTC-28JUN19-6000-C,60.94,0.0245,2.0,3,1550640815637,15677920,586
2019-02-20 19:58:15.909,10.0,buy,3924.0,BTC-28JUN19-6000-C,59.7,0.024,10.0,2,1550692695909,15709482,587
2019-02-20 19:58:21.972,4.8,buy,3924.21,BTC-28JUN19-6000-C,57.47,0.021,4.8,2,1550692701972,15709519,588
2019-02-21 03:48:22.614,12.0,buy,3934.24,BTC-28JUN19-6000-C,60.37,0.025,12.0,0,1550720902614,15719481,589
2019-02-21 03:48:50.144,18.0,buy,3933.46,BTC-28JUN19-6000-C,61.06,0.026,18.0,1,1550720930144,15719510,591
2019-02-21 03:48:50.144,2.0,buy,3933.46,BTC-28JUN19-6000-C,61.06,0.026,2.0,0,1550720930144,15719509,590
2019-02-21 03:49:13.153,10.0,buy,3933.33,BTC-28JUN19-6000-C,61.4,0.0265,10.0,0,1550720953153,15719522,592
2019-02-21 10:07:56.907,0.1,sell,3897.7,BTC-28JUN19-6000-C,59.52,0.023,0.1,2,1550743676907,15737915,593
2019-02-21 10:07:57.818,0.1,buy,3897.7,BTC-28JUN19-6000-C,59.52,0.023,0.1,3,1550743677818,15737916,594
2019-02-21 10:08:13.344,0.1,buy,3897.71,BTC-28JUN19-6000-C,59.52,0.023,0.1,3,1550743693344,15737923,595
2019-02-21 10:08:28.892,0.1,buy,3897.71,BTC-28JUN19-6000-C,59.52,0.023,0.1,3,1550743708892,15737930,596
2019-02-21 10:17:02.916,10.0,sell,3891.38,BTC-28JUN19-6000-C,58.91,0.022,10.0,2,1550744222916,15738254,597
2019-02-21 11:05:11.055,0.6,buy,3896.7,BTC-28JUN19-6000-C,59.14,0.0225,0.6,0,1550747111055,15739344,598
2019-02-21 11:32:59.376,0.1,sell,3885.79,BTC-28JUN19-6000-C,58.2,0.021,0.1,2,1550748779376,15741332,599
2019-02-21 11:32:59.376,9.9,sell,3885.79,BTC-28JUN19-6000-C,57.82,0.0205,9.9,2,1550748779376,15741333,600
2019-02-21 15:20:08.213,0.1,sell,3893.82,BTC-28JUN19-6000-C,58.15,0.021,0.1,0,1550762408213,15745728,601
2019-02-21 17:21:57.896,0.1,sell,3890.04,BTC-28JUN19-6000-C,57.83,0.0205,0.1,2,1550769717896,15747411,603
2019-02-21 17:21:57.896,0.2,sell,3890.04,BTC-28JUN19-6000-C,57.44,0.02,0.2,2,1550769717896,15747412,604
2019-02-21 17:21:57.896,0.1,sell,3890.04,BTC-28JUN19-6000-C,58.21,0.021,0.1,1,1550769717896,15747410,602
2019-02-21 18:29:22.177,0.1,sell,3891.12,BTC-28JUN19-6000-C,57.56,0.02,0.1,3,1550773762177,15748000,605
2019-02-21 18:29:22.177,0.9,sell,3891.12,BTC-28JUN19-6000-C,57.56,0.02,0.9,3,1550773762177,15748001,606
2019-02-22 01:42:43.730,10.0,sell,3903.28,BTC-28JUN19-6000-C,57.21,0.02,10.0,3,1550799763730,15753254,607
2019-02-22 03:49:34.879,1.0,sell,3913.99,BTC-28JUN19-6000-C,56.26,0.019,1.0,2,1550807374879,15755225,608
2019-02-22 04:30:36.591,3.0,buy,3913.49,BTC-28JUN19-6000-C,58.24,0.0215,3.0,0,1550809836591,15755514,610
2019-02-22 04:30:36.591,15.0,buy,3913.49,BTC-28JUN19-6000-C,57.86,0.021,15.0,0,1550809836591,15755513,609
2019-02-22 04:30:44.191,7.0,buy,3913.49,BTC-28JUN19-6000-C,58.24,0.0215,7.0,1,1550809844191,15755515,611
2019-02-22 04:30:44.191,7.4,buy,3913.49,BTC-28JUN19-6000-C,58.62,0.022,7.4,0,1550809844191,15755517,613
2019-02-22 04:30:44.191,3.7,buy,3913.49,BTC-28JUN19-6000-C,58.24,0.0215,3.7,1,1550809844191,15755516,612
2019-02-22 04:30:56.389,8.1,buy,3913.63,BTC-28JUN19-6000-C,58.61,0.022,8.1,1,1550809856389,15755525,615
2019-02-22 04:30:56.389,10.0,buy,3913.63,BTC-28JUN19-6000-C,58.61,0.022,10.0,1,1550809856389,15755524,614
2019-02-22 04:31:03.839,10.0,sell,3913.63,BTC-28JUN19-6000-C,58.61,0.022,10.0,1,1550809863839,15755526,616
2019-02-22 04:31:29.602,10.0,sell,3913.71,BTC-28JUN19-6000-C,58.61,0.022,10.0,1,1550809889602,15755530,617
2019-02-22 06:44:19.470,3.0,buy,3916.0,BTC-28JUN19-6000-C,59.01,0.0225,3.0,1,1550817859470,15757109,619
2019-02-22 06:44:19.470,15.0,buy,3916.0,BTC-28JUN19-6000-C,59.01,0.0225,15.0,0,1550817859470,15757108,618
2019-02-22 06:44:25.167,7.0,buy,3915.89,BTC-28JUN19-6000-C,59.02,0.0225,7.0,1,1550817865167,15757110,620
2019-02-22 06:44:25.315,10.0,sell,3915.89,BTC-28JUN19-6000-C,59.02,0.0225,10.0,1,1550817865315,15757111,621
2019-02-22 06:51:44.686,10.0,sell,3915.81,BTC-28JUN19-6000-C,59.03,0.0225,10.0,1,1550818304686,15757222,622
2019-02-22 07:00:30.997,10.0,sell,3910.75,BTC-28JUN19-6000-C,59.24,0.0225,10.0,1,1550818830997,15757452,623
2019-02-22 07:00:50.581,10.0,sell,3911.37,BTC-28JUN19-6000-C,59.22,0.0225,10.0,1,1550818850581,15757484,624
2019-02-22 07:10:40.832,10.0,sell,3898.17,BTC-28JUN19-6000-C,59.04,0.022,10.0,2,1550819440832,15757943,625
2019-02-22 14:20:20.192,2.0,buy,3937.65,BTC-28JUN19-6000-C,59.49,0.024,2.0,0,1550845220192,15777213,626
2019-02-23 16:31:28.885,0.2,sell,3930.0,BTC-28JUN19-6000-C,59.61,0.023,0.2,2,1550939488885,15806120,627
2019-02-23 18:04:27.563,2.0,buy,4120.05,BTC-28JUN19-6000-C,59.71,0.0295,2.0,0,1550945067563,15831938,629
2019-02-23 18:04:27.563,10.0,buy,4120.05,BTC-28JUN19-6000-C,59.38,0.028999999999999998,10.0,0,1550945067563,15831937,628
2019-02-23 19:28:08.457,12.0,sell,4119.6,BTC-28JUN19-6000-C,59.26,0.0285,12.0,2,1550950088457,15841540,630
2019-02-24 04:22:24.075,12.0,buy,4160.33,BTC-28JUN19-6000-C,60.94,0.0325,12.0,0,1550982144075,15866268,631
2019-02-24 04:22:24.075,17.6,buy,4160.33,BTC-28JUN19-6000-C,60.94,0.0325,17.6,1,1550982144075,15866269,632
2019-02-24 10:19:41.054,5.0,buy,4130.18,BTC-28JUN19-6000-C,61.18,0.0325,5.0,1,1551003581054,15876560,633
2019-02-24 14:36:58.433,2.0,buy,3795.86,BTC-28JUN19-6000-C,64.8,0.024,2.0,2,1551019018433,15919813,634
2019-02-24 14:43:38.772,8.9,buy,3810.53,BTC-28JUN19-6000-C,65.26,0.025,8.9,1,1551019418772,15923093,636
2019-02-24 14:43:38.772,4.1,buy,3810.53,BTC-28JUN19-6000-C,65.26,0.025,4.1,0,1551019418772,15923092,635
2019-02-24 20:47:14.673,10.0,sell,3774.76,BTC-28JUN19-6000-C,62.99,0.021,10.0,2,1551041234673,15956936,637
2019-02-24 20:47:14.673,10.0,sell,3774.76,BTC-28JUN19-6000-C,62.99,0.021,10.0,3,1551041234673,15956937,638
2019-02-24 20:56:21.097,28.0,sell,3782.43,BTC-28JUN19-6000-C,62.85,0.021,28.0,3,1551041781097,15957301,639
2019-02-25 02:56:33.591,10.0,sell,3772.35,BTC-28JUN19-6000-C,62.36,0.0205,10.0,2,1551063393591,15971911,640
2019-02-25 02:57:34.397,2.0,buy,3772.91,BTC-28JUN19-6000-C,62.82,0.021,2.0,1,1551063454397,15971948,642
2019-02-25 02:57:34.397,15.1,buy,3772.91,BTC-28JUN19-6000-C,62.82,0.021,15.1,0,1551063454397,15971947,641
2019-02-25 02:57:50.119,8.0,buy,3772.67,BTC-28JUN19-6000-C,62.81,0.021,8.0,1,1551063470119,15971952,643
2019-02-25 17:43:54.755,2.0,buy,3826.37,BTC-28JUN19-6000-C,62.93,0.0225,2.0,0,1551116634755,16001065,644
2019-02-25 20:27:00.225,1.5,sell,3807.6,BTC-28JUN19-6000-C,61.45,0.02,1.5,2,1551126420225,16007818,645
2019-02-26 04:53:39.392,8.5,sell,3812.8,BTC-28JUN19-6000-C,61.32,0.02,8.5,3,1551156819392,16016116,646
2019-02-26 04:54:19.093,5.4,sell,3814.94,BTC-28JUN19-6000-C,61.29,0.02,5.4,3,1551156859093,16016135,647
2019-02-26 16:53:02.449,10.0,sell,3795.51,BTC-28JUN19-6000-C,61.5,0.0195,10.0,2,1551199982449,16036561,648
2019-02-27 14:12:14.193,10.0,sell,3780.81,BTC-28JUN19-6000-C,61.17,0.0185,10.0,2,1551276734193,16058510,649
2019-02-27 15:01:06.854,12.0,sell,3802.95,BTC-28JUN19-6000-C,60.58,0.0185,12.0,3,1551279666854,16060938,650
2019-02-28 01:56:18.569,5.0,sell,3812.46,BTC-28JUN19-6000-C,59.96,0.018000000000000002,5.0,2,1551318978569,16092196,651
2019-02-28 06:02:37.651,0.1,buy,3809.66,BTC-28JUN19-6000-C,60.9,0.019,0.1,0,1551333757651,16094550,652
2019-02-28 06:16:04.383,9.9,buy,3807.02,BTC-28JUN19-6000-C,60.98,0.019,9.9,1,1551334564383,16094679,653
2019-02-28 06:16:04.714,0.1,sell,3806.85,BTC-28JUN19-6000-C,60.98,0.019,0.1,1,1551334564714,16094680,654
2019-03-01 05:25:33.038,1.0,buy,3801.62,BTC-28JUN19-6000-C,60.5,0.018000000000000002,1.0,2,1551417933038,16143077,655
2019-03-02 01:31:25.755,1.0,sell,3811.82,BTC-28JUN19-6000-C,58.67,0.016,1.0,2,1551490285755,16162457,656
2019-03-02 15:07:34.190,1.0,sell,3805.87,BTC-28JUN19-6000-C,58.94,0.016,1.0,3,1551539254190,16177244,657
2019-03-04 02:54:12.733,8.0,sell,3794.21,BTC-28JUN19-6000-C,59.59,0.016,8.0,3,1551668052733,16203789,658
2019-03-04 02:54:49.718,10.0,sell,3793.34,BTC-28JUN19-6000-C,59.14,0.0155,10.0,2,1551668089718,16203790,659
2019-03-04 02:55:55.203,10.0,sell,3792.89,BTC-28JUN19-6000-C,59.14,0.0155,10.0,3,1551668155203,16203811,660
2019-03-04 04:17:53.008,3.0,sell,3773.26,BTC-28JUN19-6000-C,58.64,0.0145,3.0,2,1551673073008,16206526,661
2019-03-04 10:39:56.491,10.0,buy,3681.35,BTC-28JUN19-6000-C,60.45,0.013999999999999999,10.0,2,1551695996491,16230080,662
2019-03-04 10:58:06.340,10.0,sell,3697.46,BTC-28JUN19-6000-C,60.1,0.014,10.0,3,1551697086340,16232118,663
2019-03-04 15:33:22.413,2.0,buy,3707.25,BTC-28JUN19-6000-C,60.29,0.0145,2.0,0,1551713602413,16238433,664
2019-03-04 16:10:28.274,8.0,buy,3709.7,BTC-28JUN19-6000-C,60.21,0.0145,8.0,1,1551715828274,16239339,665
2019-03-04 16:11:16.264,30.0,buy,3709.54,BTC-28JUN19-6000-C,60.2,0.0145,30.0,1,1551715876264,16239343,666
2019-03-04 16:11:31.074,10.0,sell,3709.22,BTC-28JUN19-6000-C,60.21,0.0145,10.0,1,1551715891074,16239344,667
2019-03-05 01:51:24.366,0.5,sell,3699.36,BTC-28JUN19-6000-C,59.0,0.013000000000000001,0.5,2,1551750684366,16247295,668
2019-03-05 03:49:42.413,0.5,sell,3695.25,BTC-28JUN19-6000-C,59.03,0.013000000000000001,0.5,3,1551757782413,16248604,669
2019-03-05 03:49:43.647,0.5,sell,3695.25,BTC-28JUN19-6000-C,59.03,0.013,0.5,3,1551757783647,16248605,670
2019-03-05 06:01:10.539,10.0,buy,3708.33,BTC-28JUN19-6000-C,59.3,0.0135,10.0,0,1551765670539,16249756,671
2019-03-05 06:01:22.831,10.0,buy,3708.84,BTC-28JUN19-6000-C,59.8,0.014,10.0,0,1551765682831,16249759,672
2019-03-05 06:01:49.625,10.0,sell,3708.36,BTC-28JUN19-6000-C,59.3,0.0135,10.0,2,1551765709625,16249761,673
2019-03-05 06:22:06.721,10.0,sell,3709.44,BTC-28JUN19-6000-C,59.26,0.0135,10.0,3,1551766926721,16250001,674
2019-03-05 09:28:09.312,3.0,buy,3721.97,BTC-28JUN19-6000-C,60.41,0.015,3.0,0,1551778089312,16253592,675
2019-03-05 10:09:51.895,3.0,buy,3723.36,BTC-28JUN19-6000-C,60.41,0.015,3.0,1,1551780591895,16253937,676
2019-03-05 16:15:31.192,4.0,buy,3856.62,BTC-28JUN19-6000-C,60.53,0.0185,4.0,0,1551802531192,16286690,677
2019-03-06 00:16:39.982,10.0,buy,3855.3,BTC-28JUN19-6000-C,59.63,0.0175,10.0,2,1551831399982,16298291,678
2019-03-06 00:16:39.982,10.0,buy,3855.3,BTC-28JUN19-6000-C,59.63,0.0175,10.0,3,1551831399982,16298292,679
2019-03-06 00:16:39.982,20.0,buy,3855.3,BTC-28JUN19-6000-C,60.5,0.0185,20.0,0,1551831399982,16298293,680
2019-03-06 03:56:35.424,10.0,sell,3814.98,BTC-28JUN19-6000-C,59.22,0.016,10.0,2,1551844595424,16303800,681
2019-03-06 04:15:49.829,4.0,sell,3817.32,BTC-28JUN19-6000-C,59.64,0.0165,4.0,0,1551845749829,16304335,682
2019-03-06 19:55:00.096,2.0,buy,3843.59,BTC-28JUN19-6000-C,59.62,0.017,2.0,0,1551902100096,16327185,683
2019-03-07 09:02:22.864,10.0,sell,3843.78,BTC-28JUN19-6000-C,58.32,0.0155,10.0,2,1551949342864,16345953,684
2019-03-08 05:37:01.369,70.0,buy,3869.67,BTC-28JUN19-6000-C,57.14,0.0145,70.0,2,1552023421369,16367962,685
2019-03-08 06:13:40.496,1.0,buy,3873.94,BTC-28JUN19-6000-C,57.44,0.015,1.0,0,1552025620496,16368971,686
2019-03-08 06:13:57.485,1.0,buy,3874.01,BTC-28JUN19-6000-C,57.44,0.015,1.0,1,1552025637485,16368974,687
2019-03-08 06:24:27.070,2.0,buy,3880.74,BTC-28JUN19-6000-C,57.25,0.015,2.0,1,1552026267070,16369297,688
2019-03-08 06:24:49.507,3.0,buy,3880.78,BTC-28JUN19-6000-C,57.24,0.015,3.0,1,1552026289507,16369305,689
2019-03-08 07:52:43.392,0.1,buy,3869.04,BTC-28JUN19-6000-C,58.04,0.0155,0.1,0,1552031563392,16377889,690
2019-03-08 08:53:24.753,1.0,buy,3865.99,BTC-28JUN19-6000-C,58.16,0.0155,1.0,1,1552035204753,16379017,691
2019-03-08 13:41:46.495,6.2,buy,3888.89,BTC-28JUN19-6000-C,56.86,0.0145,6.2,2,1552052506495,16384710,692
2019-03-08 18:15:49.436,10.0,buy,3892.12,BTC-28JUN19-6000-C,57.2,0.015,10.0,0,1552068949436,16390788,693
2019-03-08 18:37:06.704,4.2,buy,3885.63,BTC-28JUN19-6000-C,57.8,0.0155,4.2,1,1552070226704,16391113,695
2019-03-08 18:37:06.704,10.0,buy,3885.63,BTC-28JUN19-6000-C,57.8,0.0155,10.0,0,1552070226704,16391112,694
2019-03-08 19:08:36.660,10.0,buy,3887.37,BTC-28JUN19-6000-C,58.23,0.016,10.0,0,1552072116660,16391438,696
2019-03-08 19:09:18.554,10.0,buy,3887.32,BTC-28JUN19-6000-C,58.23,0.016,10.0,1,1552072158554,16391440,697
2019-03-08 19:40:06.828,5.4,buy,3890.56,BTC-28JUN19-6000-C,58.6,0.0165,5.4,0,1552074006828,16391565,698
2019-03-08 19:40:06.828,10.0,buy,3890.56,BTC-28JUN19-6000-C,58.6,0.0165,10.0,1,1552074006828,16391567,700
2019-03-08 19:40:06.828,12.0,buy,3890.56,BTC-28JUN19-6000-C,58.6,0.0165,12.0,1,1552074006828,16391566,699
2019-03-08 19:40:06.831,5.2,sell,3890.56,BTC-28JUN19-6000-C,58.6,0.0165,5.2,1,1552074006831,16391568,701
2019-03-08 19:40:07.257,12.0,sell,3890.56,BTC-28JUN19-6000-C,58.6,0.0165,12.0,1,1552074007257,16391569,702
2019-03-08 19:40:08.506,12.0,sell,3890.56,BTC-28JUN19-6000-C,58.6,0.0165,12.0,1,1552074008506,16391570,703
2019-03-08 19:40:28.437,5.2,sell,3890.48,BTC-28JUN19-6000-C,58.6,0.0165,5.2,1,1552074028437,16391578,704
2019-03-08 19:40:58.678,5.2,sell,3890.07,BTC-28JUN19-6000-C,58.6,0.0165,5.2,1,1552074058678,16391586,705
2019-03-08 19:41:53.316,18.0,sell,3890.39,BTC-28JUN19-6000-C,58.59,0.0165,18.0,1,1552074113316,16391589,706
2019-03-08 19:44:18.991,0.8,sell,3890.25,BTC-28JUN19-6000-C,58.61,0.0165,0.8,1,1552074258991,16391654,707
2019-03-08 20:18:58.598,10.0,sell,3891.49,BTC-28JUN19-6000-C,57.74,0.0155,10.0,2,1552076338598,16393488,708
2019-03-08 20:19:13.998,10.0,sell,3891.44,BTC-28JUN19-6000-C,57.74,0.0155,10.0,3,1552076353998,16393489,709
2019-03-08 20:19:17.295,10.0,sell,3891.44,BTC-28JUN19-6000-C,57.74,0.0155,10.0,3,1552076357295,16393490,710
2019-03-08 20:19:19.030,0.1,sell,3891.44,BTC-28JUN19-6000-C,57.74,0.0155,0.1,3,1552076359030,16393491,711
2019-03-09 03:10:06.052,1.0,buy,3861.23,BTC-28JUN19-6000-C,59.57,0.0165,1.0,0,1552101006052,16411582,712
2019-03-09 06:12:49.752,0.5,buy,3869.75,BTC-28JUN19-6000-C,58.41,0.0155,0.5,2,1552111969752,16413797,713
2019-03-09 07:53:56.860,3.0,buy,3884.45,BTC-28JUN19-6000-C,58.8,0.0165,3.0,0,1552118036860,16420426,714
2019-03-09 14:13:22.002,1.0,buy,3901.31,BTC-28JUN19-6000-C,58.68,0.0165,1.0,1,1552140802002,16428925,715
2019-03-09 14:13:55.961,69.0,sell,3902.02,BTC-28JUN19-6000-C,58.68,0.0165,69.0,1,1552140835961,16428965,716
2019-03-09 14:15:09.329,24.0,buy,3901.95,BTC-28JUN19-6000-C,58.68,0.0165,24.0,1,1552140909329,16429014,718
2019-03-09 14:15:09.329,1.0,buy,3901.95,BTC-28JUN19-6000-C,58.68,0.0165,1.0,1,1552140909329,16429013,717
2019-03-09 23:51:16.225,4.7,buy,3916.87,BTC-28JUN19-6000-C,58.5,0.0165,4.7,1,1552175476225,16448943,719
2019-03-10 00:04:04.822,5.3,sell,3908.84,BTC-28JUN19-6000-C,58.72,0.0165,5.3,1,1552176244822,16449559,720
2019-03-10 02:37:58.887,13.0,buy,3909.1,BTC-28JUN19-6000-C,59.23,0.017,13.0,1,1552185478887,16450946,722
2019-03-10 02:37:58.887,12.0,buy,3909.1,BTC-28JUN19-6000-C,59.23,0.017,12.0,0,1552185478887,16450945,721
2019-03-10 03:06:53.605,12.0,sell,3904.78,BTC-28JUN19-6000-C,58.9,0.0165,12.0,2,1552187213605,16451109,723
2019-03-10 03:18:14.324,1.0,sell,3899.0,BTC-28JUN19-6000-C,59.06,0.0165,1.0,3,1552187894324,16451402,724
2019-03-10 05:03:36.895,15.0,buy,3896.83,BTC-28JUN19-6000-C,59.59,0.017,15.0,0,1552194216895,16453216,725
2019-03-10 19:04:20.469,12.0,buy,3882.16,BTC-28JUN19-6000-C,59.53,0.0165,12.0,2,1552244660469,16465770,726
2019-03-10 19:04:20.469,5.3,buy,3882.16,BTC-28JUN19-6000-C,59.53,0.0165,5.3,3,1552244660469,16465771,727
2019-03-10 19:08:59.620,0.5,buy,3882.36,BTC-28JUN19-6000-C,59.99,0.017,0.5,0,1552244939620,16465782,728
2019-03-10 19:23:00.773,11.1,buy,3881.31,BTC-28JUN19-6000-C,59.99,0.017,11.1,1,1552245780773,16465811,729
2019-03-10 21:39:53.937,9.0,sell,3896.06,BTC-28JUN19-6000-C,58.39,0.0155,9.0,2,1552253993937,16467064,730
2019-03-10 22:48:22.288,9.5,sell,3907.52,BTC-28JUN19-6000-C,58.05,0.0155,9.5,3,1552258102288,16467957,732
2019-03-10 22:48:22.288,0.5,sell,3907.52,BTC-28JUN19-6000-C,58.05,0.0155,0.5,3,1552258102288,16467956,731
2019-03-10 22:48:27.737,10.0,sell,3906.69,BTC-28JUN19-6000-C,58.05,0.0155,10.0,3,1552258107737,16467961,733
2019-03-10 22:49:12.938,80.5,sell,3902.49,BTC-28JUN19-6000-C,58.16,0.0155,80.5,3,1552258152938,16468064,734
2019-03-10 23:29:40.112,10.0,buy,3905.57,BTC-28JUN19-6000-C,58.1,0.0155,10.0,3,1552260580112,16468533,735
2019-03-10 23:38:54.542,9.4,sell,3900.94,BTC-28JUN19-6000-C,58.23,0.0155,9.4,3,1552261134542,16468674,736
2019-03-11 04:50:28.986,10.0,sell,3892.29,BTC-28JUN19-6000-C,57.95,0.015,10.0,2,1552279828986,16472510,737
2019-03-11 04:59:01.254,10.0,sell,3892.22,BTC-28JUN19-6000-C,57.99,0.015,10.0,3,1552280341254,16472689,738
2019-03-11 04:59:03.863,10.0,sell,3891.73,BTC-28JUN19-6000-C,58.0,0.015,10.0,3,1552280343863,16472710,739
2019-03-11 05:01:57.307,10.0,sell,3885.2,BTC-28JUN19-6000-C,58.14,0.015,10.0,3,1552280517307,16472937,740
2019-03-11 05:02:55.994,10.0,sell,3880.61,BTC-28JUN19-6000-C,58.26,0.015,10.0,3,1552280575994,16473015,741
2019-03-11 05:04:15.466,10.0,sell,3883.9,BTC-28JUN19-6000-C,58.21,0.015,10.0,3,1552280655466,16473184,742
2019-03-11 05:06:21.185,40.0,sell,3875.32,BTC-28JUN19-6000-C,58.46,0.015,40.0,3,1552280781185,16473366,743
2019-03-11 05:16:52.549,10.0,sell,3887.27,BTC-28JUN19-6000-C,58.13,0.015,10.0,3,1552281412549,16473885,744
2019-03-11 05:18:52.043,10.0,sell,3889.14,BTC-28JUN19-6000-C,58.07,0.015,10.0,3,1552281532043,16473965,745
2019-03-11 05:19:03.732,10.0,sell,3889.37,BTC-28JUN19-6000-C,58.06,0.015,10.0,3,1552281543732,16473972,746
2019-03-11 05:58:47.279,10.0,sell,3849.07,BTC-28JUN19-6000-C,59.07,0.015,10.0,3,1552283927279,16475824,747
2019-03-11 05:58:53.391,10.0,sell,3847.87,BTC-28JUN19-6000-C,59.08,0.015,10.0,3,1552283933391,16475913,748
2019-03-11 05:59:42.944,10.0,sell,3865.76,BTC-28JUN19-6000-C,58.59,0.015,10.0,3,1552283982944,16476545,749
2019-03-11 09:07:34.944,100.0,sell,3851.09,BTC-28JUN19-6000-C,59.01,0.015,100.0,3,1552295254944,16481232,750
2019-03-11 11:27:01.169,140.0,sell,3854.31,BTC-28JUN19-6000-C,58.91,0.015,140.0,3,1552303621169,16483463,751
2019-03-11 13:58:07.727,10.0,buy,3846.37,BTC-28JUN19-6000-C,59.54,0.0155,10.0,0,1552312687727,16491432,752
2019-03-11 13:58:07.727,12.0,buy,3846.37,BTC-28JUN19-6000-C,60.02,0.016,12.0,1,1552312687727,16491434,754
2019-03-11 13:58:07.727,12.1,buy,3846.37,BTC-28JUN19-6000-C,60.02,0.016,12.1,1,1552312687727,16491435,755
2019-03-11 13:58:07.727,5.9,buy,3846.37,BTC-28JUN19-6000-C,60.02,0.016,5.9,0,1552312687727,16491433,753
2019-03-11 14:31:38.880,100.0,sell,3838.15,BTC-28JUN19-6000-C,58.79,0.0145,100.0,3,1552314698880,16492169,757
2019-03-11 14:31:38.880,10.0,sell,3838.15,BTC-28JUN19-6000-C,58.79,0.0145,10.0,2,1552314698880,16492168,756
2019-03-12 01:06:02.799,1.0,sell,3822.38,BTC-28JUN19-6000-C,58.8,0.013999999999999999,1.0,2,1552352762799,16501496,758
2019-03-12 01:06:02.799,2.0,sell,3822.38,BTC-28JUN19-6000-C,58.8,0.013999999999999999,2.0,3,1552352762799,16501497,759
2019-03-12 01:06:02.799,0.1,sell,3822.38,BTC-28JUN19-6000-C,58.8,0.013999999999999999,0.1,3,1552352762799,16501498,760
2019-03-12 02:20:33.043,10.0,buy,3820.87,BTC-28JUN19-6000-C,59.92,0.015,10.0,0,1552357233043,16504868,761
2019-03-12 02:29:56.707,12.0,buy,3817.51,BTC-28JUN19-6000-C,60.41,0.0155,12.0,1,1552357796707,16505110,763
2019-03-12 02:29:56.707,10.0,buy,3817.51,BTC-28JUN19-6000-C,60.41,0.0155,10.0,0,1552357796707,16505109,762
2019-03-12 02:32:03.172,17.1,buy,3818.12,BTC-28JUN19-6000-C,60.42,0.0155,17.1,1,1552357923172,16505127,764
2019-03-12 02:33:23.155,15.3,buy,3817.52,BTC-28JUN19-6000-C,60.42,0.0155,15.3,1,1552358003155,16505152,765
2019-03-12 16:57:51.922,5.0,sell,3859.06,BTC-28JUN19-6000-C,58.14,0.014,5.0,2,1552409871922,16523947,766
2019-03-12 17:40:01.038,20.0,sell,3857.97,BTC-28JUN19-6000-C,57.67,0.0135,20.0,2,1552412401038,16524256,767
2019-03-12 17:50:08.895,5.0,sell,3856.22,BTC-28JUN19-6000-C,57.7,0.0135,5.0,3,1552413008895,16524336,768
2019-03-13 01:22:19.285,10.0,sell,3858.91,BTC-28JUN19-6000-C,57.91,0.0135,10.0,3,1552440139285,16527431,769
2019-03-13 01:28:57.512,10.0,sell,3857.36,BTC-28JUN19-6000-C,57.9,0.0135,10.0,3,1552440537512,16527616,770
2019-03-13 01:37:11.766,10.0,sell,3857.83,BTC-28JUN19-6000-C,57.9,0.0135,10.0,3,1552441031766,16527660,771
2019-03-13 09:47:40.376,15.0,sell,3854.41,BTC-28JUN19-6000-C,57.93,0.0135,15.0,3,1552470460376,16531730,772
2019-03-13 09:47:40.376,5.0,sell,3854.41,BTC-28JUN19-6000-C,57.93,0.0135,5.0,3,1552470460376,16531731,773
2019-03-13 09:55:31.640,33.0,sell,3851.17,BTC-28JUN19-6000-C,58.07,0.0135,33.0,3,1552470931640,16531806,775
2019-03-13 09:55:31.640,17.0,sell,3851.17,BTC-28JUN19-6000-C,58.07,0.0135,17.0,3,1552470931640,16531805,774
2019-03-13 09:57:13.581,24.0,sell,3850.04,BTC-28JUN19-6000-C,58.09,0.0135,24.0,3,1552471033581,16531854,778
2019-03-13 09:57:13.581,31.0,sell,3850.04,BTC-28JUN19-6000-C,58.09,0.0135,31.0,3,1552471033581,16531852,776
2019-03-13 09:57:13.581,20.0,sell,3850.04,BTC-28JUN19-6000-C,58.09,0.0135,20.0,3,1552471033581,16531853,777
2019-03-13 09:57:58.511,8.0,sell,3850.04,BTC-28JUN19-6000-C,58.07,0.0135,8.0,3,1552471078511,16531877,782
2019-03-13 09:57:58.511,10.0,sell,3850.04,BTC-28JUN19-6000-C,58.07,0.0135,10.0,3,1552471078511,16531875,780
2019-03-13 09:57:58.511,40.0,sell,3850.04,BTC-28JUN19-6000-C,58.07,0.0135,40.0,3,1552471078511,16531878,783
2019-03-13 09:57:58.511,16.0,sell,3850.04,BTC-28JUN19-6000-C,58.07,0.0135,16.0,3,1552471078511,16531874,779
2019-03-13 09:57:58.511,1.0,sell,3850.04,BTC-28JUN19-6000-C,58.07,0.0135,1.0,3,1552471078511,16531876,781
2019-03-13 09:58:11.963,0.2,sell,3849.82,BTC-28JUN19-6000-C,57.56,0.013000000000000001,0.2,2,1552471091963,16531884,784
2019-03-13 15:17:50.489,4.0,buy,3846.68,BTC-28JUN19-6000-C,59.43,0.0145,4.0,0,1552490270489,16542275,785
2019-03-13 16:51:57.109,20.0,sell,3848.49,BTC-28JUN19-6000-C,58.42,0.0135,20.0,2,1552495917109,16543622,786
2019-03-13 17:09:28.060,10.0,sell,3845.95,BTC-28JUN19-6000-C,58.46,0.0135,10.0,3,1552496968060,16543681,787
2019-03-13 17:14:26.648,10.0,sell,3845.49,BTC-28JUN19-6000-C,58.46,0.0135,10.0,3,1552497266648,16543705,788
2019-03-14 08:56:30.295,0.1,buy,3846.93,BTC-28JUN19-6000-C,59.1,0.013999999999999999,0.1,0,1552553790295,16551515,789
2019-03-14 17:42:15.134,20.0,sell,3852.91,BTC-28JUN19-6000-C,58.53,0.0135,20.0,2,1552585335134,16572469,790
2019-03-14 19:07:46.145,5.0,sell,3851.23,BTC-28JUN19-6000-C,58.57,0.0135,5.0,3,1552590466145,16572900,791
2019-03-14 19:17:21.187,5.0,sell,3850.36,BTC-28JUN19-6000-C,58.57,0.0135,5.0,3,1552591041187,16572915,792
2019-03-15 02:37:38.530,10.0,sell,3861.98,BTC-28JUN19-6000-C,58.32,0.0135,10.0,3,1552617458530,16577029,793
2019-03-15 03:01:22.499,10.0,sell,3861.11,BTC-28JUN19-6000-C,58.32,0.0135,10.0,3,1552618882499,16577230,794
2019-03-15 07:09:13.817,10.0,sell,3848.52,BTC-28JUN19-6000-C,58.64,0.0135,10.0,3,1552633753817,16580022,795
2019-03-15 10:21:37.405,1.0,buy,3862.19,BTC-28JUN19-6000-C,58.95,0.013999999999999999,1.0,0,1552645297405,16583068,796
2019-03-15 10:21:37.405,9.0,buy,3862.19,BTC-28JUN19-6000-C,59.96,0.015,9.0,0,1552645297405,16583069,797
2019-03-15 10:25:57.399,4.0,buy,3862.08,BTC-28JUN19-6000-C,59.94,0.015,4.0,1,1552645557399,16583131,798
2019-03-15 19:24:24.281,0.1,buy,3901.81,BTC-28JUN19-6000-C,58.57,0.0145,0.1,2,1552677864281,16599746,799
2019-03-15 22:29:38.815,0.1,buy,3898.45,BTC-28JUN19-6000-C,58.66,0.0145,0.1,3,1552688978815,16601987,800
2019-03-15 23:23:09.359,19.9,buy,3899.9,BTC-28JUN19-6000-C,58.71,0.0145,19.9,3,1552692189359,16602460,801
2019-03-15 23:23:18.002,5.0,buy,3899.9,BTC-28JUN19-6000-C,59.21,0.015,5.0,1,1552692198002,16602462,803
2019-03-15 23:23:18.002,10.0,buy,3899.9,BTC-28JUN19-6000-C,59.21,0.015,10.0,1,1552692198002,16602463,804
2019-03-15 23:23:18.002,7.0,buy,3899.9,BTC-28JUN19-6000-C,59.21,0.015,7.0,0,1552692198002,16602461,802
2019-03-15 23:23:46.396,10.0,buy,3899.86,BTC-28JUN19-6000-C,59.7,0.0155,10.0,1,1552692226396,16602465,806
2019-03-15 23:23:46.396,12.0,buy,3899.86,BTC-28JUN19-6000-C,59.7,0.0155,12.0,0,1552692226396,16602464,805
2019-03-16 01:46:38.444,0.1,buy,3923.26,BTC-28JUN19-6000-C,59.16,0.0155,0.1,1,1552700798444,16606157,807
2019-03-16 04:16:59.650,0.1,buy,3987.59,BTC-28JUN19-6000-C,58.94,0.017,0.1,0,1552709819650,16617417,808
2019-03-16 05:47:28.964,6.3,sell,4002.87,BTC-28JUN19-6000-C,59.68,0.018000000000000002,6.3,0,1552715248964,16631681,809
2019-03-16 17:08:28.650,2.5,sell,3982.13,BTC-28JUN19-6000-C,57.24,0.015,2.5,2,1552756108650,16647279,810
2019-03-16 17:19:21.997,0.5,sell,3979.27,BTC-28JUN19-6000-C,56.87,0.0145,0.5,2,1552756761997,16647499,811
2019-03-17 00:38:33.508,12.0,buy,3961.04,BTC-28JUN19-6000-C,58.77,0.016,12.0,0,1552783113508,16652105,812
2019-03-17 00:38:43.935,17.2,buy,3959.98,BTC-28JUN19-6000-C,58.79,0.016,17.2,1,1552783123935,16652134,813
2019-03-17 00:42:39.323,12.0,buy,3962.96,BTC-28JUN19-6000-C,59.23,0.0165,12.0,0,1552783359323,16652338,814
2019-03-17 00:42:39.323,6.0,buy,3962.96,BTC-28JUN19-6000-C,59.23,0.0165,6.0,1,1552783359323,16652339,815
2019-03-17 00:43:02.189,0.9,buy,3962.05,BTC-28JUN19-6000-C,59.26,0.0165,0.9,1,1552783382189,16652353,816
2019-03-17 11:03:13.213,5.0,buy,3966.44,BTC-28JUN19-6000-C,58.36,0.0155,5.0,2,1552820593213,16661305,817
2019-03-17 11:03:13.213,5.0,buy,3966.44,BTC-28JUN19-6000-C,58.36,0.0155,5.0,3,1552820593213,16661306,818
2019-03-17 11:04:13.431,17.0,buy,3966.63,BTC-28JUN19-6000-C,58.37,0.0155,17.0,3,1552820653431,16661320,819
2019-03-17 17:42:33.053,0.1,buy,3964.23,BTC-28JUN19-6000-C,58.99,0.016,0.1,0,1552844553053,16666024,820
2019-03-17 18:47:33.385,0.2,sell,3966.63,BTC-28JUN19-6000-C,58.04,0.015,0.2,2,1552848453385,16666317,821
2019-03-17 21:24:40.719,4.8,sell,3976.7,BTC-28JUN19-6000-C,57.91,0.015,4.8,3,1552857880719,16667048,822
2019-03-18 05:33:07.039,10.0,sell,3973.28,BTC-28JUN19-6000-C,57.34,0.0145,10.0,2,1552887187039,16678608,823
2019-03-18 06:44:01.319,3.0,buy,3957.71,BTC-28JUN19-6000-C,58.31,0.015,3.0,0,1552891441319,16682841,824
2019-03-18 11:02:38.672,10.0,sell,3952.95,BTC-28JUN19-6000-C,57.56,0.013999999999999999,10.0,2,1552906958672,16686887,825
2019-03-18 13:52:53.854,5.0,buy,3965.26,BTC-28JUN19-6000-C,57.76,0.0145,5.0,0,1552917173854,16690009,826
2019-03-18 13:56:03.379,5.0,buy,3965.43,BTC-28JUN19-6000-C,57.75,0.0145,5.0,1,1552917363379,16690031,827
2019-03-18 13:57:21.274,10.0,buy,3965.29,BTC-28JUN19-6000-C,58.24,0.015,10.0,0,1552917441274,16690034,828
2019-03-18 16:35:38.811,2.0,buy,3966.34,BTC-28JUN19-6000-C,58.33,0.015,2.0,1,1552926938811,16691782,829
2019-03-19 00:06:25.783,10.0,sell,3969.41,BTC-28JUN19-6000-C,56.73,0.0135,10.0,2,1552953985783,16695112,830
2019-03-19 00:45:27.229,5.0,sell,3981.26,BTC-28JUN19-6000-C,56.02,0.013000000000000001,5.0,2,1552956327229,16695774,831
2019-03-19 00:46:01.932,5.0,sell,3981.26,BTC-28JUN19-6000-C,56.02,0.013000000000000001,5.0,3,1552956361932,16695780,832
2019-03-19 04:56:21.252,10.0,sell,3952.41,BTC-28JUN19-6000-C,56.68,0.013000000000000001,10.0,3,1552971381252,16698811,833
2019-03-19 04:57:02.580,9.0,sell,3952.1,BTC-28JUN19-6000-C,56.69,0.013000000000000001,9.0,3,1552971422580,16698832,834
2019-03-20 07:56:11.398,0.7000000000000001,sell,3988.17,BTC-28JUN19-6000-C,55.61,0.0125,0.7000000000000001,2,1553068571398,16726638,835
2019-03-20 14:54:51.497,0.2,sell,3999.66,BTC-28JUN19-6000-C,55.43,0.0125,0.2,3,1553093691497,16732948,836
2019-03-20 19:54:22.918,1.5,buy,4013.04,BTC-28JUN19-6000-C,56.28,0.0135,1.5,0,1553111662918,16738827,837
2019-03-20 20:43:27.390,0.5,buy,4011.45,BTC-28JUN19-6000-C,56.43,0.0135,0.5,1,1553114607390,16739408,838
2019-03-20 21:40:09.831,2.4,buy,4012.25,BTC-28JUN19-6000-C,56.38,0.0135,2.4,1,1553118009831,16739691,839
2019-03-21 14:48:38.909,10.0,sell,3979.98,BTC-28JUN19-6000-C,56.98,0.013000000000000001,10.0,2,1553179718909,16760418,840
2019-03-21 14:49:05.275,10.0,sell,3975.86,BTC-28JUN19-6000-C,57.05,0.013000000000000001,10.0,3,1553179745275,16760529,841
2019-03-21 14:49:12.291,10.0,sell,3974.75,BTC-28JUN19-6000-C,57.09,0.013000000000000001,10.0,3,1553179752291,16760536,842
2019-03-21 14:49:16.019,10.0,sell,3974.24,BTC-28JUN19-6000-C,57.11,0.013000000000000001,10.0,3,1553179756019,16760543,843
2019-03-21 14:49:23.228,10.0,sell,3974.04,BTC-28JUN19-6000-C,57.12,0.013000000000000001,10.0,3,1553179763228,16760553,844
2019-03-21 14:58:11.359,9.1,sell,3945.32,BTC-28JUN19-6000-C,57.34,0.0125,9.1,2,1553180291359,16762090,845
2019-03-22 04:16:38.152,0.1,sell,3972.07,BTC-28JUN19-6000-C,56.27,0.012,0.1,2,1553228198152,16773896,846
2019-03-22 19:13:39.382,0.5,buy,3994.06,BTC-28JUN19-6000-C,56.51,0.0125,0.5,0,1553282019382,16781055,847
2019-03-23 10:44:38.718,9.9,sell,3976.4,BTC-28JUN19-6000-C,56.29,0.012,9.9,2,1553337878718,16791122,848
2019-03-23 10:46:47.232,0.1,buy,3976.18,BTC-28JUN19-6000-C,56.3,0.012,0.1,3,1553338007232,16791134,849
2019-03-23 23:06:59.809,4.0,buy,3978.48,BTC-28JUN19-6000-C,57.61,0.013000000000000001,4.0,0,1553382419809,16795909,850
2019-03-24 00:13:09.344,0.1,sell,3977.27,BTC-28JUN19-6000-C,56.45,0.012,0.1,2,1553386389344,16796613,851
2019-03-24 07:52:23.369,1.9,buy,3961.35,BTC-28JUN19-6000-C,58.03,0.013,1.9,0,1553413943369,16799309,852
2019-03-24 19:34:22.458,9.9,sell,3961.19,BTC-28JUN19-6000-C,56.52,0.0115,9.9,2,1553456062458,16803024,853
2019-03-24 19:35:18.347,5.1000000000000005,sell,3961.19,BTC-28JUN19-6000-C,56.52,0.0115,5.1000000000000005,3,1553456118347,16803027,854
2019-03-24 19:36:15.615,4.0,sell,3961.19,BTC-28JUN19-6000-C,56.52,0.0115,4.0,3,1553456175615,16803028,855
2019-03-24 19:36:54.350,1.0,sell,3961.19,BTC-28JUN19-6000-C,56.52,0.0115,1.0,3,1553456214350,16803029,856
2019-03-24 19:36:54.350,4.0,sell,3961.19,BTC-28JUN19-6000-C,56.52,0.0115,4.0,3,1553456214350,16803030,857
2019-03-24 20:23:15.836,0.1,sell,3956.5,BTC-28JUN19-6000-C,56.58,0.0115,0.1,3,1553458995836,16803288,858
2019-03-25 03:02:34.281,0.1,buy,3974.3,BTC-28JUN19-6000-C,57.44,0.0125,0.1,0,1553482954281,16807690,859
2019-03-25 09:34:42.890,5.9,sell,3970.36,BTC-28JUN19-6000-C,56.46,0.0115,5.9,2,1553506482890,16809549,860
2019-03-25 18:24:30.524,0.2,sell,3933.21,BTC-28JUN19-6000-C,56.4,0.0105,0.2,2,1553538270524,16817279,861
2019-03-25 18:50:39.403,6.9,buy,3907.58,BTC-28JUN19-6000-C,57.56,0.011000000000000001,6.9,0,1553539839403,16819215,862
2019-03-25 18:56:33.932,0.1,sell,3907.57,BTC-28JUN19-6000-C,56.96,0.0105,0.1,2,1553540193932,16819411,863
2019-03-25 22:57:42.450,9.7,sell,3903.23,BTC-28JUN19-6000-C,57.12,0.0105,9.7,3,1553554662450,16829301,864
2019-03-26 02:08:06.186,0.1,buy,3914.23,BTC-28JUN19-6000-C,57.56,0.011,0.1,0,1553566086186,16831580,865
2019-03-27 00:21:42.657,3.0,sell,3915.11,BTC-28JUN19-6000-C,56.8,0.01,3.0,2,1553646102657,16843357,866
2019-03-27 01:19:52.558,0.2,buy,3948.09,BTC-28JUN19-6000-C,57.05,0.011,0.2,0,1553649592558,16847173,867
2019-03-27 04:06:42.494,10.0,buy,3981.29,BTC-28JUN19-6000-C,56.37,0.011,10.0,1,1553659602494,16852327,868
2019-03-27 04:07:16.905,10.0,buy,3981.09,BTC-28JUN19-6000-C,56.95,0.0115,10.0,0,1553659636905,16852353,869
2019-03-28 04:37:52.707,10.0,sell,3996.47,BTC-28JUN19-6000-C,56.25,0.011,10.0,2,1553747872707,16920025,870
2019-03-28 09:55:30.806,5.0,sell,4008.99,BTC-28JUN19-6000-C,55.36,0.0105,5.0,2,1553766930806,16923468,871
2019-03-28 12:18:22.818,15.0,buy,4003.44,BTC-28JUN19-6000-C,56.13,0.011,15.0,0,1553775502818,16924786,872
2019-03-28 17:36:09.665,2.0,buy,4009.76,BTC-28JUN19-6000-C,56.67,0.0115,2.0,0,1553794569665,16927390,873
2019-03-28 17:36:09.665,15.0,buy,4009.76,BTC-28JUN19-6000-C,56.67,0.0115,15.0,1,1553794569665,16927391,874
2019-03-28 17:36:09.665,10.0,buy,4009.76,BTC-28JUN19-6000-C,56.67,0.0115,10.0,1,1553794569665,16927392,875
2019-03-29 03:42:17.589,1.0,buy,4026.44,BTC-28JUN19-6000-C,56.34,0.0115,1.0,1,1553830937589,16932481,876
2019-03-29 04:41:47.929,2.0,buy,4040.3,BTC-28JUN19-6000-C,56.53,0.012,2.0,0,1553834507929,16935007,877
2019-03-29 09:38:37.317,10.0,buy,4063.2,BTC-28JUN19-6000-C,55.44,0.0115,10.0,2,1553852317317,16945851,878
2019-03-29 10:33:38.389,10.0,buy,4093.95,BTC-28JUN19-6000-C,55.94,0.0125,10.0,0,1553855618389,16949343,879
2019-03-29 10:34:23.138,5.5,buy,4093.22,BTC-28JUN19-6000-C,56.47,0.013,5.5,0,1553855663138,16950885,880
2019-03-29 10:34:23.290,4.5,buy,4093.22,BTC-28JUN19-6000-C,56.47,0.013,4.5,1,1553855663290,16950896,881
2019-03-29 10:34:23.838,6.6000000000000005,buy,4093.22,BTC-28JUN19-6000-C,56.47,0.013,6.6000000000000005,1,1553855663838,16950939,882
2019-03-29 10:34:24.169,1.5,buy,4093.83,BTC-28JUN19-6000-C,56.47,0.013,1.5,1,1553855664169,16950958,884
2019-03-29 10:34:24.169,3.4,buy,4093.83,BTC-28JUN19-6000-C,56.47,0.013,3.4,1,1553855664169,16950957,883
2019-03-29 10:34:24.338,2.1,buy,4093.83,BTC-28JUN19-6000-C,57.01,0.0135,2.1,0,1553855664338,16950976,886
2019-03-29 10:34:24.338,0.5,buy,4093.83,BTC-28JUN19-6000-C,56.47,0.013,0.5,1,1553855664338,16950975,885
2019-03-29 10:34:24.496,7.4,buy,4093.83,BTC-28JUN19-6000-C,56.99,0.0135,7.4,1,1553855664496,16950991,887
2019-03-29 10:34:25.286,6.1000000000000005,buy,4094.21,BTC-28JUN19-6000-C,56.45,0.013,6.1000000000000005,2,1553855665286,16951046,888
2019-03-29 10:34:25.640,1.3,buy,4094.21,BTC-28JUN19-6000-C,56.98,0.0135,1.3,0,1553855665640,16951072,889
2019-03-29 10:34:25.809,10.9,buy,4094.21,BTC-28JUN19-6000-C,56.98,0.0135,10.9,1,1553855665809,16951091,890
2019-03-29 10:34:25.966,15.9,buy,4094.22,BTC-28JUN19-6000-C,56.99,0.0135,15.9,1,1553855665966,16951109,891
2019-03-29 10:34:28.950,6.5,buy,4094.22,BTC-28JUN19-6000-C,56.99,0.0135,6.5,1,1553855668950,16951166,892
2019-03-29 10:34:29.358,3.8,buy,4094.56,BTC-28JUN19-6000-C,56.99,0.0135,3.8,1,1553855669358,16951167,893
2019-03-29 10:34:29.854,1.1,buy,4094.56,BTC-28JUN19-6000-C,56.99,0.0135,1.1,1,1553855669854,16951168,894
2019-03-29 13:23:38.853,0.5,sell,4080.45,BTC-28JUN19-6000-C,54.89,0.0115,0.5,2,1553865818853,16958076,895
2019-03-29 14:04:49.766,0.5,buy,4079.7,BTC-28JUN19-6000-C,55.51,0.012,0.5,0,1553868289766,16958532,896
2019-03-29 14:04:49.766,0.5,buy,4079.7,BTC-28JUN19-6000-C,56.07,0.0125,0.5,0,1553868289766,16958533,897
2019-03-29 14:39:44.950,0.5,buy,4074.16,BTC-28JUN19-6000-C,56.82,0.013,0.5,0,1553870384950,16958948,898
2019-03-29 17:20:01.497,1.0,buy,4081.41,BTC-28JUN19-6000-C,56.58,0.013,1.0,1,1553880001497,16960293,899
2019-03-29 20:12:26.487,10.0,buy,4079.94,BTC-28JUN19-6000-C,56.64,0.013,10.0,1,1553890346487,16961605,900
2019-03-30 00:43:54.758,1.0,sell,4118.19,BTC-28JUN19-6000-C,55.34,0.0125,1.0,2,1553906634758,16965129,901
2019-03-31 15:32:51.854,21.6,buy,4093.75,BTC-28JUN19-6000-C,57.48,0.0135,21.6,1,1554046371854,16989693,903
2019-03-31 15:32:51.854,40.0,buy,4093.75,BTC-28JUN19-6000-C,57.48,0.0135,40.0,0,1554046371854,16989692,902
2019-04-01 02:37:09.795,3.0,sell,4122.25,BTC-28JUN19-6000-C,57.09,0.0135,3.0,1,1554086229795,16999252,904
2019-04-01 02:37:09.795,2.0,sell,4122.25,BTC-28JUN19-6000-C,57.09,0.0135,2.0,1,1554086229795,16999253,905
2019-04-01 05:39:08.462,10.0,sell,4118.74,BTC-28JUN19-6000-C,56.63,0.013,10.0,2,1554097148462,17001009,906
2019-04-01 07:21:22.830,15.0,sell,4119.31,BTC-28JUN19-6000-C,56.65,0.013,15.0,3,1554103282830,17001711,907
2019-04-01 07:27:52.342,0.2,sell,4120.42,BTC-28JUN19-6000-C,56.63,0.013,0.2,3,1554103672342,17001853,908
2019-04-01 16:57:50.285,1.0,buy,4141.53,BTC-28JUN19-6000-C,57.0,0.0135,1.0,0,1554137870285,17008956,909
2019-04-01 17:49:57.893,1.0,sell,4132.92,BTC-28JUN19-6000-C,56.63,0.013,1.0,2,1554140997893,17009477,910
2019-04-01 22:26:26.782,5.0,sell,4135.14,BTC-28JUN19-6000-C,56.68,0.013,5.0,3,1554157586782,17011421,911
2019-04-02 02:39:17.221,9.0,buy,4175.25,BTC-28JUN19-6000-C,56.18,0.0135,9.0,0,1554172757221,17016903,912
2019-04-02 02:50:45.356,3.0,sell,4176.02,BTC-28JUN19-6000-C,55.68,0.013,3.0,2,1554173445356,17016994,913
2019-04-02 04:53:56.728,3.8,buy,4754.98,BTC-28JUN19-6000-C,49.78,0.0245,3.8,0,1554180836728,17039298,914
2019-04-02 04:53:56.960,6.7,buy,4754.98,BTC-28JUN19-6000-C,49.78,0.0245,6.7,1,1554180836960,17039319,915
2019-04-02 04:55:24.062,1.0,buy,4763.37,BTC-28JUN19-6000-C,52.13,0.028,1.0,0,1554180924062,17041493,916
2019-04-02 05:14:17.260,100.0,buy,4727.25,BTC-28JUN19-6000-C,53.54,0.028,100.0,1,1554182057260,17051469,918
2019-04-02 05:14:17.260,9.0,buy,4727.25,BTC-28JUN19-6000-C,53.54,0.028,9.0,1,1554182057260,17051468,917
2019-04-02 05:17:11.720,100.0,buy,4793.19,BTC-28JUN19-6000-C,52.47,0.029,100.0,0,1554182231720,17053544,919
2019-04-02 05:19:50.645,100.0,buy,4939.04,BTC-28JUN19-6000-C,50.66,0.033,100.0,0,1554182390645,17057265,920
2019-04-02 05:20:03.848,1.0,buy,4972.36,BTC-28JUN19-6000-C,50.6,0.0345,1.0,0,1554182403848,17057578,921
2019-04-02 05:21:40.607,100.0,buy,5022.38,BTC-28JUN19-6000-C,50.65,0.038,100.0,0,1554182500607,17059278,922
2019-04-02 05:22:43.506,0.5,buy,5053.09,BTC-28JUN19-6000-C,48.31,0.038,0.5,1,1554182563506,17060597,923
2019-04-02 05:23:29.295,3.0,buy,5067.16,BTC-28JUN19-6000-C,48.92,0.038,3.0,1,1554182609295,17061420,924
2019-04-02 05:23:48.499,81.5,buy,5068.42,BTC-28JUN19-6000-C,49.3,0.038,81.5,1,1554182628499,17061726,925
2019-04-02 05:24:51.950,10.0,buy,5008.47,BTC-28JUN19-6000-C,52.03,0.039,10.0,0,1554182691950,17062847,926
2019-04-02 05:25:07.084,0.5,buy,5000.76,BTC-28JUN19-6000-C,52.86,0.04,0.5,0,1554182707084,17063043,927
2019-04-02 05:45:05.640,1.2,sell,4826.42,BTC-28JUN19-6000-C,50.26,0.028,1.2,2,1554183905640,17071830,928
2019-04-02 05:48:41.526,0.5,buy,4863.98,BTC-28JUN19-6000-C,56.83,0.04,0.5,1,1554184121526,17072458,930
2019-04-02 05:48:41.526,0.2,buy,4863.98,BTC-28JUN19-6000-C,56.83,0.04,0.2,0,1554184121526,17072457,929
2019-04-02 06:01:28.032,0.1,buy,4742.67,BTC-28JUN19-6000-C,55.18,0.032,0.1,2,1554184888032,17076177,931
2019-04-02 06:22:20.885,3.0,sell,4703.31,BTC-28JUN19-6000-C,53.94,0.0285,3.0,2,1554186140885,17083066,932
2019-04-02 06:40:21.751,0.1,buy,4676.93,BTC-28JUN19-6000-C,60.18,0.037000000000000005,0.1,0,1554187221751,17086020,933
2019-04-02 07:36:01.798,4.0,sell,4683.64,BTC-28JUN19-6000-C,54.52,0.0285,4.0,2,1554190561798,17092352,934
2019-04-02 12:49:16.775,1.0,buy,4799.66,BTC-28JUN19-6000-C,58.56,0.0395,1.0,0,1554209356775,17110347,935
2019-04-02 16:25:06.593,4.0,sell,4732.9,BTC-28JUN19-6000-C,58.76,0.037000000000000005,4.0,2,1554222306593,17122528,936
2019-04-02 18:23:35.781,3.0,sell,4728.59,BTC-28JUN19-6000-C,58.1,0.0355,3.0,2,1554229415781,17126434,937
2019-04-02 18:37:03.290,0.1,sell,4733.25,BTC-28JUN19-6000-C,57.29,0.0345,0.1,2,1554230223290,17126608,938
2019-04-02 20:41:18.953,0.6,buy,4802.52,BTC-28JUN19-6000-C,57.11,0.037000000000000005,0.6,0,1554237678953,17135087,939
2019-04-02 22:28:10.845,2.0,buy,4821.02,BTC-28JUN19-6000-C,56.9,0.0375,2.0,0,1554244090845,17140542,940
2019-04-02 22:28:39.087,6.0,buy,4820.7,BTC-28JUN19-6000-C,56.9,0.0375,6.0,1,1554244119087,17140544,941
2019-04-02 22:35:52.517,2.0,buy,4818.72,BTC-28JUN19-6000-C,56.96,0.0375,2.0,1,1554244552517,17140668,942
2019-04-02 23:01:52.653,1.0,buy,4834.04,BTC-28JUN19-6000-C,56.55,0.0375,1.0,1,1554246112653,17141332,943
2019-04-02 23:18:12.420,0.1,buy,4898.63,BTC-28JUN19-6000-C,56.05,0.0395,0.1,0,1554247092420,17144922,944
2019-04-02 23:18:12.420,1.0,buy,4898.63,BTC-28JUN19-6000-C,56.05,0.0395,1.0,1,1554247092420,17144923,945
2019-04-02 23:19:56.264,2.0,buy,4897.43,BTC-28JUN19-6000-C,60.05,0.046,2.0,0,1554247196264,17146304,946
2019-04-03 00:43:19.688,0.7000000000000001,buy,4961.51,BTC-28JUN19-6000-C,59.98,0.049,0.7000000000000001,0,1554252199688,17160981,947
2019-04-03 01:54:07.520,9.3,buy,4984.52,BTC-28JUN19-6000-C,59.26,0.049,9.3,1,1554256447520,17166247,948
2019-04-03 01:55:11.686,1.0,buy,4982.33,BTC-28JUN19-6000-C,59.68,0.0495,1.0,0,1554256511686,17166338,949
2019-04-03 01:56:29.830,2.5,buy,4981.96,BTC-28JUN19-6000-C,59.93,0.05,2.5,1,1554256589830,17166365,951
2019-04-03 01:56:29.830,0.5,buy,4981.96,BTC-28JUN19-6000-C,59.93,0.05,0.5,0,1554256589830,17166364,950
2019-04-03 01:57:57.500,6.0,buy,4984.12,BTC-28JUN19-6000-C,60.97,0.052000000000000005,6.0,0,1554256677500,17166407,952
2019-04-03 02:03:49.959,0.6,buy,4976.1,BTC-28JUN19-6000-C,60.95,0.0515,0.6,2,1554257029959,17166723,953
2019-04-03 02:03:49.959,1.4,buy,4976.1,BTC-28JUN19-6000-C,60.95,0.0515,1.4,3,1554257029959,17166724,954
2019-04-03 02:25:21.226,1.0,sell,5014.71,BTC-28JUN19-6000-C,62.92,0.057,1.0,0,1554258321226,17169160,955
2019-04-03 06:25:04.383,1.0,buy,4960.33,BTC-28JUN19-6000-C,60.27,0.05,1.0,2,1554272704383,17189553,956
2019-04-03 06:25:06.233,1.0,buy,4960.5,BTC-28JUN19-6000-C,60.26,0.05,1.0,3,1554272706233,17189554,957
2019-04-03 08:06:26.986,4.0,sell,4942.34,BTC-28JUN19-6000-C,63.06,0.0535,4.0,0,1554278786986,17191538,958
2019-04-03 08:30:36.835,0.1,sell,4932.19,BTC-28JUN19-6000-C,59.14,0.0465,0.1,2,1554280236835,17192129,959
2019-04-03 12:14:21.146,0.1,buy,5001.04,BTC-28JUN19-6000-C,59.97,0.0515,0.1,0,1554293661146,17195624,960
2019-04-03 12:22:58.078,0.9,buy,5013.02,BTC-28JUN19-6000-C,60.0,0.052000000000000005,0.9,0,1554294178078,17197702,961
2019-04-03 13:06:09.024,0.1,buy,5018.82,BTC-28JUN19-6000-C,60.02,0.052000000000000005,0.1,1,1554296769024,17199676,963
2019-04-03 13:06:09.024,1.1,buy,5018.82,BTC-28JUN19-6000-C,60.02,0.052000000000000005,1.1,1,1554296769024,17199675,962
2019-04-03 13:06:51.008,1.0,buy,5011.09,BTC-28JUN19-6000-C,62.02,0.055,1.0,0,1554296811008,17199696,964
2019-04-03 13:06:51.008,5.0,buy,5011.09,BTC-28JUN19-6000-C,62.88,0.0565,5.0,0,1554296811008,17199699,967
2019-04-03 13:06:51.008,1.0,buy,5011.09,BTC-28JUN19-6000-C,62.59,0.056,1.0,1,1554296811008,17199698,966
2019-04-03 13:06:51.008,3.0,buy,5011.09,BTC-28JUN19-6000-C,62.59,0.056,3.0,0,1554296811008,17199697,965
2019-04-03 16:10:10.510,5.2,buy,5135.44,BTC-28JUN19-6000-C,59.8,0.0585,5.2,0,1554307810510,17207888,968
2019-04-03 16:10:10.707,0.7000000000000001,buy,5135.44,BTC-28JUN19-6000-C,59.8,0.0585,0.7000000000000001,1,1554307810707,17207890,969
2019-04-03 16:10:15.244,0.5,buy,5137.2,BTC-28JUN19-6000-C,59.76,0.0585,0.5,1,1554307815244,17207947,970
2019-04-03 16:13:49.790,1.0,buy,5090.09,BTC-28JUN19-6000-C,61.19,0.0585,1.0,1,1554308029790,17209750,971
2019-04-03 16:56:04.794,2.0,sell,5122.15,BTC-28JUN19-6000-C,59.57,0.057,2.0,3,1554310564794,17214596,973
2019-04-03 16:56:04.794,10.0,sell,5122.15,BTC-28JUN19-6000-C,59.57,0.057,10.0,2,1554310564794,17214595,972
2019-04-03 17:02:05.954,5.0,buy,5150.38,BTC-28JUN19-6000-C,62.03,0.063,5.0,0,1554310925954,17215052,974
2019-04-03 17:02:40.842,5.0,buy,5164.96,BTC-28JUN19-6000-C,61.4,0.063,5.0,1,1554310960842,17215327,975
2019-04-03 17:51:33.946,1.5,buy,5149.72,BTC-28JUN19-6000-C,65.24,0.0685,1.5,0,1554313893946,17220824,976
2019-04-03 18:18:12.267,2.5,sell,5132.66,BTC-28JUN19-6000-C,61.19,0.06,2.5,2,1554315492267,17221877,977
2019-04-03 19:29:45.039,0.1,sell,5170.9,BTC-28JUN19-6000-C,61.35,0.063,0.1,0,1554319785039,17226256,978
2019-04-03 19:47:18.645,0.5,sell,5142.43,BTC-28JUN19-6000-C,62.86,0.064,0.5,0,1554320838645,17227099,979
2019-04-03 19:49:07.538,1.0,buy,5140.81,BTC-28JUN19-6000-C,65.88,0.0695,1.0,0,1554320947538,17227159,980
2019-04-03 20:05:22.835,1.0,buy,5159.56,BTC-28JUN19-6000-C,66.39,0.0715,1.0,0,1554321922835,17228027,981
2019-04-03 20:15:26.627,2.0,buy,5238.45,BTC-28JUN19-6000-C,64.27,0.0725,2.0,0,1554322526627,17229903,982
2019-04-03 20:23:33.479,0.1,buy,5305.52,BTC-28JUN19-6000-C,63.45,0.075,0.1,1,1554323013479,17233072,984
2019-04-03 20:23:33.479,5.0,buy,5305.52,BTC-28JUN19-6000-C,63.45,0.075,5.0,0,1554323013479,17233071,983
2019-04-03 20:23:33.530,0.1,buy,5305.52,BTC-28JUN19-6000-C,63.45,0.075,0.1,1,1554323013530,17233073,985
2019-04-03 20:23:34.159,0.1,buy,5306.1,BTC-28JUN19-6000-C,63.44,0.075,0.1,1,1554323014159,17233085,986
2019-04-03 20:23:34.185,0.1,buy,5306.1,BTC-28JUN19-6000-C,63.44,0.075,0.1,1,1554323014185,17233086,987
2019-04-03 20:23:35.234,0.6,buy,5307.07,BTC-28JUN19-6000-C,63.38,0.075,0.6,1,1554323015234,17233109,988
2019-04-03 20:25:00.624,0.4,sell,5285.19,BTC-28JUN19-6000-C,60.88,0.0685,0.4,2,1554323100624,17234009,989
2019-04-03 20:48:48.028,8.5,buy,5258.67,BTC-28JUN19-6000-C,64.84,0.0745,8.5,0,1554324528028,17237126,990
2019-04-03 20:52:30.061,0.2,buy,5282.72,BTC-28JUN19-6000-C,65.37,0.077,0.2,0,1554324750061,17237400,991
2019-04-03 20:58:35.532,0.8,buy,5294.48,BTC-28JUN19-6000-C,65.21,0.077,0.8,1,1554325115532,17237930,992
2019-04-03 21:04:04.560,1.6,buy,5320.29,BTC-28JUN19-6000-C,65.98,0.08,1.6,0,1554325444560,17238938,993
2019-04-03 21:07:24.459,1.0,sell,5293.45,BTC-28JUN19-6000-C,66.98,0.08,1.0,1,1554325644459,17239556,994
2019-04-03 21:15:59.811,5.5,buy,5282.23,BTC-28JUN19-6000-C,65.69,0.077,5.5,2,1554326159811,17240456,995
2019-04-03 21:16:03.587,0.2,buy,5282.17,BTC-28JUN19-6000-C,65.68,0.077,0.2,3,1554326163587,17240464,996
2019-04-03 21:16:03.794,0.2,buy,5282.17,BTC-28JUN19-6000-C,65.68,0.077,0.2,3,1554326163794,17240471,997
2019-04-03 21:22:43.885,8.5,sell,5293.78,BTC-28JUN19-6000-C,64.0,0.0745,8.5,2,1554326563885,17240775,998
2019-04-03 21:49:31.009,1.0,sell,5268.01,BTC-28JUN19-6000-C,63.19,0.07200000000000001,1.0,2,1554328171009,17243581,999
2019-04-03 22:52:59.589,0.1,buy,5101.42,BTC-28JUN19-6000-C,63.75,0.063,0.1,2,1554331979589,17256742,1000
2019-04-03 23:04:01.641,0.1,sell,5028.13,BTC-28JUN19-6000-C,63.06,0.0585,0.1,2,1554332641641,17259750,1001
2019-04-03 23:06:25.423,0.1,sell,4873.74,BTC-28JUN19-6000-C,65.66,0.055,0.1,2,1554332785423,17262640,1002
2019-04-03 23:16:41.337,5.5,buy,4922.93,BTC-28JUN19-6000-C,71.66,0.0675,5.5,0,1554333401337,17268555,1003
2019-04-04 10:10:40.401,0.5,sell,4993.44,BTC-28JUN19-6000-C,68.07,0.064,0.5,2,1554372640401,17300349,1004
2019-04-04 13:27:10.251,5.0,sell,4999.19,BTC-28JUN19-6000-C,67.25,0.063,5.0,2,1554384430251,17308199,1005
2019-04-04 13:28:23.753,5.0,buy,5005.54,BTC-28JUN19-6000-C,66.98,0.063,5.0,3,1554384503753,17308250,1006
2019-04-04 14:02:14.856,2.0,sell,5013.01,BTC-28JUN19-6000-C,66.62,0.0625,2.0,2,1554386534856,17308995,1007
2019-04-04 14:43:00.719,10.0,sell,4998.49,BTC-28JUN19-6000-C,66.97,0.0625,10.0,3,1554388980719,17310741,1009
2019-04-04 14:43:00.719,3.0,sell,4998.49,BTC-28JUN19-6000-C,66.97,0.0625,3.0,3,1554388980719,17310740,1008
2019-04-04 14:48:05.911,5.0,sell,4999.89,BTC-28JUN19-6000-C,66.73,0.062,5.0,2,1554389285911,17311052,1010
2019-04-04 14:50:55.370,1.0,buy,5007.08,BTC-28JUN19-6000-C,67.02,0.063,1.0,0,1554389455370,17311090,1011
2019-04-04 14:52:17.126,0.5,buy,5002.75,BTC-28JUN19-6000-C,66.91,0.0625,0.5,2,1554389537126,17311101,1012
2019-04-04 15:32:26.556,5.0,sell,4971.68,BTC-28JUN19-6000-C,65.23,0.057999999999999996,5.0,2,1554391946556,17312310,1013
2019-04-04 16:30:44.705,2.7,sell,4945.4,BTC-28JUN19-6000-C,64.17,0.055,2.7,2,1554395444705,17314546,1014
2019-04-04 17:53:56.207,1.0,sell,4921.18,BTC-28JUN19-6000-C,64.82,0.055,1.0,3,1554400436207,17318380,1015
2019-04-04 18:14:07.613,6.2,sell,4845.9,BTC-28JUN19-6000-C,66.81,0.055,6.2,3,1554401647613,17321582,1016
2019-04-04 18:14:07.613,5.0,sell,4845.9,BTC-28JUN19-6000-C,66.81,0.055,5.0,3,1554401647613,17321583,1017
2019-04-04 20:07:53.238,1.0,sell,4809.16,BTC-28JUN19-6000-C,64.92,0.0495,1.0,2,1554408473238,17329978,1018
2019-04-04 20:57:33.616,4.0,sell,4842.83,BTC-28JUN19-6000-C,64.12,0.0495,4.0,3,1554411453616,17334227,1019
2019-04-05 06:47:22.157,0.1,sell,4951.51,BTC-28JUN19-6000-C,67.04,0.06,0.1,0,1554446842157,17351928,1020
2019-04-05 10:12:52.979,10.0,sell,4952.01,BTC-28JUN19-6000-C,65.19,0.0565,10.0,2,1554459172979,17357519,1021
2019-04-05 12:28:47.545,0.2,sell,4999.77,BTC-28JUN19-6000-C,64.7,0.058,0.2,0,1554467327545,17361420,1022
2019-04-05 12:32:35.065,0.7000000000000001,buy,5028.32,BTC-28JUN19-6000-C,64.98,0.06,0.7000000000000001,0,1554467555065,17362141,1023
2019-04-05 19:32:53.802,2.0,buy,5013.14,BTC-28JUN19-6000-C,65.3,0.059,2.0,2,1554492773802,17379915,1024
2019-04-06 09:32:50.872,0.1,buy,4975.15,BTC-28JUN19-6000-C,66.37,0.059000000000000004,0.1,3,1554543170872,17392260,1025
2019-04-06 09:32:50.872,0.5,buy,4975.15,BTC-28JUN19-6000-C,66.95,0.06,0.5,0,1554543170872,17392261,1026
2019-04-06 14:58:35.616,0.3,sell,5025.18,BTC-28JUN19-6000-C,64.56,0.0585,0.3,2,1554562715616,17395869,1027
2019-04-06 16:00:43.132,5.0,buy,5136.13,BTC-28JUN19-6000-C,64.46,0.065,5.0,0,1554566443132,17402233,1028
2019-04-06 21:10:44.494,1.0,sell,4971.95,BTC-28JUN19-6000-C,66.72,0.0595,1.0,2,1554585044494,17430535,1029
2019-04-07 02:56:20.877,1.0,buy,5114.0,BTC-28JUN19-6000-C,64.56,0.064,1.0,0,1554605780877,17450229,1030
2019-04-07 09:36:07.429,2.5,buy,5155.86,BTC-28JUN19-6000-C,66.65,0.0705,2.5,0,1554629767429,17462630,1031
2019-04-07 09:59:37.727,1.0,sell,5134.13,BTC-28JUN19-6000-C,64.31,0.065,1.0,2,1554631177727,17463195,1032
2019-04-07 21:18:41.426,4.2,sell,5164.93,BTC-28JUN19-6000-C,64.58,0.0665,4.2,0,1554671921426,17481685,1033
2019-04-08 01:23:46.219,1.0,sell,5276.75,BTC-28JUN19-6000-C,64.38,0.0735,1.0,0,1554686626219,17502811,1034
2019-04-08 02:09:01.472,1.0,buy,5329.34,BTC-28JUN19-6000-C,64.05,0.0765,1.0,0,1554689341472,17505112,1035
2019-04-08 02:09:13.647,10.0,buy,5341.92,BTC-28JUN19-6000-C,64.08,0.0775,10.0,0,1554689353647,17505368,1036
2019-04-08 05:32:31.485,2.0,sell,5278.54,BTC-28JUN19-6000-C,64.39,0.0735,2.0,2,1554701551485,17514309,1037
2019-04-08 05:53:55.271,88.0,buy,5283.76,BTC-28JUN19-6000-C,66.07,0.077,88.0,0,1554702835271,17514601,1038
2019-04-08 07:17:29.254,5.0,buy,5231.91,BTC-28JUN19-6000-C,68.12,0.0775,5.0,0,1554707849254,17517794,1039
2019-04-08 22:17:09.185,0.5,sell,5277.45,BTC-28JUN19-6000-C,64.65,0.0725,0.5,2,1554761829185,17545587,1040
2019-04-08 22:35:00.209,0.4,sell,5292.71,BTC-28JUN19-6000-C,64.66,0.0735,0.4,0,1554762900209,17546531,1041
2019-04-09 10:18:53.028,10.0,sell,5155.62,BTC-28JUN19-6000-C,66.14,0.068,10.0,2,1554805133028,17569200,1042
2019-04-09 15:28:30.560,9.6,sell,5221.02,BTC-28JUN19-6000-C,64.81,0.0685,9.6,0,1554823710560,17577413,1043
2019-04-10 08:53:30.860,5.0,buy,5248.96,BTC-28JUN19-6000-C,63.52,0.068,5.0,2,1554886410860,17595747,1044
2019-04-10 18:34:07.394,1.0,buy,5446.24,BTC-28JUN19-6000-C,60.55,0.075,1.0,0,1554921247394,17614953,1045
2019-04-10 18:45:22.085,0.1,sell,5403.75,BTC-28JUN19-6000-C,60.94,0.07200000000000001,0.1,2,1554921922085,17620388,1046
2019-04-10 20:02:06.522,1.0,buy,5413.98,BTC-28JUN19-6000-C,63.96,0.078,1.0,0,1554926526522,17626481,1047
2019-04-10 20:43:25.948,5.0,buy,5266.04,BTC-28JUN19-6000-C,63.78,0.069,5.0,2,1554929005948,17637310,1048
2019-04-10 20:43:25.948,0.4,buy,5266.04,BTC-28JUN19-6000-C,64.06,0.0695,0.4,0,1554929005948,17637311,1049
2019-04-10 21:27:07.509,2.0,buy,5298.05,BTC-28JUN19-6000-C,64.86,0.0725,2.0,0,1554931627509,17644118,1050
2019-04-11 02:38:12.479,7.2,sell,5301.4,BTC-28JUN19-6000-C,64.53,0.0715,7.2,2,1554950292479,17656650,1051
2019-04-11 03:53:10.392,3.0,sell,5219.74,BTC-28JUN19-6000-C,64.38,0.066,3.0,2,1554954790392,17666311,1052
2019-04-11 09:38:13.047,9.6,sell,5172.71,BTC-28JUN19-6000-C,62.36,0.0595,9.6,2,1554975493047,17675862,1053
2019-04-11 09:38:21.024,0.4,sell,5174.67,BTC-28JUN19-6000-C,62.01,0.059,0.4,2,1554975501024,17675865,1054
2019-04-11 09:49:59.970,0.6,sell,5094.87,BTC-28JUN19-6000-C,64.99,0.059,0.6,3,1554976199970,17678674,1055
2019-04-11 09:53:41.793,4.7,sell,5065.97,BTC-28JUN19-6000-C,65.16,0.0585,4.7,2,1554976421793,17681281,1056
2019-04-11 09:58:33.691,0.2,sell,5078.59,BTC-28JUN19-6000-C,61.45,0.053,0.2,2,1554976713691,17685896,1057
2019-04-11 18:42:45.297,0.1,sell,5070.71,BTC-28JUN19-6000-C,59.53,0.048,0.1,2,1555008165297,17710725,1058
2019-04-12 01:44:57.067,4.9,sell,4921.91,BTC-28JUN19-6000-C,64.23,0.048,4.9,3,1555033497067,17730801,1059
2019-04-12 08:09:52.866,0.5,buy,5035.22,BTC-28JUN19-6000-C,63.18,0.053,0.5,0,1555056592866,17741641,1060
2019-04-12 09:32:48.953,10.0,sell,5022.42,BTC-28JUN19-6000-C,61.95,0.05,10.0,2,1555061568953,17743456,1061
2019-04-12 14:47:23.463,2.0,sell,5078.47,BTC-28JUN19-6000-C,61.25,0.051,2.0,0,1555080443463,17750437,1062
2019-04-12 14:51:09.426,10.0,sell,5079.3,BTC-28JUN19-6000-C,61.24,0.051,10.0,1,1555080669426,17750460,1063
2019-04-12 16:43:37.740,0.1,buy,5081.82,BTC-28JUN19-6000-C,59.27,0.048,0.1,2,1555087417740,17752243,1064
2019-04-12 16:52:49.417,0.1,sell,5079.93,BTC-28JUN19-6000-C,58.2,0.046,0.1,2,1555087969417,17752361,1065
2019-04-12 17:06:54.912,0.1,buy,5079.56,BTC-28JUN19-6000-C,60.89,0.0505,0.1,0,1555088814912,17752480,1066
2019-04-12 17:16:54.243,6.0,buy,5080.08,BTC-28JUN19-6000-C,61.21,0.051,6.0,0,1555089414243,17752566,1067
2019-04-12 18:11:18.034,0.1,sell,5065.76,BTC-28JUN19-6000-C,58.8,0.046,0.1,2,1555092678034,17757083,1068
2019-04-12 18:13:17.215,5.5,buy,5061.14,BTC-28JUN19-6000-C,61.09,0.0495,5.5,0,1555092797215,17757131,1069
2019-04-13 02:09:45.814,0.1,sell,5074.42,BTC-28JUN19-6000-C,58.77,0.0465,0.1,2,1555121385814,17764002,1070
2019-04-13 02:09:45.814,9.9,sell,5074.42,BTC-28JUN19-6000-C,58.15,0.0455,9.9,2,1555121385814,17764003,1071
2019-04-13 21:23:35.237,3.5,sell,5061.96,BTC-28JUN19-6000-C,57.8,0.0425,3.5,2,1555190615237,17786257,1074
2019-04-13 21:23:35.237,0.5,sell,5061.96,BTC-28JUN19-6000-C,58.12,0.043,0.5,3,1555190615237,17786256,1073
2019-04-13 21:23:35.237,1.0,sell,5061.96,BTC-28JUN19-6000-C,58.12,0.043,1.0,2,1555190615237,17786255,1072
2019-04-13 21:27:45.896,1.5,sell,5062.51,BTC-28JUN19-6000-C,57.76,0.0425,1.5,3,1555190865896,17786361,1075
2019-04-14 21:19:47.841,0.1,buy,5102.76,BTC-28JUN19-6000-C,59.58,0.047,0.1,0,1555276787841,17801778,1076
2019-04-15 08:07:04.959,1.0,sell,5161.39,BTC-28JUN19-6000-C,58.5,0.0485,1.0,0,1555315624959,17815750,1077
2019-04-15 10:43:20.833,1.8,sell,5149.45,BTC-28JUN19-6000-C,58.4,0.0475,1.8,2,1555325000833,17816902,1078
2019-04-15 12:34:20.506,2.0,sell,5137.02,BTC-28JUN19-6000-C,58.5,0.047,2.0,2,1555331660506,17818740,1079
2019-04-15 13:46:25.192,2.0,sell,5141.04,BTC-28JUN19-6000-C,58.3,0.047,2.0,3,1555335985192,17819135,1080
2019-04-15 13:46:25.193,2.3000000000000003,sell,5141.04,BTC-28JUN19-6000-C,58.3,0.047,2.3000000000000003,3,1555335985193,17819136,1081
2019-04-15 13:46:25.195,3.2,sell,5141.04,BTC-28JUN19-6000-C,58.3,0.047,3.2,3,1555335985195,17819137,1082
2019-04-15 13:46:25.198,0.8,sell,5141.04,BTC-28JUN19-6000-C,58.3,0.047,0.8,3,1555335985198,17819138,1083
2019-04-15 13:46:25.203,1.7,sell,5141.04,BTC-28JUN19-6000-C,58.3,0.047,1.7,3,1555335985203,17819139,1084
2019-04-15 13:47:51.687,1.7,buy,5140.32,BTC-28JUN19-6000-C,58.39,0.047,1.7,3,1555336071687,17819160,1088
2019-04-15 13:47:51.687,1.4,buy,5140.32,BTC-28JUN19-6000-C,58.39,0.047,1.4,3,1555336071687,17819161,1089
2019-04-15 13:47:51.687,4.9,buy,5140.32,BTC-28JUN19-6000-C,58.39,0.047,4.9,3,1555336071687,17819159,1087
2019-04-15 13:47:51.687,0.3,buy,5140.32,BTC-28JUN19-6000-C,58.39,0.047,0.3,3,1555336071687,17819158,1086
2019-04-15 13:47:51.687,1.7,buy,5140.32,BTC-28JUN19-6000-C,58.39,0.047,1.7,3,1555336071687,17819157,1085
2019-04-15 13:50:27.436,1.4,buy,5140.7,BTC-28JUN19-6000-C,58.33,0.047,1.4,3,1555336227436,17819187,1094
2019-04-15 13:50:27.436,1.0,buy,5140.7,BTC-28JUN19-6000-C,58.33,0.047,1.0,3,1555336227436,17819184,1091
2019-04-15 13:50:27.436,0.3,buy,5140.7,BTC-28JUN19-6000-C,58.33,0.047,0.3,3,1555336227436,17819183,1090
2019-04-15 13:50:27.436,1.2,buy,5140.7,BTC-28JUN19-6000-C,58.33,0.047,1.2,3,1555336227436,17819186,1093
2019-04-15 13:50:27.436,2.1,buy,5140.7,BTC-28JUN19-6000-C,58.33,0.047,2.1,3,1555336227436,17819188,1095
2019-04-15 13:50:27.436,1.4,buy,5140.7,BTC-28JUN19-6000-C,58.33,0.047,1.4,3,1555336227436,17819185,1092
2019-04-15 16:58:37.575,1.0,buy,5133.34,BTC-28JUN19-6000-C,58.66,0.047,1.0,3,1555347517575,17821820,1096
2019-04-16 06:55:15.308,0.1,buy,5067.45,BTC-28JUN19-6000-C,59.8,0.0455,0.1,2,1555397715308,17853896,1097
2019-04-16 15:48:48.867,0.1,sell,5087.74,BTC-28JUN19-6000-C,58.04,0.0445,0.1,2,1555429728867,17863238,1098
2019-04-16 15:53:42.515,5.9,sell,5087.7,BTC-28JUN19-6000-C,57.69,0.044,5.9,2,1555430022515,17863361,1099
2019-04-16 15:54:42.350,9.6,sell,5087.64,BTC-28JUN19-6000-C,57.42,0.0435,9.6,2,1555430082350,17863375,1100
2019-04-16 15:54:50.621,0.1,buy,5087.34,BTC-28JUN19-6000-C,57.43,0.0435,0.1,3,1555430090621,17863384,1101
2019-04-16 15:56:19.011,0.1,buy,5079.15,BTC-28JUN19-6000-C,57.39,0.043,0.1,2,1555430179011,17863470,1102
2019-04-16 15:58:52.370,0.1,buy,5086.86,BTC-28JUN19-6000-C,57.52,0.0435,0.1,0,1555430332370,17863589,1103
2019-04-16 16:00:23.942,0.1,buy,5084.8,BTC-28JUN19-6000-C,57.54,0.0435,0.1,1,1555430423942,17863624,1104
2019-04-16 16:00:55.364,0.1,buy,5087.41,BTC-28JUN19-6000-C,57.69,0.044,0.1,0,1555430455364,17863635,1105
2019-04-16 16:02:08.580,0.1,buy,5091.69,BTC-28JUN19-6000-C,57.92,0.0445,0.1,0,1555430528580,17863681,1106
2019-04-16 17:21:11.777,0.1,buy,5108.09,BTC-28JUN19-6000-C,57.59,0.0445,0.1,1,1555435271777,17865152,1107
2019-04-16 17:21:31.254,10.3,buy,5118.05,BTC-28JUN19-6000-C,57.51,0.045,10.3,0,1555435291254,17865372,1108
2019-04-16 17:21:31.646,0.6,buy,5118.05,BTC-28JUN19-6000-C,57.51,0.045,0.6,1,1555435291646,17865395,1109
2019-04-16 17:21:32.071,0.5,buy,5118.12,BTC-28JUN19-6000-C,57.5,0.045,0.5,1,1555435292071,17865407,1110
2019-04-16 17:27:30.057,8.6,buy,5120.95,BTC-28JUN19-6000-C,57.4,0.045,8.6,1,1555435650057,17866144,1111
2019-04-16 17:29:27.704,1.0,buy,5161.83,BTC-28JUN19-6000-C,57.15,0.047,1.0,0,1555435767704,17867574,1112
2019-04-16 18:11:17.831,0.2,buy,5204.49,BTC-28JUN19-6000-C,58.44,0.051,0.2,0,1555438277831,17875705,1113
2019-04-16 18:12:09.505,0.5,buy,5204.82,BTC-28JUN19-6000-C,58.4,0.051,0.5,1,1555438329505,17875723,1114
2019-04-16 19:12:08.957,4.0,sell,5196.44,BTC-28JUN19-6000-C,56.83,0.048,4.0,2,1555441928957,17877662,1115
2019-04-16 21:01:35.013,0.2,buy,5184.91,BTC-28JUN19-6000-C,58.46,0.05,0.2,0,1555448495013,17879812,1116
2019-04-16 21:07:01.371,0.5,buy,5184.38,BTC-28JUN19-6000-C,58.51,0.05,0.5,1,1555448821371,17879885,1117
2019-04-16 21:25:09.797,1.0,buy,5196.59,BTC-28JUN19-6000-C,58.4,0.0505,1.0,0,1555449909797,17880127,1118
2019-04-16 21:32:19.130,0.3,buy,5214.96,BTC-28JUN19-6000-C,58.37,0.0515,0.3,0,1555450339130,17880452,1119
2019-04-17 00:07:08.095,1.0,sell,5211.14,BTC-28JUN19-6000-C,56.09,0.0475,1.0,2,1555459628095,17882984,1120
2019-04-17 03:30:19.071,0.2,buy,5211.13,BTC-28JUN19-6000-C,57.78,0.0505,0.2,0,1555471819071,17890594,1121
2019-04-17 03:35:35.816,0.1,buy,5218.17,BTC-28JUN19-6000-C,57.83,0.051,0.1,0,1555472135816,17890646,1122
2019-04-17 03:36:13.164,0.2,buy,5216.87,BTC-28JUN19-6000-C,57.86,0.051,0.2,1,1555472173164,17890648,1123
2019-04-17 03:36:32.322,0.2,buy,5216.94,BTC-28JUN19-6000-C,57.85,0.051,0.2,1,1555472192322,17890649,1124
2019-04-17 14:09:51.714,0.5,buy,5195.69,BTC-28JUN19-6000-C,57.88,0.0495,0.5,2,1555510191714,17902894,1125
2019-04-18 02:11:43.020,0.6,sell,5262.57,BTC-28JUN19-6000-C,57.03,0.0515,0.6,0,1555553503020,17914940,1126
2019-04-18 04:18:40.587,9.6,sell,5274.8,BTC-28JUN19-6000-C,56.5,0.051,9.6,2,1555561120587,17917261,1127
2019-04-18 09:33:57.391,1.0,buy,5249.18,BTC-28JUN19-6000-C,56.75,0.05,1.0,2,1555580037391,17921001,1128
2019-04-18 10:27:51.083,1.0,sell,5243.31,BTC-28JUN19-6000-C,56.9,0.05,1.0,3,1555583271083,17921454,1129
2019-04-18 14:13:05.845,4.4,sell,5244.48,BTC-28JUN19-6000-C,56.22,0.0485,4.4,2,1555596785845,17923263,1130
2019-04-18 14:13:23.693,4.4,sell,5246.94,BTC-28JUN19-6000-C,56.12,0.0485,4.4,3,1555596803693,17923292,1131
2019-04-18 14:30:06.139,1.3,buy,5238.66,BTC-28JUN19-6000-C,57.28,0.05,1.3,0,1555597806139,17923810,1132
2019-04-18 14:30:06.151,0.4,sell,5238.66,BTC-28JUN19-6000-C,57.28,0.05,0.4,1,1555597806151,17923811,1133
2019-04-18 14:30:49.575,0.2,buy,5238.5,BTC-28JUN19-6000-C,57.9,0.051,0.2,0,1555597849575,17923830,1134
2019-04-18 15:06:07.743,0.6,buy,5254.31,BTC-28JUN19-6000-C,57.6,0.0515,0.6,0,1555599967743,17924136,1135
2019-04-18 18:01:10.047,1.0,buy,5269.73,BTC-28JUN19-6000-C,57.49,0.052000000000000005,1.0,0,1555610470047,17930564,1136
2019-04-18 19:51:37.199,4.0,buy,5299.42,BTC-28JUN19-6000-C,56.58,0.052000000000000005,4.0,1,1555617097199,17932030,1137
2019-04-18 21:18:49.044,2.0,buy,5300.58,BTC-28JUN19-6000-C,57.14,0.053,2.0,0,1555622329044,17935869,1138
2019-04-19 01:28:10.780,0.6,buy,5272.58,BTC-28JUN19-6000-C,57.04,0.051,0.6,2,1555637290780,17939313,1139
2019-04-19 02:40:30.396,0.2,buy,5227.2,BTC-28JUN19-6000-C,57.46,0.049,0.2,2,1555641630396,17944101,1140
2019-04-19 03:11:44.357,1.5,buy,5210.75,BTC-28JUN19-6000-C,57.38,0.048,1.5,2,1555643504357,17945168,1141
2019-04-19 04:48:28.202,0.6,buy,5235.27,BTC-28JUN19-6000-C,56.71,0.0485,0.6,0,1555649308202,17946297,1142
2019-04-19 07:51:30.577,9.6,sell,5246.79,BTC-28JUN19-6000-C,56.13,0.048,9.6,2,1555660290577,17947533,1143
2019-04-19 07:51:31.402,0.4,buy,5246.79,BTC-28JUN19-6000-C,56.13,0.048,0.4,3,1555660291402,17947534,1144
2019-04-19 08:09:08.352,0.2,sell,5242.87,BTC-28JUN19-6000-C,55.68,0.047,0.2,2,1555661348352,17947766,1145
2019-04-19 10:33:54.829,0.8,buy,5247.95,BTC-28JUN19-6000-C,56.41,0.0485,0.8,0,1555670034829,17949411,1146
2019-04-19 16:25:29.865,3.0,buy,5343.04,BTC-28JUN19-6000-C,55.78,0.053,3.0,0,1555691129865,17956840,1147
2019-04-19 20:51:38.227,0.2,sell,5268.67,BTC-28JUN19-6000-C,55.49,0.048,0.2,2,1555707098227,17967482,1148
2019-04-19 22:27:37.858,0.1,sell,5259.96,BTC-28JUN19-6000-C,55.64,0.0475,0.1,2,1555712857858,17969199,1149
2019-04-20 01:00:26.810,0.2,sell,5288.08,BTC-28JUN19-6000-C,55.77,0.049,0.2,0,1555722026810,17971396,1150
2019-04-20 08:09:31.747,1.0,buy,5352.02,BTC-28JUN19-6000-C,55.75,0.0525,1.0,0,1555747771747,17978536,1151
2019-04-21 07:38:27.556,0.1,buy,5328.38,BTC-28JUN19-6000-C,56.74,0.052000000000000005,0.1,3,1555832307556,17999859,1153
2019-04-21 07:38:27.556,0.1,buy,5328.38,BTC-28JUN19-6000-C,56.74,0.052000000000000005,0.1,2,1555832307556,17999858,1152
2019-04-21 13:22:51.882,10.0,buy,5268.23,BTC-28JUN19-6000-C,56.89,0.0485,10.0,2,1555852971882,18015019,1154
2019-04-21 14:50:34.768,0.5,buy,5265.74,BTC-28JUN19-6000-C,56.87,0.0485,0.5,3,1555858234768,18016049,1155
2019-04-21 14:50:45.407,0.3,buy,5265.74,BTC-28JUN19-6000-C,56.87,0.0485,0.3,3,1555858245407,18016050,1156
2019-04-21 14:51:01.851,1.7,buy,5266.62,BTC-28JUN19-6000-C,57.17,0.049,1.7,0,1555858261851,18016051,1157
2019-04-21 14:52:49.283,1.2,buy,5270.81,BTC-28JUN19-6000-C,57.1,0.049,1.2,1,1555858369283,18016065,1159
2019-04-21 14:52:49.283,4.3,buy,5270.81,BTC-28JUN19-6000-C,57.1,0.049,4.3,1,1555858369283,18016064,1158
2019-04-21 19:06:25.998,0.2,sell,5243.18,BTC-28JUN19-6000-C,56.12,0.046,0.2,2,1555873585998,18020800,1160
2019-04-21 21:10:58.856,0.1,buy,5254.56,BTC-28JUN19-6000-C,57.19,0.048,0.1,0,1555881058856,18023196,1161
2019-04-21 21:40:44.274,0.1,buy,5282.71,BTC-28JUN19-6000-C,57.1,0.0495,0.1,0,1555882844274,18024178,1162
2019-04-22 15:40:18.616,1.0,buy,5368.98,BTC-28JUN19-6000-C,54.98,0.051,1.0,0,1555947618616,18040768,1163
2019-04-22 15:40:18.879,0.2,buy,5368.98,BTC-28JUN19-6000-C,55.29,0.0515,0.2,0,1555947618879,18040788,1164
2019-04-22 15:40:20.454,0.8,buy,5369.68,BTC-28JUN19-6000-C,55.25,0.0515,0.8,1,1555947620454,18040928,1165
2019-04-22 15:40:43.368,0.2,buy,5391.25,BTC-28JUN19-6000-C,55.02,0.053,0.2,0,1555947643368,18041804,1166
2019-04-22 15:40:49.824,3.0,buy,5393.32,BTC-28JUN19-6000-C,54.9,0.053,3.0,1,1555947649824,18042007,1167
2019-04-22 17:55:48.901,5.0,sell,5359.75,BTC-28JUN19-6000-C,56.94,0.0535,5.0,0,1555955748901,18055846,1168
2019-04-22 18:49:36.583,1.0,buy,5396.03,BTC-28JUN19-6000-C,55.96,0.054000000000000006,1.0,0,1555958976583,18059581,1169
2019-04-22 19:02:08.864,4.0,buy,5423.99,BTC-28JUN19-6000-C,54.94,0.054000000000000006,4.0,1,1555959728864,18061694,1170
2019-04-22 19:03:10.913,2.0,buy,5426.29,BTC-28JUN19-6000-C,55.48,0.055,2.0,0,1555959790913,18062454,1171
2019-04-22 19:10:44.818,1.6,sell,5392.28,BTC-28JUN19-6000-C,56.7,0.055,1.6,1,1555960244818,18063681,1172
2019-04-22 19:10:58.826,9.6,sell,5382.72,BTC-28JUN19-6000-C,57.0,0.055,9.6,1,1555960258826,18063794,1173
2019-04-22 19:11:08.423,9.6,sell,5366.19,BTC-28JUN19-6000-C,57.61,0.055,9.6,1,1555960268423,18064086,1174
2019-04-22 19:11:10.103,10.0,sell,5362.88,BTC-28JUN19-6000-C,57.86,0.055,10.0,1,1555960270103,18064130,1175
2019-04-22 19:11:11.117,9.2,sell,5362.88,BTC-28JUN19-6000-C,57.86,0.055,9.2,1,1555960271117,18064142,1176
2019-04-23 00:20:24.293,1.0,sell,5368.53,BTC-28JUN19-6000-C,57.62,0.055,1.0,1,1555978824293,18072450,1177
2019-04-23 02:25:34.321,3.0,buy,5404.16,BTC-28JUN19-6000-C,57.66,0.057,3.0,0,1555986334321,18073688,1178
2019-04-23 04:05:16.765,1.0,buy,5450.14,BTC-28JUN19-6000-C,56.99,0.0585,1.0,0,1555992316765,18077583,1179
2019-04-23 04:25:41.803,0.1,sell,5623.34,BTC-28JUN19-6000-C,58.7,0.0725,0.1,0,1555993541803,18085634,1180
2019-04-23 04:36:40.925,1.0,sell,5557.16,BTC-28JUN19-6000-C,56.59,0.0645,1.0,2,1555994200925,18091668,1181
2019-04-23 08:17:46.943,0.1,buy,5557.64,BTC-28JUN19-6000-C,59.54,0.0695,0.1,0,1556007466943,18101789,1182
2019-04-23 08:30:45.577,1.0,buy,5578.26,BTC-28JUN19-6000-C,59.15,0.07,1.0,0,1556008245577,18102624,1183
2019-04-23 10:25:33.186,0.1,sell,5550.45,BTC-28JUN19-6000-C,57.95,0.0665,0.1,2,1556015133186,18105781,1184
2019-04-23 13:51:22.631,3.0,buy,5577.31,BTC-28JUN19-6000-C,59.03,0.0695,3.0,0,1556027482631,18110975,1185
2019-04-23 15:34:14.357,2.0,sell,5562.39,BTC-28JUN19-6000-C,57.82,0.0665,2.0,2,1556033654357,18114059,1186
2019-04-23 15:41:51.583,5.0,buy,5561.52,BTC-28JUN19-6000-C,60.0,0.07,5.0,0,1556034111583,18114334,1187
2019-04-23 16:08:12.307,6.0,buy,5567.97,BTC-28JUN19-6000-C,59.83,0.07,6.0,1,1556035692307,18114840,1189
2019-04-23 16:08:12.307,4.0,buy,5567.97,BTC-28JUN19-6000-C,59.83,0.07,4.0,1,1556035692307,18114839,1188
2019-04-23 17:20:40.506,0.3,buy,5591.35,BTC-28JUN19-6000-C,59.41,0.071,0.3,0,1556040040506,18116564,1190
2019-04-23 19:58:18.200,6.0,sell,5587.79,BTC-28JUN19-6000-C,58.32,0.069,6.0,2,1556049498200,18122193,1191
2019-04-23 20:41:54.496,1.0,sell,5564.09,BTC-28JUN19-6000-C,57.79,0.0665,1.0,2,1556052114496,18123128,1192
2019-04-23 23:25:44.480,0.1,buy,5555.67,BTC-28JUN19-6000-C,60.0,0.0695,0.1,0,1556061944480,18131863,1193
2019-04-23 23:25:44.482,0.7000000000000001,sell,5555.67,BTC-28JUN19-6000-C,60.0,0.0695,0.7000000000000001,1,1556061944482,18131864,1194
2019-04-24 03:30:26.779,3.0,buy,5571.13,BTC-28JUN19-6000-C,57.86,0.0665,3.0,2,1556076626779,18141197,1195
2019-04-24 03:30:26.779,0.5,buy,5571.13,BTC-28JUN19-6000-C,57.86,0.0665,0.5,3,1556076626779,18141198,1196
2019-04-24 04:23:03.014,0.2,buy,5611.09,BTC-28JUN19-6000-C,58.65,0.07,0.2,0,1556079783014,18143450,1197
2019-04-24 06:01:46.293,0.8,buy,5621.03,BTC-28JUN19-6000-C,58.3,0.07,0.8,1,1556085706293,18146204,1198
2019-04-24 06:49:35.648,2.0,buy,5584.73,BTC-28JUN19-6000-C,58.1,0.067,2.0,2,1556088575648,18148497,1199
2019-04-24 06:54:06.086,1.0,sell,5591.46,BTC-28JUN19-6000-C,57.77,0.067,1.0,3,1556088846086,18148710,1200
2019-04-24 07:39:24.731,4.0,sell,5548.57,BTC-28JUN19-6000-C,57.83,0.0645,4.0,2,1556091564731,18150330,1201
2019-04-24 10:54:09.051,0.2,sell,5430.53,BTC-28JUN19-6000-C,60.3,0.0605,0.2,2,1556103249051,18169553,1202
2019-04-24 10:54:13.611,0.8,sell,5428.05,BTC-28JUN19-6000-C,60.4,0.0605,0.8,3,1556103253611,18169571,1203
2019-04-24 17:45:14.089,1.0,sell,5414.31,BTC-28JUN19-6000-C,58.98,0.0575,1.0,2,1556127914089,18185886,1204
2019-04-24 18:09:23.578,4.1,sell,5420.75,BTC-28JUN19-6000-C,58.04,0.055999999999999994,4.1,2,1556129363578,18188121,1205
2019-04-25 20:32:44.142,60.0,sell,5484.88,BTC-28JUN19-6000-C,56.86,0.057,60.0,0,1556224364142,18230564,1206
2019-04-25 22:02:35.503,4.0,sell,5293.77,BTC-28JUN19-6000-C,59.78,0.05,4.0,2,1556229755503,18240927,1207
2019-04-25 22:09:48.474,5.0,sell,5072.79,BTC-28JUN19-6000-C,62.27,0.04,5.0,2,1556230188474,18252290,1208
2019-04-25 22:10:14.158,0.3,sell,5053.5,BTC-28JUN19-6000-C,61.72,0.0375,0.3,2,1556230214158,18253176,1209
2019-04-25 22:10:36.800,0.7000000000000001,sell,5034.57,BTC-28JUN19-6000-C,62.83,0.0375,0.7000000000000001,3,1556230236800,18254074,1210
2019-04-25 22:10:37.225,0.3,sell,5034.57,BTC-28JUN19-6000-C,61.36,0.0355,0.3,2,1556230237225,18254096,1211
2019-04-25 22:13:36.211,0.2,sell,5043.91,BTC-28JUN19-6000-C,58.11,0.0355,0.2,3,1556230416211,18260380,1212
2019-04-25 22:17:31.088,0.2,sell,5092.05,BTC-28JUN19-6000-C,57.58,0.0355,0.2,3,1556230651088,18265806,1213
2019-04-25 22:30:55.811,0.1,buy,5105.51,BTC-28JUN19-6000-C,63.12,0.044000000000000004,0.1,0,1556231455811,18272517,1214
2019-04-25 23:01:27.862,0.2,buy,5105.14,BTC-28JUN19-6000-C,63.48,0.045,0.2,0,1556233287862,18280677,1215
2019-04-26 01:24:16.583,0.1,sell,5135.67,BTC-28JUN19-6000-C,58.42,0.0395,0.1,2,1556241856583,18293759,1216
2019-04-26 02:54:28.192,0.1,sell,5219.92,BTC-28JUN19-6000-C,60.41,0.047,0.1,0,1556247268192,18305003,1217
2019-04-26 03:13:10.974,5.0,buy,5213.56,BTC-28JUN19-6000-C,62.41,0.0495,5.0,0,1556248390974,18306796,1218
2019-04-26 04:31:02.722,0.1,sell,5191.4,BTC-28JUN19-6000-C,58.48,0.043,0.1,2,1556253062722,18310763,1219
2019-04-26 08:34:10.968,1.0,sell,5181.07,BTC-28JUN19-6000-C,58.97,0.043,1.0,3,1556267650968,18320126,1220
2019-04-26 10:53:47.954,0.2,buy,5171.71,BTC-28JUN19-6000-C,61.77,0.046,0.2,0,1556276027954,18323288,1221
2019-04-26 11:06:00.251,5.0,sell,5132.89,BTC-28JUN19-6000-C,59.62,0.040999999999999995,5.0,2,1556276760251,18324459,1222
2019-04-26 16:01:50.680,0.1,sell,5082.55,BTC-28JUN19-6000-C,61.32,0.0405,0.1,2,1556294510680,18334148,1223
2019-04-26 22:06:22.505,5.0,buy,5159.8,BTC-28JUN19-6000-C,58.54,0.040999999999999995,5.0,0,1556316382505,18350670,1224
2019-04-26 22:06:50.201,0.2,buy,5161.13,BTC-28JUN19-6000-C,58.92,0.0415,0.2,0,1556316410201,18351084,1225
2019-04-26 22:22:43.685,0.1,buy,5159.2,BTC-28JUN19-6000-C,59.13,0.0415,0.1,1,1556317363685,18352239,1226
2019-04-26 22:28:01.319,1.0,buy,5156.22,BTC-28JUN19-6000-C,59.25,0.0415,1.0,1,1556317681319,18352385,1227
2019-04-27 00:12:52.129,0.7000000000000001,buy,5160.68,BTC-28JUN19-6000-C,59.01,0.0415,0.7000000000000001,1,1556323972129,18354321,1228
2019-04-27 02:44:31.965,0.8,buy,5146.74,BTC-28JUN19-6000-C,59.95,0.0415,0.8,1,1556333071965,18355844,1229
2019-04-27 13:30:01.340,0.1,sell,5149.56,BTC-28JUN19-6000-C,58.16,0.0385,0.1,2,1556371801340,18364315,1231
2019-04-27 13:30:01.340,0.1,sell,5149.56,BTC-28JUN19-6000-C,58.51,0.039,0.1,2,1556371801340,18364314,1230
2019-04-27 20:55:10.674,10.0,buy,5202.46,BTC-28JUN19-6000-C,60.02,0.0435,10.0,0,1556398510674,18372766,1232
2019-04-27 22:59:59.592,1.0,sell,5200.3,BTC-28JUN19-6000-C,58.33,0.040999999999999995,1.0,2,1556405999592,18374424,1233
2019-04-27 23:46:18.243,0.2,sell,5164.52,BTC-28JUN19-6000-C,58.0,0.0385,0.2,2,1556408778243,18375918,1234
2019-04-28 01:29:16.025,0.1,sell,5178.94,BTC-28JUN19-6000-C,57.4,0.0385,0.1,3,1556414956025,18377469,1235
2019-04-28 07:09:38.235,1.0,buy,5172.75,BTC-28JUN19-6000-C,59.99,0.0415,1.0,0,1556435378235,18380885,1236
2019-04-28 09:41:31.374,0.1,buy,5179.66,BTC-28JUN19-6000-C,60.34,0.042,0.1,0,1556444491374,18382252,1237
2019-04-28 11:09:39.100,10.0,buy,5189.66,BTC-28JUN19-6000-C,60.0,0.0425,10.0,0,1556449779100,18383649,1238
2019-04-28 13:49:22.912,10.0,sell,5161.3,BTC-28JUN19-6000-C,60.78,0.042,10.0,2,1556459362912,18387458,1239
2019-04-28 14:09:19.063,4.8,sell,5171.98,BTC-28JUN19-6000-C,59.4,0.0405,4.8,2,1556460559063,18388396,1240
2019-04-28 18:49:51.758,0.3,buy,5166.87,BTC-28JUN19-6000-C,60.51,0.0415,0.3,0,1556477391758,18393453,1241
2019-04-28 18:50:44.294,0.1,buy,5167.21,BTC-28JUN19-6000-C,60.85,0.042,0.1,0,1556477444294,18393466,1242
2019-04-28 19:31:24.327,1.6,sell,5111.93,BTC-28JUN19-6000-C,60.51,0.0385,1.6,2,1556479884327,18396855,1243
2019-04-29 06:28:48.218,10.0,sell,5175.73,BTC-28JUN19-6000-C,60.01,0.040999999999999995,10.0,0,1556519328218,18409629,1244
2019-04-29 06:28:52.549,10.0,sell,5175.73,BTC-28JUN19-6000-C,59.66,0.0405,10.0,2,1556519332549,18409641,1245
2019-04-29 06:28:55.303,10.0,sell,5175.77,BTC-28JUN19-6000-C,59.32,0.04,10.0,2,1556519335303,18409642,1246
2019-04-29 08:34:27.697,10.0,sell,5166.22,BTC-28JUN19-6000-C,59.82,0.04,10.0,3,1556526867697,18410982,1247
2019-04-29 14:05:40.804,0.1,buy,5155.77,BTC-28JUN19-6000-C,61.75,0.042,0.1,0,1556546740804,18427358,1248
2019-04-29 15:11:26.479,10.0,sell,5154.22,BTC-28JUN19-6000-C,59.45,0.0385,10.0,2,1556550686479,18428660,1249
2019-04-29 16:58:12.407,0.4,buy,5155.72,BTC-28JUN19-6000-C,61.26,0.041,0.4,0,1556557092407,18431548,1250
2019-04-29 16:58:12.407,5.7,buy,5155.72,BTC-28JUN19-6000-C,61.26,0.041,5.7,1,1556557092407,18431549,1251
2019-04-29 17:36:55.051,0.1,buy,5169.82,BTC-28JUN19-6000-C,61.48,0.042,0.1,0,1556559415051,18431932,1252
2019-04-29 19:25:33.367,1.9,sell,5144.4,BTC-28JUN19-6000-C,59.32,0.0375,1.9,3,1556565933367,18435397,1254
2019-04-29 19:25:33.367,10.0,sell,5144.4,BTC-28JUN19-6000-C,59.32,0.0375,10.0,2,1556565933367,18435396,1253
2019-04-29 19:25:33.367,50.0,sell,5144.4,BTC-28JUN19-6000-C,59.32,0.0375,50.0,3,1556565933367,18435398,1255
2019-04-29 20:20:59.235,6.1000000000000005,sell,5137.84,BTC-28JUN19-6000-C,58.74,0.0365,6.1000000000000005,2,1556569259235,18436561,1256
2019-04-29 20:52:35.318,0.1,sell,5130.97,BTC-28JUN19-6000-C,58.7,0.036000000000000004,0.1,2,1556571155318,18437036,1257
2019-04-30 02:19:02.007,10.0,buy,5156.84,BTC-28JUN19-6000-C,59.97,0.039,10.0,0,1556590742007,18446768,1258
2019-04-30 04:03:48.470,10.0,buy,5143.08,BTC-28JUN19-6000-C,60.0,0.038,10.0,2,1556597028470,18448038,1259
2019-04-30 13:47:47.075,0.1,buy,5252.54,BTC-28JUN19-6000-C,61.1,0.045,0.1,0,1556632067075,18471085,1260
2019-04-30 15:54:41.949,0.1,sell,5260.89,BTC-28JUN19-6000-C,59.54,0.043,0.1,2,1556639681949,18477845,1261
2019-04-30 16:41:14.656,16.0,buy,5242.43,BTC-28JUN19-6000-C,60.93,0.044000000000000004,16.0,1,1556642474656,18479764,1263
2019-04-30 16:41:14.656,0.4,buy,5242.43,BTC-28JUN19-6000-C,60.93,0.044000000000000004,0.4,0,1556642474656,18479763,1262
2019-04-30 16:48:12.400,15.0,sell,5241.19,BTC-28JUN19-6000-C,61.0,0.044000000000000004,15.0,1,1556642892400,18479995,1264
2019-04-30 16:49:39.128,8.6,sell,5239.99,BTC-28JUN19-6000-C,61.07,0.044000000000000004,8.6,1,1556642979128,18480044,1265
2019-04-30 21:08:30.947,5.0,sell,5242.52,BTC-28JUN19-6000-C,60.12,0.043,5.0,2,1556658510947,18483749,1266
2019-04-30 21:08:35.977,0.1,sell,5242.29,BTC-28JUN19-6000-C,58.0,0.04,0.1,2,1556658515977,18483750,1267
2019-04-30 22:45:56.812,0.2,buy,5281.36,BTC-28JUN19-6000-C,60.33,0.045,0.2,0,1556664356812,18486844,1268
2019-04-30 23:26:30.324,0.8,buy,5266.75,BTC-28JUN19-6000-C,60.82,0.045,0.8,1,1556666790324,18487832,1269
2019-04-30 23:26:30.326,2.2,sell,5266.75,BTC-28JUN19-6000-C,60.82,0.045,2.2,1,1556666790326,18487833,1270
2019-05-01 02:21:41.920,0.1,buy,5327.48,BTC-28JUN19-6000-C,60.21,0.047,0.1,0,1556677301920,18495079,1271
2019-05-01 12:03:02.016,10.0,sell,5309.57,BTC-28JUN19-6000-C,59.05,0.0435,10.0,2,1556712182016,18505224,1272
2019-05-01 16:00:56.033,50.0,sell,5296.45,BTC-28JUN19-6000-C,58.37,0.042,50.0,2,1556726456033,18509347,1273
2019-05-01 18:11:18.854,0.1,sell,5313.09,BTC-28JUN19-6000-C,58.36,0.0425,0.1,0,1556734278854,18517447,1274
2019-05-02 08:26:04.319,1.0,buy,5345.41,BTC-28JUN19-6000-C,58.31,0.044000000000000004,1.0,0,1556785564319,18538063,1275
2019-05-02 09:46:08.441,2.0,sell,5351.13,BTC-28JUN19-6000-C,57.9,0.0435,2.0,2,1556790368441,18544858,1276
2019-05-02 13:22:44.104,10.0,buy,5353.2,BTC-28JUN19-6000-C,59.35,0.0455,10.0,0,1556803364104,18550746,1277
2019-05-02 15:11:40.626,3.0,buy,5407.76,BTC-28JUN19-6000-C,57.91,0.0465,3.0,0,1556809900626,18556848,1278
2019-05-02 15:11:49.996,0.6,buy,5409.58,BTC-28JUN19-6000-C,57.78,0.0465,0.6,1,1556809909996,18556907,1279
2019-05-02 16:06:32.357,0.9,buy,5413.44,BTC-28JUN19-6000-C,58.11,0.047,0.9,0,1556813192357,18560087,1280
2019-05-02 16:06:32.382,0.6,sell,5413.44,BTC-28JUN19-6000-C,58.11,0.047,0.6,1,1556813192382,18560088,1281
2019-05-02 16:53:24.161,1.0,buy,5380.99,BTC-28JUN19-6000-C,58.69,0.046,1.0,2,1556816004161,18563700,1282
2019-05-02 16:53:24.165,0.7000000000000001,sell,5380.99,BTC-28JUN19-6000-C,58.69,0.046,0.7000000000000001,3,1556816004165,18563701,1283
2019-05-02 19:07:02.090,3.3000000000000003,sell,5387.68,BTC-28JUN19-6000-C,58.66,0.046,3.3000000000000003,3,1556824022090,18566020,1284
2019-05-02 19:07:35.811,0.1,sell,5387.31,BTC-28JUN19-6000-C,57.28,0.044000000000000004,0.1,2,1556824055811,18566024,1286
2019-05-02 19:07:35.811,0.1,sell,5387.31,BTC-28JUN19-6000-C,57.98,0.045,0.1,2,1556824055811,18566023,1285
2019-05-03 04:35:47.718,1.0,buy,5475.87,BTC-28JUN19-6000-C,57.46,0.05,1.0,0,1556858147718,18594778,1287
2019-05-03 08:38:57.994,0.7000000000000001,buy,5621.74,BTC-28JUN19-6000-C,56.87,0.0595,0.7000000000000001,0,1556872737994,18622123,1288
2019-05-03 09:53:14.026,0.5,buy,5776.4,BTC-28JUN19-6000-C,57.89,0.0715,0.5,0,1556877194026,18652671,1289
2019-05-03 09:55:07.713,0.7000000000000001,buy,5781.92,BTC-28JUN19-6000-C,57.82,0.0715,0.7000000000000001,1,1556877307713,18653254,1290
2019-05-03 09:55:07.727,0.4,buy,5781.92,BTC-28JUN19-6000-C,57.82,0.0715,0.4,1,1556877307727,18653255,1291
2019-05-03 10:00:19.426,5.0,buy,5775.57,BTC-28JUN19-6000-C,59.0,0.073,5.0,0,1556877619426,18655071,1292
2019-05-03 11:01:09.675,0.4,buy,5684.98,BTC-28JUN19-6000-C,59.08,0.0675,0.4,2,1556881269675,18666366,1293
2019-05-03 11:07:07.501,0.5,buy,5687.83,BTC-28JUN19-6000-C,58.98,0.0675,0.5,3,1556881627501,18667059,1294
2019-05-03 11:33:45.628,0.4,buy,5702.11,BTC-28JUN19-6000-C,58.87,0.068,0.4,0,1556883225628,18670374,1295
2019-05-03 12:09:42.170,1.0,sell,5715.84,BTC-28JUN19-6000-C,58.11,0.068,1.0,1,1556885382170,18673637,1296
2019-05-03 12:17:54.073,0.1,sell,5706.59,BTC-28JUN19-6000-C,57.93,0.067,0.1,2,1556885874073,18673863,1297
2019-05-03 13:34:33.654,1.0,sell,5736.45,BTC-28JUN19-6000-C,57.78,0.0685,1.0,0,1556890473654,18679622,1298
2019-05-03 13:48:28.198,2.0,sell,5746.29,BTC-28JUN19-6000-C,57.86,0.0695,2.0,0,1556891308198,18680543,1299
2019-05-03 14:20:59.136,10.0,buy,5754.27,BTC-28JUN19-6000-C,59.51,0.073,10.0,0,1556893259136,18682870,1300
2019-05-03 14:34:24.698,1.0,sell,5755.99,BTC-28JUN19-6000-C,57.71,0.07,1.0,2,1556894064698,18683648,1301
2019-05-03 15:07:58.379,1.0,sell,5697.64,BTC-28JUN19-6000-C,58.38,0.0675,1.0,2,1556896078379,18688034,1302
2019-05-03 21:18:56.926,5.4,sell,5676.62,BTC-28JUN19-6000-C,57.54,0.0645,5.4,2,1556918336926,18708701,1303
2019-05-03 22:48:08.221,3.0,sell,5649.78,BTC-28JUN19-6000-C,59.86,0.0665,3.0,0,1556923688221,18715092,1304
2019-05-04 04:04:07.592,1.0,buy,5720.8,BTC-28JUN19-6000-C,60.58,0.07200000000000001,1.0,0,1556942647592,18744455,1305
2019-05-04 04:07:26.801,9.6,sell,5707.83,BTC-28JUN19-6000-C,61.31,0.07200000000000001,9.6,1,1556942846801,18745033,1306
2019-05-04 04:07:26.931,3.4,sell,5707.83,BTC-28JUN19-6000-C,61.31,0.07200000000000001,3.4,1,1556942846931,18745036,1307
2019-05-04 20:08:03.471,1.0,buy,5625.65,BTC-28JUN19-6000-C,58.42,0.061,1.0,2,1557000483471,18795268,1308
2019-05-04 20:14:13.035,1.0,buy,5636.75,BTC-28JUN19-6000-C,57.9,0.061,1.0,3,1557000853035,18795677,1309
2019-05-04 20:14:26.219,9.6,buy,5639.46,BTC-28JUN19-6000-C,57.86,0.061,9.6,3,1557000866219,18795696,1310
2019-05-04 20:27:40.962,0.7000000000000001,buy,5644.97,BTC-28JUN19-6000-C,57.75,0.061,0.7000000000000001,3,1557001660962,18796352,1311
2019-05-04 20:28:12.383,0.5,buy,5645.81,BTC-28JUN19-6000-C,57.71,0.061,0.5,3,1557001692383,18796374,1312
2019-05-04 20:33:24.260,2.2,buy,5649.97,BTC-28JUN19-6000-C,57.33,0.061,2.2,3,1557002004260,18796594,1313
2019-05-04 21:09:07.840,1.0,sell,5749.65,BTC-28JUN19-6000-C,56.65,0.066,1.0,0,1557004147840,18803759,1314
2019-05-04 21:20:55.142,2.0,buy,5796.75,BTC-28JUN19-6000-C,56.39,0.07,2.0,0,1557004855142,18808723,1315
2019-05-04 21:21:09.063,0.1,buy,5809.65,BTC-28JUN19-6000-C,56.23,0.071,0.1,0,1557004869063,18809176,1316
2019-05-04 21:41:01.006,0.1,sell,5779.21,BTC-28JUN19-6000-C,57.36,0.07,0.1,2,1557006061006,18815494,1317
2019-05-04 22:18:42.215,2.0,buy,5830.18,BTC-28JUN19-6000-C,60.6,0.0795,2.0,0,1557008322215,18822993,1319
2019-05-04 22:18:42.215,1.0,buy,5830.18,BTC-28JUN19-6000-C,58.33,0.076,1.0,0,1557008322215,18822992,1318
2019-05-05 17:55:28.000,0.1,sell,5678.55,BTC-28JUN19-6000-C,57.78,0.064,0.1,2,1557078928000,18885151,1320
2019-05-05 18:04:23.502,0.1,sell,5633.47,BTC-28JUN19-6000-C,57.77,0.0605,0.1,2,1557079463502,18887709,1321
2019-05-05 20:57:35.944,0.1,buy,5750.58,BTC-28JUN19-6000-C,60.56,0.0725,0.1,0,1557089855944,18899474,1322
2019-05-05 20:58:20.073,0.1,buy,5758.73,BTC-28JUN19-6000-C,60.82,0.0735,0.1,0,1557089900073,18899605,1323
2019-05-05 22:41:42.790,0.3,sell,5729.33,BTC-28JUN19-6000-C,58.62,0.068,0.3,2,1557096102790,18905722,1324
2019-05-06 00:33:10.035,0.1,sell,5707.8,BTC-28JUN19-6000-C,58.9,0.067,0.1,2,1557102790035,18909464,1325
2019-05-06 01:49:12.634,1.0,buy,5621.92,BTC-28JUN19-6000-C,62.29,0.0665,1.0,2,1557107352634,18926056,1326
2019-05-06 01:50:18.013,5.0,buy,5617.61,BTC-28JUN19-6000-C,59.21,0.0615,5.0,2,1557107418013,18926152,1327
2019-05-06 05:14:21.210,0.4,buy,5650.74,BTC-28JUN19-6000-C,62.76,0.0685,0.4,0,1557119661210,18933389,1328
2019-05-06 06:29:49.987,10.0,buy,5621.7,BTC-28JUN19-6000-C,61.11,0.064,10.0,2,1557124189987,18935202,1329
2019-05-06 08:59:12.770,1.0,sell,5598.19,BTC-28JUN19-6000-C,60.84,0.062,1.0,2,1557133152770,18944125,1330
2019-05-06 10:57:55.831,1.0,sell,5619.41,BTC-28JUN19-6000-C,60.12,0.0625,1.0,0,1557140275831,18948085,1331
2019-05-06 13:14:48.844,2.0,sell,5620.77,BTC-28JUN19-6000-C,61.78,0.065,2.0,0,1557148488844,18951466,1332
2019-05-06 16:51:53.856,10.0,buy,5713.78,BTC-28JUN19-6000-C,62.68,0.073,10.0,0,1557161513856,18964146,1333
2019-05-06 18:51:03.239,1.0,sell,5734.14,BTC-28JUN19-6000-C,60.09,0.0705,1.0,2,1557168663239,18971316,1334
2019-05-06 21:35:53.012,1.0,sell,5682.89,BTC-28JUN19-6000-C,62.34,0.07,1.0,2,1557178553012,18984123,1335
2019-05-06 21:37:14.801,1.0,sell,5683.97,BTC-28JUN19-6000-C,62.32,0.07,1.0,3,1557178634801,18984178,1336
2019-05-06 23:49:24.444,1.0,sell,5687.92,BTC-28JUN19-6000-C,62.04,0.07,1.0,3,1557186564444,18986897,1337
2019-05-07 01:06:12.199,0.1,buy,5766.79,BTC-28JUN19-6000-C,61.21,0.0745,0.1,0,1557191172199,18992567,1338
2019-05-07 02:10:29.273,1.5,sell,5764.18,BTC-28JUN19-6000-C,60.45,0.0725,1.5,2,1557195029273,18995837,1339
2019-05-07 02:20:18.696,0.1,buy,5787.17,BTC-28JUN19-6000-C,61.17,0.0755,0.1,0,1557195618696,18996280,1340
2019-05-07 02:29:42.606,0.1,buy,5844.21,BTC-28JUN19-6000-C,61.24,0.08,0.1,0,1557196182606,18998832,1341
2019-05-07 02:29:42.606,10.0,buy,5844.21,BTC-28JUN19-6000-C,61.24,0.08,10.0,1,1557196182606,18998833,1342
2019-05-07 02:29:42.606,1.0,buy,5844.21,BTC-28JUN19-6000-C,61.24,0.08,1.0,1,1557196182606,18998834,1343
2019-05-07 03:01:55.935,1.0,buy,5957.77,BTC-28JUN19-6000-C,61.08,0.08800000000000001,1.0,0,1557198115935,19011420,1344
2019-05-07 04:09:44.406,5.0,sell,5900.05,BTC-28JUN19-6000-C,61.41,0.084,5.0,3,1557202184406,19022889,1346
2019-05-07 04:09:44.406,14.4,sell,5900.05,BTC-28JUN19-6000-C,61.41,0.084,14.4,2,1557202184406,19022888,1345
2019-05-07 04:09:44.489,3.1,buy,5900.05,BTC-28JUN19-6000-C,61.41,0.084,3.1,3,1557202184489,19022890,1347
2019-05-07 04:29:38.365,1.0,sell,5862.8,BTC-28JUN19-6000-C,60.87,0.0805,1.0,2,1557203378365,19024713,1348
2019-05-07 05:43:31.482,1.0,buy,5907.7,BTC-28JUN19-6000-C,61.69,0.085,1.0,0,1557207811482,19028378,1349
2019-05-07 07:30:03.282,2.0,sell,5861.06,BTC-28JUN19-6000-C,62.17,0.0825,2.0,2,1557214203282,19032129,1350
2019-05-07 07:32:45.498,2.0,sell,5859.39,BTC-28JUN19-6000-C,62.34,0.0825,2.0,3,1557214365498,19032413,1351
2019-05-07 07:45:59.498,1.0,sell,5876.37,BTC-28JUN19-6000-C,61.61,0.0825,1.0,3,1557215159498,19032800,1352
2019-05-07 09:36:54.203,0.4,buy,5900.12,BTC-28JUN19-6000-C,61.37,0.084,0.4,0,1557221814203,19035874,1353
2019-05-07 11:21:33.124,2.5,sell,5882.85,BTC-28JUN19-6000-C,60.5,0.0815,2.5,2,1557228093124,19038446,1354
2019-05-07 14:13:23.383,2.0,sell,5824.83,BTC-28JUN19-6000-C,63.51,0.0815,2.0,3,1557238403383,19053151,1355
2019-05-07 14:13:33.375,0.5,sell,5813.99,BTC-28JUN19-6000-C,64.12,0.0815,0.5,3,1557238413375,19053707,1356
2019-05-07 16:51:10.530,0.4,buy,5886.19,BTC-28JUN19-6000-C,64.37,0.0865,0.4,0,1557247870530,19067416,1357
2019-05-08 04:13:56.041,5.0,sell,5791.68,BTC-28JUN19-6000-C,61.8,0.07400000000000001,5.0,3,1557288836041,19129386,1359
2019-05-08 04:13:56.041,5.0,sell,5791.68,BTC-28JUN19-6000-C,61.8,0.07400000000000001,5.0,2,1557288836041,19129385,1358
2019-05-08 04:13:56.097,5.0,buy,5791.68,BTC-28JUN19-6000-C,61.8,0.07400000000000001,5.0,3,1557288836097,19129387,1360
2019-05-08 17:08:15.636,0.1,sell,5863.01,BTC-28JUN19-6000-C,64.28,0.081,0.1,0,1557335295636,19160826,1361
2019-05-08 20:21:37.019,0.3,buy,5882.2,BTC-28JUN19-6000-C,62.78,0.08,0.3,2,1557346897019,19169324,1362
2019-05-08 23:30:01.546,0.2,sell,5855.44,BTC-28JUN19-6000-C,63.7,0.079,0.2,2,1557358201546,19184775,1363
2019-05-09 00:58:21.046,10.0,buy,6041.72,BTC-28JUN19-6000-C,61.29,0.09,10.0,0,1557363501046,19200307,1364
2019-05-09 01:10:10.688,2.0,buy,6071.95,BTC-28JUN19-6000-C,61.63,0.0925,2.0,0,1557364210688,19206644,1365
2019-05-09 05:17:48.308,0.1,sell,6078.0,BTC-28JUN19-6000-C,63.36,0.0955,0.1,0,1557379068308,19222253,1366
2019-05-09 06:13:49.020,0.1,buy,6033.05,BTC-28JUN19-6000-C,64.06,0.0925,0.1,2,1557382429020,19224634,1367
2019-05-09 12:11:56.146,5.0,buy,6026.82,BTC-28JUN19-6000-C,62.18,0.0885,5.0,2,1557403916146,19238355,1368
2019-05-09 12:21:04.830,1.0,sell,6017.16,BTC-28JUN19-6000-C,62.14,0.0875,1.0,2,1557404464830,19239056,1369
2019-05-09 12:23:27.598,1.0,sell,6004.24,BTC-28JUN19-6000-C,61.06,0.085,1.0,2,1557404607598,19239744,1370
2019-05-09 12:23:56.797,1.0,buy,6006.41,BTC-28JUN19-6000-C,62.34,0.087,1.0,0,1557404636797,19239777,1371
2019-05-09 12:39:20.015,1.0,buy,6018.13,BTC-28JUN19-6000-C,62.1,0.0875,1.0,0,1557405560015,19241651,1372
2019-05-09 13:26:19.233,0.1,buy,5989.23,BTC-28JUN19-6000-C,62.76,0.087,0.1,2,1557408379233,19247245,1373
2019-05-09 14:01:42.596,0.9,sell,5998.37,BTC-28JUN19-6000-C,62.61,0.087,0.9,3,1557410502596,19248997,1374
2019-05-09 14:32:50.007,4.0,sell,6010.48,BTC-28JUN19-6000-C,62.02,0.087,4.0,3,1557412370007,19249563,1375
2019-05-09 15:20:12.347,4.5,sell,5989.28,BTC-28JUN19-6000-C,62.02,0.0855,4.5,3,1557415212347,19250896,1377
2019-05-09 15:20:12.347,5.0,sell,5989.28,BTC-28JUN19-6000-C,62.02,0.0855,5.0,2,1557415212347,19250895,1376
2019-05-09 15:21:58.453,4.5,sell,5992.53,BTC-28JUN19-6000-C,61.51,0.085,4.5,3,1557415318453,19250951,1380
2019-05-09 15:21:58.453,9.9,sell,5992.53,BTC-28JUN19-6000-C,60.83,0.084,9.9,2,1557415318453,19250952,1381
2019-05-09 15:21:58.453,5.0,sell,5992.53,BTC-28JUN19-6000-C,61.51,0.085,5.0,2,1557415318453,19250949,1378
2019-05-09 15:21:58.453,5.0,sell,5992.53,BTC-28JUN19-6000-C,61.51,0.085,5.0,3,1557415318453,19250950,1379
2019-05-09 15:22:34.991,5.0,sell,5998.11,BTC-28JUN19-6000-C,61.21,0.085,5.0,0,1557415354991,19251006,1382
2019-05-09 15:22:34.991,5.0,sell,5998.11,BTC-28JUN19-6000-C,61.21,0.085,5.0,1,1557415354991,19251007,1383
2019-05-09 15:22:47.355,5.0,sell,5997.35,BTC-28JUN19-6000-C,60.92,0.0845,5.0,2,1557415367355,19251021,1384
2019-05-09 15:22:47.355,4.5,sell,5997.35,BTC-28JUN19-6000-C,60.92,0.0845,4.5,3,1557415367355,19251022,1385
2019-05-09 15:22:47.357,0.5,buy,5997.35,BTC-28JUN19-6000-C,60.92,0.0845,0.5,3,1557415367357,19251023,1386
2019-05-09 15:24:00.538,5.0,buy,6002.66,BTC-28JUN19-6000-C,61.44,0.0855,5.0,0,1557415440538,19251143,1387
2019-05-09 15:24:39.077,9.5,buy,6005.5,BTC-28JUN19-6000-C,61.32,0.0855,9.5,1,1557415479077,19251190,1388
2019-05-09 15:24:43.450,1.5,buy,6005.6,BTC-28JUN19-6000-C,61.32,0.0855,1.5,1,1557415483450,19251202,1389
2019-05-09 15:25:01.405,11.6,buy,6007.25,BTC-28JUN19-6000-C,61.2,0.0855,11.6,1,1557415501405,19251210,1390
2019-05-09 15:25:11.085,11.1,buy,6006.46,BTC-28JUN19-6000-C,61.2,0.0855,11.1,1,1557415511085,19251220,1391
2019-05-09 15:25:15.370,1.8,buy,6007.67,BTC-28JUN19-6000-C,61.15,0.0855,1.8,1,1557415515370,19251221,1392
2019-05-09 15:49:26.997,5.0,sell,6011.87,BTC-28JUN19-6000-C,60.77,0.085,5.0,3,1557416966997,19252059,1394
2019-05-09 15:49:26.997,5.0,sell,6011.87,BTC-28JUN19-6000-C,60.77,0.085,5.0,2,1557416966997,19252058,1393
2019-05-09 15:49:33.099,3.5,sell,6011.87,BTC-28JUN19-6000-C,60.43,0.0845,3.5,3,1557416973099,19252062,1397
2019-05-09 15:49:33.099,5.0,sell,6011.87,BTC-28JUN19-6000-C,60.43,0.0845,5.0,3,1557416973099,19252061,1396
2019-05-09 15:49:33.099,6.4,sell,6011.87,BTC-28JUN19-6000-C,60.43,0.0845,6.4,2,1557416973099,19252060,1395
2019-05-09 15:49:37.490,5.0,sell,6011.84,BTC-28JUN19-6000-C,60.43,0.0845,5.0,3,1557416977490,19252063,1398
2019-05-09 16:05:52.220,3.5,buy,5995.31,BTC-28JUN19-6000-C,63.53,0.08800000000000001,3.5,0,1557417952220,19252468,1399
2019-05-09 16:05:52.220,6.3,buy,5995.31,BTC-28JUN19-6000-C,63.53,0.08800000000000001,6.3,1,1557417952220,19252469,1400
2019-05-09 16:05:59.507,0.2,sell,5995.12,BTC-28JUN19-6000-C,63.56,0.08800000000000001,0.2,1,1557417959507,19252470,1401
2019-05-09 16:06:14.235,10.0,buy,5995.07,BTC-28JUN19-6000-C,63.9,0.0885,10.0,0,1557417974235,19252475,1402
2019-05-09 16:15:02.877,5.0,buy,6006.07,BTC-28JUN19-6000-C,61.09,0.085,5.0,2,1557418502877,19252677,1403
2019-05-09 18:31:12.991,2.0,sell,6042.67,BTC-28JUN19-6000-C,60.21,0.0865,2.0,0,1557426672991,19258597,1404
2019-05-09 18:35:08.065,2.0,sell,6043.96,BTC-28JUN19-6000-C,60.06,0.0865,2.0,1,1557426908065,19258650,1405
2019-05-09 18:35:58.025,2.0,sell,6045.38,BTC-28JUN19-6000-C,60.01,0.0865,2.0,1,1557426958025,19258682,1406
2019-05-09 19:15:31.410,1.0,buy,6059.96,BTC-28JUN19-6000-C,63.04,0.092,1.0,0,1557429331410,19259825,1407
2019-05-09 21:38:22.012,5.0,sell,6134.58,BTC-28JUN19-6000-C,61.3,0.095,5.0,0,1557437902012,19268718,1408
2019-05-09 21:38:40.365,5.0,buy,6133.92,BTC-28JUN19-6000-C,61.38,0.095,5.0,1,1557437920365,19268811,1409
2019-05-09 22:43:49.871,1.0,buy,6155.13,BTC-28JUN19-6000-C,61.03,0.096,1.0,0,1557441829871,19274535,1410
2019-05-10 00:00:53.399,2.0,buy,6152.62,BTC-28JUN19-6000-C,61.47,0.0955,2.0,2,1557446453399,19281327,1411
2019-05-10 00:01:13.802,1.0,buy,6154.83,BTC-28JUN19-6000-C,61.34,0.0955,1.0,3,1557446473802,19281337,1412
2019-05-10 00:02:00.391,1.0,sell,6156.7,BTC-28JUN19-6000-C,60.98,0.095,1.0,2,1557446520391,19281370,1413
2019-05-10 01:17:42.733,1.0,sell,6137.47,BTC-28JUN19-6000-C,62.24,0.095,1.0,3,1557451062733,19285263,1414
2019-05-10 01:31:59.732,0.3,buy,6143.91,BTC-28JUN19-6000-C,62.82,0.096,0.3,0,1557451919732,19285614,1415
2019-05-10 01:39:42.810,1.0,buy,6143.07,BTC-28JUN19-6000-C,63.02,0.096,1.0,1,1557452382810,19285939,1416
2019-05-10 01:48:11.676,0.1,buy,6137.14,BTC-28JUN19-6000-C,63.75,0.0965,0.1,0,1557452891676,19286288,1417
2019-05-10 02:10:58.259,1.0,buy,6187.94,BTC-28JUN19-6000-C,62.58,0.0995,1.0,0,1557454258259,19289913,1418
2019-05-10 02:10:58.294,0.2,sell,6187.94,BTC-28JUN19-6000-C,62.58,0.0995,0.2,1,1557454258294,19289914,1419
2019-05-10 02:21:06.102,5.0,buy,6196.67,BTC-28JUN19-6000-C,62.52,0.1,5.0,0,1557454866102,19291494,1420
2019-05-10 02:21:06.548,5.0,buy,6196.67,BTC-28JUN19-6000-C,62.52,0.1,5.0,1,1557454866548,19291529,1421
2019-05-10 02:22:07.319,5.0,buy,6208.29,BTC-28JUN19-6000-C,61.84,0.1,5.0,1,1557454927319,19292107,1422
2019-05-10 02:22:48.402,2.0,buy,6211.14,BTC-28JUN19-6000-C,61.78,0.1,2.0,1,1557454968402,19292455,1423
2019-05-10 02:22:48.402,1.0,buy,6211.14,BTC-28JUN19-6000-C,61.78,0.1,1.0,1,1557454968402,19292456,1424
2019-05-10 02:23:44.579,0.1,sell,6212.36,BTC-28JUN19-6000-C,63.11,0.102,0.1,0,1557455024579,19292895,1425
2019-05-10 02:47:27.131,0.1,buy,6246.16,BTC-28JUN19-6000-C,61.66,0.10300000000000001,0.1,0,1557456447131,19298358,1426
2019-05-10 03:21:19.171,3.5,sell,6275.46,BTC-28JUN19-6000-C,61.06,0.1045,3.5,1,1557458479171,19305772,1428
2019-05-10 03:21:19.171,14.4,sell,6275.46,BTC-28JUN19-6000-C,61.06,0.1045,14.4,0,1557458479171,19305771,1427
2019-05-10 03:21:24.591,14.3,sell,6279.33,BTC-28JUN19-6000-C,60.47,0.10400000000000001,14.3,2,1557458484591,19305779,1430
2019-05-10 03:21:24.591,6.1000000000000005,sell,6279.33,BTC-28JUN19-6000-C,60.82,0.1045,6.1000000000000005,1,1557458484591,19305778,1429
2019-05-10 03:30:15.749,14.4,sell,6254.22,BTC-28JUN19-6000-C,60.58,0.102,14.4,2,1557459015749,19308385,1431
2019-05-10 03:30:20.267,14.4,sell,6255.85,BTC-28JUN19-6000-C,60.02,0.1015,14.4,2,1557459020267,19308428,1432
2019-05-10 03:49:23.383,40.0,buy,6279.19,BTC-28JUN19-6000-C,62.72,0.1075,40.0,0,1557460163383,19310649,1433
2019-05-10 04:59:11.182,0.2,buy,6298.72,BTC-28JUN19-6000-C,63.7,0.1095,0.2,0,1557464351182,19321142,1434
2019-05-10 05:22:26.296,1.2,sell,6269.99,BTC-28JUN19-6000-C,61.96,0.10400000000000001,1.2,2,1557465746296,19323550,1435
2019-05-10 05:26:04.388,0.8,buy,6261.56,BTC-28JUN19-6000-C,66.27,0.1095,0.8,0,1557465964388,19323855,1436
2019-05-10 05:26:04.388,0.2,buy,6261.56,BTC-28JUN19-6000-C,66.62,0.11,0.2,0,1557465964388,19323856,1437
2019-05-10 05:26:16.871,1.9,sell,6260.54,BTC-28JUN19-6000-C,61.8,0.10300000000000001,1.9,3,1557465976871,19323883,1439
2019-05-10 05:26:16.871,0.1,sell,6260.54,BTC-28JUN19-6000-C,61.8,0.10300000000000001,0.1,2,1557465976871,19323882,1438
2019-05-10 07:02:05.984,0.1,buy,6289.8,BTC-28JUN19-6000-C,64.24,0.1095,0.1,0,1557471725984,19328122,1440
2019-05-10 07:35:14.780,5.0,buy,6321.51,BTC-28JUN19-6000-C,63.04,0.11,5.0,0,1557473714780,19333095,1441
2019-05-10 07:35:29.428,4.8,buy,6322.83,BTC-28JUN19-6000-C,62.93,0.11,4.8,1,1557473729428,19333201,1442
2019-05-10 08:17:02.150,4.0,sell,6285.43,BTC-28JUN19-6000-C,63.13,0.107,4.0,2,1557476222150,19339354,1443
2019-05-10 08:19:17.161,2.0,buy,6279.75,BTC-28JUN19-6000-C,62.91,0.1065,2.0,2,1557476357161,19340402,1444
2019-05-10 08:19:27.682,2.0,buy,6282.87,BTC-28JUN19-6000-C,63.08,0.107,2.0,0,1557476367682,19340442,1445
2019-05-10 09:01:41.206,1.0,buy,6276.9,BTC-28JUN19-6000-C,63.73,0.107,1.0,1,1557478901206,19344007,1446
2019-05-10 10:44:32.194,0.1,sell,6284.48,BTC-28JUN19-6000-C,62.95,0.1055,0.1,2,1557485072194,19349456,1447
2019-05-10 12:01:04.118,1.0,buy,6280.48,BTC-28JUN19-6000-C,63.11,0.106,1.0,0,1557489664118,19351921,1448
2019-05-10 13:58:28.062,4.3,sell,6264.09,BTC-28JUN19-6000-C,61.71,0.10300000000000001,4.3,2,1557496708062,19359148,1449
2019-05-10 13:58:48.540,5.0,buy,6264.45,BTC-28JUN19-6000-C,60.97,0.102,5.0,2,1557496728540,19359192,1450
2019-05-10 14:03:04.933,4.6000000000000005,sell,6252.59,BTC-28JUN19-6000-C,61.29,0.102,4.6000000000000005,3,1557496984933,19359591,1451
2019-05-10 16:40:58.218,0.1,buy,6378.85,BTC-28JUN19-6000-C,62.12,0.113,0.1,0,1557506458218,19374577,1452
2019-05-10 16:47:32.360,0.5,sell,6391.16,BTC-28JUN19-6000-C,61.12,0.113,0.5,1,1557506852360,19376351,1453
2019-05-10 16:51:27.241,1.0,buy,6415.56,BTC-28JUN19-6000-C,63.02,0.1175,1.0,0,1557507087241,19377188,1454
2019-05-10 18:17:17.361,3.4,sell,6381.52,BTC-28JUN19-6000-C,62.08,0.1125,3.4,2,1557512237361,19388868,1455
2019-05-10 18:33:11.658,1.0,sell,6402.4,BTC-28JUN19-6000-C,62.62,0.115,1.0,0,1557513191658,19389643,1456
2019-05-10 20:10:00.799,0.1,buy,6358.08,BTC-28JUN19-6000-C,66.28,0.1165,0.1,0,1557519000799,19395904,1457
2019-05-10 21:33:38.058,0.1,sell,6325.0,BTC-28JUN19-6000-C,62.12,0.1085,0.1,2,1557524018058,19410207,1458
2019-05-10 22:44:01.971,0.2,buy,6372.5,BTC-28JUN19-6000-C,62.61,0.1125,0.2,0,1557528241971,19412769,1459
2019-05-11 01:37:06.884,1.0,buy,6412.97,BTC-28JUN19-6000-C,63.38,0.11800000000000001,1.0,0,1557538626884,19420594,1460
2019-05-11 01:41:49.635,1.0,buy,6419.08,BTC-28JUN19-6000-C,62.93,0.11800000000000001,1.0,1,1557538909635,19421311,1461
2019-05-11 01:46:55.647,0.3,buy,6427.51,BTC-28JUN19-6000-C,61.99,0.11699999999999999,0.3,2,1557539215647,19422269,1462
2019-05-11 01:53:12.799,1.0,buy,6446.91,BTC-28JUN19-6000-C,63.03,0.12,1.0,1,1557539592799,19422921,1464
2019-05-11 01:53:12.799,10.0,buy,6446.91,BTC-28JUN19-6000-C,63.03,0.12,10.0,0,1557539592799,19422920,1463
2019-05-11 02:53:30.070,0.5,buy,6479.49,BTC-28JUN19-6000-C,62.78,0.122,0.5,0,1557543210070,19431016,1465
2019-05-11 02:55:15.299,0.5,buy,6494.49,BTC-28JUN19-6000-C,63.07,0.124,0.5,0,1557543315299,19431483,1466
2019-05-11 03:00:40.327,0.5,buy,6530.82,BTC-28JUN19-6000-C,63.41,0.128,0.5,0,1557543640327,19433992,1467
2019-05-11 03:17:05.816,10.0,buy,6549.7,BTC-28JUN19-6000-C,63.54,0.13,10.0,0,1557544625816,19436411,1468
2019-05-11 03:29:33.988,0.1,sell,6538.97,BTC-28JUN19-6000-C,64.54,0.13,0.1,1,1557545373988,19438229,1469
2019-05-11 04:47:54.342,1.0,buy,6689.53,BTC-28JUN19-6000-C,53.5,0.129,1.0,2,1557550074342,19451389,1470
2019-05-11 04:49:24.597,1.0,buy,6723.57,BTC-28JUN19-6000-C,50.49,0.129,1.0,3,1557550164597,19452763,1471
2019-05-11 04:49:59.150,1.0,buy,6763.51,BTC-28JUN19-6000-C,46.6,0.129,1.0,3,1557550199150,19454576,1472
2019-05-11 04:57:14.486,4.1,buy,6717.6,BTC-28JUN19-6000-C,50.16,0.129,4.1,3,1557550634486,19459158,1473
2019-05-11 04:57:23.528,10.0,buy,6719.25,BTC-28JUN19-6000-C,50.88,0.13,10.0,0,1557550643528,19459243,1474
2019-05-11 04:57:36.535,0.5,buy,6724.59,BTC-28JUN19-6000-C,52.16,0.132,0.5,0,1557550656535,19459331,1475
2019-05-11 04:57:41.412,0.4,buy,6725.94,BTC-28JUN19-6000-C,55.46,0.136,0.4,0,1557550661412,19459365,1476
2019-05-11 04:58:03.697,10.0,buy,6717.22,BTC-28JUN19-6000-C,59.61,0.14,10.0,0,1557550683697,19459755,1477
2019-05-11 05:19:39.482,10.0,buy,6700.07,BTC-28JUN19-6000-C,61.11,0.14,10.0,1,1557551979482,19465756,1478
2019-05-11 05:32:07.041,1.0,buy,6665.72,BTC-28JUN19-6000-C,59.27,0.135,1.0,2,1557552727041,19469581,1479
2019-05-11 05:37:06.017,5.9,buy,6680.94,BTC-28JUN19-6000-C,62.24,0.14,5.9,0,1557553026017,19470140,1480
2019-05-11 05:37:32.962,0.4,buy,6685.63,BTC-28JUN19-6000-C,61.97,0.14,0.4,1,1557553052962,19470163,1481
2019-05-11 05:37:45.395,0.2,buy,6685.96,BTC-28JUN19-6000-C,61.99,0.14,0.2,1,1557553065395,19470172,1482
2019-05-11 05:37:45.580,0.2,buy,6685.96,BTC-28JUN19-6000-C,61.99,0.14,0.2,1,1557553065580,19470173,1483
2019-05-11 05:37:47.963,0.2,buy,6688.82,BTC-28JUN19-6000-C,61.84,0.14,0.2,1,1557553067963,19470183,1484
2019-05-11 05:38:09.450,0.3,buy,6689.71,BTC-28JUN19-6000-C,61.9,0.14,0.3,1,1557553089450,19470219,1485
2019-05-11 05:38:09.463,0.3,buy,6689.71,BTC-28JUN19-6000-C,61.9,0.14,0.3,1,1557553089463,19470221,1486
2019-05-11 05:38:16.649,0.3,buy,6692.05,BTC-28JUN19-6000-C,61.84,0.14,0.3,1,1557553096649,19470282,1487
2019-05-11 05:38:30.780,0.2,buy,6693.44,BTC-28JUN19-6000-C,61.73,0.14,0.2,1,1557553110780,19470284,1488
2019-05-11 05:38:32.317,0.2,buy,6695.87,BTC-28JUN19-6000-C,61.49,0.14,0.2,1,1557553112317,19470293,1489
2019-05-11 05:38:35.780,0.1,buy,6696.41,BTC-28JUN19-6000-C,61.47,0.14,0.1,1,1557553115780,19470303,1490
2019-05-11 05:38:35.793,0.1,buy,6696.41,BTC-28JUN19-6000-C,61.47,0.14,0.1,1,1557553115793,19470306,1491
2019-05-11 05:38:35.808,0.3,buy,6697.78,BTC-28JUN19-6000-C,61.47,0.14,0.3,1,1557553115808,19470307,1492
2019-05-11 05:38:35.900,0.3,buy,6697.78,BTC-28JUN19-6000-C,61.47,0.14,0.3,1,1557553115900,19470311,1493
2019-05-11 05:38:35.994,0.1,buy,6697.78,BTC-28JUN19-6000-C,61.47,0.14,0.1,1,1557553115994,19470312,1494
2019-05-11 05:38:36.827,0.3,buy,6699.49,BTC-28JUN19-6000-C,61.26,0.14,0.3,1,1557553116827,19470331,1495
2019-05-11 05:39:44.276,0.1,buy,6696.51,BTC-28JUN19-6000-C,61.3,0.14,0.1,1,1557553184276,19470542,1496
2019-05-11 05:39:44.421,0.4,buy,6696.51,BTC-28JUN19-6000-C,61.26,0.14,0.4,1,1557553184421,19470543,1497
