date_utc,amount,direction,indexPrice,instrument,iv,price,quantity,tickDirection,timeStamp,tradeId,tradeSeq
2019-02-14 10:10:41.610,0.5,sell,3565.72,BTC-22FEB19-3875-C,48.56,0.0045,0.5,1,1550139041610,15359999,1
2019-02-14 11:53:19.922,0.5,sell,3554.57,BTC-22FEB19-3875-C,50.04,0.0045,0.5,1,1550145199922,15366257,2
2019-02-14 13:07:44.342,3.0,sell,3560.45,BTC-22FEB19-3875-C,47.87,0.004,3.0,2,1550149664342,15367996,3
2019-02-14 15:27:00.917,0.5,buy,3569.43,BTC-22FEB19-3875-C,50.41,0.005,0.5,0,1550158020917,15369672,4
2019-02-14 15:27:00.917,1.5,buy,3569.43,BTC-22FEB19-3875-C,53.42,0.006,1.5,0,1550158020917,15369673,5
2019-02-14 18:13:18.131,4.0,buy,3574.28,BTC-22FEB19-3875-C,51.75,0.0055,4.0,2,1550167998131,15372525,6
2019-02-14 18:13:43.697,5.0,buy,3574.06,BTC-22FEB19-3875-C,53.26,0.006,5.0,0,1550168023697,15372526,7
2019-02-14 18:15:20.993,5.6000000000000005,buy,3573.62,BTC-22FEB19-3875-C,54.76,0.0065,5.6000000000000005,0,1550168120993,15372533,8
2019-02-14 18:15:20.993,5.4,buy,3573.62,BTC-22FEB19-3875-C,54.76,0.0065,5.4,1,1550168120993,15372534,9
2019-02-14 18:20:48.659,15.0,buy,3573.5,BTC-22FEB19-3875-C,56.18,0.007,15.0,0,1550168448659,15372583,10
2019-02-14 19:50:32.007,0.2,buy,3575.74,BTC-22FEB19-3875-C,54.73,0.0065,0.2,2,1550173832007,15372939,11
2019-02-14 23:13:46.326,0.1,sell,3562.82,BTC-22FEB19-3875-C,55.39,0.006,0.1,2,1550186026326,15375447,12
2019-02-14 23:29:50.053,0.9,sell,3562.68,BTC-22FEB19-3875-C,55.45,0.006,0.9,3,1550186990053,15375797,13
2019-02-15 00:14:13.318,0.3,sell,3565.82,BTC-22FEB19-3875-C,53.66,0.0055,0.3,2,1550189653318,15376563,14
2019-02-15 08:12:23.489,0.1,sell,3580.01,BTC-22FEB19-3875-C,53.15,0.0055,0.1,3,1550218343489,15382675,15
2019-02-15 08:13:16.116,1.0,buy,3579.88,BTC-22FEB19-3875-C,54.7,0.006,1.0,0,1550218396116,15382683,16
2019-02-15 08:24:23.524,0.6,sell,3578.93,BTC-22FEB19-3875-C,50.09,0.0045,0.6,2,1550219063524,15382812,17
2019-02-15 08:24:23.524,10.0,sell,3578.93,BTC-22FEB19-3875-C,50.09,0.0045,10.0,3,1550219063524,15382813,18
2019-02-15 08:24:23.524,24.8,sell,3578.93,BTC-22FEB19-3875-C,50.09,0.0045,24.8,3,1550219063524,15382814,19
2019-02-15 08:24:23.528,5.2,buy,3578.93,BTC-22FEB19-3875-C,50.09,0.0045,5.2,3,1550219063528,15382815,20
2019-02-15 08:24:23.582,9.4,buy,3578.93,BTC-22FEB19-3875-C,50.09,0.0045,9.4,3,1550219063582,15382816,21
2019-02-15 08:25:14.112,25.0,sell,3579.04,BTC-22FEB19-3875-C,48.35,0.004,25.0,3,1550219114112,15382828,23
2019-02-15 08:25:14.112,25.0,sell,3579.04,BTC-22FEB19-3875-C,48.35,0.004,25.0,2,1550219114112,15382827,22
2019-02-15 08:26:46.401,25.8,sell,3578.71,BTC-22FEB19-3875-C,48.4,0.004,25.8,3,1550219206401,15382832,24
2019-02-15 08:26:46.414,6.8,buy,3578.71,BTC-22FEB19-3875-C,48.4,0.004,6.8,3,1550219206414,15382833,25
2019-02-15 08:26:46.749,17.400000000000002,buy,3578.71,BTC-22FEB19-3875-C,48.4,0.004,17.400000000000002,3,1550219206749,15382834,26
2019-02-15 10:38:00.619,10.0,buy,3576.98,BTC-22FEB19-3875-C,48.92,0.004,10.0,3,1550227080619,15384161,27
2019-02-15 10:52:29.487,40.0,buy,3580.84,BTC-22FEB19-3875-C,48.5,0.004,40.0,3,1550227949487,15384322,28
2019-02-15 11:07:54.724,10.0,buy,3588.09,BTC-22FEB19-3875-C,52.6,0.0055,10.0,0,1550228874724,15385572,29
2019-02-15 11:07:54.724,20.0,buy,3588.09,BTC-22FEB19-3875-C,52.6,0.0055,20.0,1,1550228874724,15385573,30
2019-02-15 11:08:20.411,25.0,buy,3585.91,BTC-22FEB19-3875-C,52.88,0.0055,25.0,1,1550228900411,15385640,31
2019-02-15 11:08:35.432,11.0,buy,3585.4,BTC-22FEB19-3875-C,52.95,0.0055,11.0,1,1550228915432,15385647,32
2019-02-15 11:45:56.105,0.1,sell,3574.98,BTC-22FEB19-3875-C,49.33,0.004,0.1,2,1550231156105,15386602,33
2019-02-15 11:45:56.105,0.4,sell,3574.98,BTC-22FEB19-3875-C,49.33,0.004,0.4,3,1550231156105,15386603,34
2019-02-15 12:35:08.385,0.5,sell,3580.62,BTC-22FEB19-3875-C,48.78,0.004,0.5,3,1550234108385,15387103,35
2019-02-15 12:52:15.664,5.0,buy,3581.9,BTC-22FEB19-3875-C,50.4,0.0045,5.0,0,1550235135664,15387201,36
2019-02-15 14:17:59.387,10.0,buy,3597.19,BTC-22FEB19-3875-C,48.74,0.0045,10.0,1,1550240279387,15388835,37
2019-02-15 14:18:28.986,21.2,buy,3610.36,BTC-22FEB19-3875-C,47.1,0.0045,21.2,1,1550240308986,15389451,38
2019-02-15 14:20:48.808,18.0,buy,3600.41,BTC-22FEB19-3875-C,48.35,0.0045,18.0,1,1550240448808,15390874,39
2019-02-15 14:23:12.147,0.8,buy,3562.19,BTC-22FEB19-3875-C,53.06,0.0045,0.8,1,1550240592147,15392307,40
2019-02-16 02:00:27.659,27.5,buy,3575.58,BTC-22FEB19-3875-C,55.12,0.005,27.5,1,1550282427659,15404637,43
2019-02-16 02:00:27.659,6.1000000000000005,buy,3575.58,BTC-22FEB19-3875-C,55.12,0.005,6.1000000000000005,0,1550282427659,15404635,41
2019-02-16 02:00:27.659,2.0,buy,3575.58,BTC-22FEB19-3875-C,55.12,0.005,2.0,1,1550282427659,15404636,42
2019-02-16 02:02:43.793,5.5,buy,3575.57,BTC-22FEB19-3875-C,56.81,0.0055,5.5,0,1550282563793,15404654,44
2019-02-16 02:06:21.015,20.1,buy,3574.83,BTC-22FEB19-3875-C,60.13,0.0065,20.1,1,1550282781015,15404683,47
2019-02-16 02:06:21.015,4.9,buy,3574.83,BTC-22FEB19-3875-C,58.55,0.006,4.9,0,1550282781015,15404681,45
2019-02-16 02:06:21.015,25.0,buy,3574.83,BTC-22FEB19-3875-C,60.13,0.0065,25.0,0,1550282781015,15404682,46
2019-02-16 02:50:17.187,2.0,sell,3579.16,BTC-22FEB19-3875-C,59.69,0.0065,2.0,1,1550285417187,15405153,48
2019-02-16 02:50:18.830,2.0,sell,3579.41,BTC-22FEB19-3875-C,59.65,0.0065,2.0,1,1550285418830,15405157,49
2019-02-16 02:54:13.974,0.5,buy,3579.34,BTC-22FEB19-3875-C,61.21,0.007,0.5,0,1550285653974,15405368,50
2019-02-16 04:43:16.483,0.2,sell,3587.14,BTC-22FEB19-3875-C,57.4,0.006,0.2,2,1550292196483,15408753,51
2019-02-16 08:06:12.416,10.0,buy,3588.75,BTC-22FEB19-3875-C,57.85,0.006,10.0,3,1550304372416,15410417,52
2019-02-16 11:51:12.583,1.0,buy,3588.62,BTC-22FEB19-3875-C,58.64,0.006,1.0,3,1550317872583,15412076,53
2019-02-16 12:29:05.049,4.3,sell,3569.82,BTC-22FEB19-3875-C,57.93,0.005,4.3,2,1550320145049,15414141,54
2019-02-16 18:10:55.409,1.0,sell,3592.77,BTC-22FEB19-3875-C,54.18,0.0045,1.0,2,1550340655409,15422018,55
2019-02-17 10:26:31.737,2.0,buy,3627.59,BTC-22FEB19-3875-C,58.05,0.006,2.0,0,1550399191737,15431591,56
2019-02-17 10:27:16.508,5.0,buy,3642.91,BTC-22FEB19-3875-C,60.47,0.0075,5.0,0,1550399236508,15432828,57
2019-02-17 10:27:49.296,20.0,buy,3654.11,BTC-22FEB19-3875-C,57.11,0.007,20.0,2,1550399269296,15433419,58
2019-02-17 11:39:37.445,0.1,sell,3589.45,BTC-22FEB19-3875-C,56.55,0.004,0.1,2,1550403577445,15443029,59
2019-02-17 11:40:12.111,0.4,sell,3589.05,BTC-22FEB19-3875-C,54.46,0.0035,0.4,2,1550403612111,15443031,60
2019-02-18 00:42:27.281,1.0,buy,3632.53,BTC-22FEB19-3875-C,61.11,0.006,1.0,0,1550450547281,15464054,62
2019-02-18 00:42:27.281,6.0,buy,3632.53,BTC-22FEB19-3875-C,57.41,0.005,6.0,0,1550450547281,15464053,61
2019-02-18 00:43:16.979,2.0,sell,3633.07,BTC-22FEB19-3875-C,53.35,0.004,2.0,2,1550450596979,15464077,63
2019-02-18 01:09:25.257,4.0,sell,3679.02,BTC-22FEB19-3875-C,58.3,0.0075,4.0,0,1550452165257,15472758,64
2019-02-18 01:09:48.803,15.0,sell,3674.38,BTC-22FEB19-3875-C,55.89,0.0065,15.0,2,1550452188803,15473013,65
2019-02-18 01:10:22.858,5.0,sell,3661.9,BTC-22FEB19-3875-C,54.58,0.0055,5.0,2,1550452222858,15473479,66
2019-02-18 01:17:28.388,3.0,sell,3631.66,BTC-22FEB19-3875-C,51.57,0.0035,3.0,2,1550452648388,15476960,67
2019-02-18 01:17:32.228,2.0,sell,3631.54,BTC-22FEB19-3875-C,51.59,0.0035,2.0,3,1550452652228,15476976,68
2019-02-18 01:20:37.218,6.0,buy,3631.0,BTC-22FEB19-3875-C,55.87,0.0045,6.0,0,1550452837218,15477841,69
2019-02-18 01:33:05.499,0.5,sell,3634.65,BTC-22FEB19-3875-C,51.18,0.0035,0.5,2,1550453585499,15479015,70
2019-02-18 01:33:05.503,0.6,sell,3634.65,BTC-22FEB19-3875-C,51.18,0.0035,0.6,3,1550453585503,15479016,71
2019-02-18 01:33:05.509,1.0,sell,3634.65,BTC-22FEB19-3875-C,51.18,0.0035,1.0,3,1550453585509,15479017,72
2019-02-18 01:33:05.511,1.4000000000000001,sell,3634.65,BTC-22FEB19-3875-C,51.18,0.0035,1.4000000000000001,3,1550453585511,15479018,73
2019-02-18 01:33:05.657,1.5,sell,3634.65,BTC-22FEB19-3875-C,51.18,0.0035,1.5,3,1550453585657,15479019,74
2019-02-18 01:33:05.659,0.6,sell,3634.65,BTC-22FEB19-3875-C,51.18,0.0035,0.6,3,1550453585659,15479020,75
2019-02-18 01:33:05.676,0.3,sell,3634.65,BTC-22FEB19-3875-C,51.18,0.0035,0.3,3,1550453585676,15479021,76
2019-02-18 01:33:05.685,0.5,sell,3634.65,BTC-22FEB19-3875-C,51.18,0.0035,0.5,3,1550453585685,15479022,77
2019-02-18 01:33:05.821,2.8000000000000003,sell,3634.65,BTC-22FEB19-3875-C,51.18,0.0035,2.8000000000000003,3,1550453585821,15479023,78
2019-02-18 01:33:23.224,1.5,sell,3635.66,BTC-22FEB19-3875-C,51.03,0.0035,1.5,3,1550453603224,15479028,79
2019-02-18 01:33:23.229,1.9000000000000001,sell,3635.66,BTC-22FEB19-3875-C,51.03,0.0035,1.9000000000000001,3,1550453603229,15479029,80
2019-02-18 01:33:23.406,1.9000000000000001,sell,3635.62,BTC-22FEB19-3875-C,51.04,0.0035,1.9000000000000001,3,1550453603406,15479030,81
2019-02-18 01:33:23.567,0.8,sell,3635.62,BTC-22FEB19-3875-C,51.04,0.0035,0.8,3,1550453603567,15479031,82
2019-02-18 01:33:23.729,1.6,sell,3635.62,BTC-22FEB19-3875-C,51.04,0.0035,1.6,3,1550453603729,15479032,83
2019-02-18 01:33:24.522,4.1,sell,3635.5,BTC-22FEB19-3875-C,51.05,0.0035,4.1,3,1550453604522,15479034,84
2019-02-18 01:33:24.811,3.1,sell,3635.5,BTC-22FEB19-3875-C,51.05,0.0035,3.1,3,1550453604811,15479035,85
2019-02-18 01:33:25.088,4.6000000000000005,sell,3635.5,BTC-22FEB19-3875-C,51.05,0.0035,4.6000000000000005,3,1550453605088,15479036,86
2019-02-18 01:33:25.288,3.0,sell,3635.5,BTC-22FEB19-3875-C,51.05,0.0035,3.0,3,1550453605288,15479038,88
2019-02-18 01:33:25.288,5.3,sell,3635.5,BTC-22FEB19-3875-C,51.05,0.0035,5.3,3,1550453605288,15479037,87
2019-02-18 02:33:38.758,3.0,buy,3659.99,BTC-22FEB19-3875-C,55.27,0.0055,3.0,0,1550457218758,15482985,89
2019-02-18 03:45:45.290,0.3,buy,3683.74,BTC-22FEB19-3875-C,53.29,0.006,0.3,0,1550461545290,15488841,90
2019-02-18 06:20:24.950,0.5,sell,3685.99,BTC-22FEB19-3875-C,51.85,0.0055,0.5,2,1550470824950,15494676,91
2019-02-18 06:51:11.208,10.0,sell,3693.64,BTC-22FEB19-3875-C,52.37,0.006,10.0,0,1550472671208,15496735,92
2019-02-18 06:51:37.007,40.0,buy,3694.26,BTC-22FEB19-3875-C,52.26,0.006,40.0,1,1550472697007,15496764,93
2019-02-18 07:07:29.033,4.0,buy,3699.38,BTC-22FEB19-3875-C,53.08,0.0065,4.0,0,1550473649033,15497474,94
2019-02-18 07:08:47.942,10.0,buy,3701.4,BTC-22FEB19-3875-C,55.94,0.0075,10.0,0,1550473727942,15498455,95
2019-02-18 07:08:52.360,8.2,buy,3703.0,BTC-22FEB19-3875-C,55.64,0.0075,8.2,1,1550473732360,15498480,96
2019-02-18 08:23:04.201,2.0,sell,3690.7,BTC-22FEB19-3875-C,58.3,0.0075,2.0,1,1550478184201,15505242,97
2019-02-18 09:30:33.546,1.7,buy,3704.96,BTC-22FEB19-3875-C,60.62,0.009,1.7,0,1550482233546,15507232,98
2019-02-18 09:30:33.546,0.3,buy,3704.96,BTC-22FEB19-3875-C,62.13,0.0095,0.3,0,1550482233546,15507233,99
2019-02-18 10:03:53.874,0.9,sell,3700.71,BTC-22FEB19-3875-C,55.31,0.007,0.9,3,1550484233874,15508224,101
2019-02-18 10:03:53.874,2.1,sell,3700.71,BTC-22FEB19-3875-C,55.31,0.007,2.1,2,1550484233874,15508223,100
2019-02-18 10:06:20.506,0.7000000000000001,sell,3700.17,BTC-22FEB19-3875-C,55.42,0.007,0.7000000000000001,3,1550484380506,15508378,102
2019-02-18 10:06:20.517,1.6,sell,3700.17,BTC-22FEB19-3875-C,55.42,0.007,1.6,3,1550484380517,15508380,104
2019-02-18 10:06:20.517,0.6,sell,3700.17,BTC-22FEB19-3875-C,55.42,0.007,0.6,3,1550484380517,15508379,103
2019-02-18 10:06:20.541,1.2,sell,3700.17,BTC-22FEB19-3875-C,55.42,0.007,1.2,3,1550484380541,15508381,105
2019-02-18 10:06:28.417,0.7000000000000001,buy,3700.1,BTC-22FEB19-3875-C,55.43,0.007,0.7000000000000001,3,1550484388417,15508385,106
2019-02-18 10:06:28.417,0.3,buy,3700.1,BTC-22FEB19-3875-C,55.43,0.007,0.3,3,1550484388417,15508386,107
2019-02-18 10:06:33.275,3.3000000000000003,sell,3700.12,BTC-22FEB19-3875-C,53.78,0.0065,3.3000000000000003,2,1550484393275,15508390,108
2019-02-18 10:09:35.737,0.3,buy,3702.42,BTC-22FEB19-3875-C,55.02,0.007,0.3,0,1550484575737,15508474,109
2019-02-18 10:09:35.737,0.3,buy,3702.42,BTC-22FEB19-3875-C,55.02,0.007,0.3,1,1550484575737,15508475,110
2019-02-18 10:09:35.737,1.8,buy,3702.42,BTC-22FEB19-3875-C,55.02,0.007,1.8,1,1550484575737,15508476,111
2019-02-18 12:28:26.532,3.6,buy,3705.2,BTC-22FEB19-3875-C,55.18,0.007,3.6,1,1550492906532,15515848,112
2019-02-18 12:54:21.075,3.3000000000000003,buy,3728.19,BTC-22FEB19-3875-C,55.53,0.0085,3.3000000000000003,0,1550494461075,15518242,113
2019-02-18 13:27:24.557,10.0,buy,3756.61,BTC-22FEB19-3875-C,54.15,0.01,10.0,0,1550496444557,15525040,114
2019-02-18 13:36:19.239,2.8000000000000003,sell,3772.45,BTC-22FEB19-3875-C,50.72,0.01,2.8000000000000003,1,1550496979239,15527962,115
2019-02-18 13:36:33.441,1.4000000000000001,sell,3771.92,BTC-22FEB19-3875-C,50.84,0.01,1.4000000000000001,1,1550496993441,15527988,116
2019-02-18 13:36:51.694,6.0,buy,3771.67,BTC-22FEB19-3875-C,50.9,0.01,6.0,1,1550497011694,15528022,117
2019-02-18 13:36:55.079,6.0,buy,3771.46,BTC-22FEB19-3875-C,50.94,0.01,6.0,1,1550497015079,15528027,118
2019-02-18 13:37:25.150,6.0,buy,3770.96,BTC-22FEB19-3875-C,51.06,0.01,6.0,1,1550497045150,15528099,119
2019-02-18 13:37:53.620,0.1,sell,3768.99,BTC-22FEB19-3875-C,50.09,0.0095,0.1,2,1550497073620,15528206,120
2019-02-18 13:39:20.097,6.0,buy,3766.23,BTC-22FEB19-3875-C,52.11,0.01,6.0,0,1550497160097,15528870,121
2019-02-18 13:40:20.035,6.0,buy,3769.96,BTC-22FEB19-3875-C,51.29,0.01,6.0,1,1550497220035,15529122,122
2019-02-18 13:41:30.696,5.1000000000000005,buy,3775.41,BTC-22FEB19-3875-C,50.08,0.01,5.1000000000000005,1,1550497290696,15529304,123
2019-02-18 13:41:46.372,20.0,buy,3781.44,BTC-22FEB19-3875-C,48.74,0.01,20.0,1,1550497306372,15529411,124
2019-02-18 13:41:46.592,13.5,buy,3781.44,BTC-22FEB19-3875-C,48.74,0.01,13.5,1,1550497306592,15529412,125
2019-02-18 13:41:54.980,1.4000000000000001,buy,3787.46,BTC-22FEB19-3875-C,50.09,0.011,1.4000000000000001,0,1550497314980,15529581,126
2019-02-18 14:14:34.749,0.3,buy,3800.15,BTC-22FEB19-3875-C,55.16,0.014,0.3,0,1550499274749,15538732,127
2019-02-18 14:16:31.482,3.0,buy,3804.82,BTC-22FEB19-3875-C,56.6,0.015,3.0,0,1550499391482,15538924,128
2019-02-18 14:17:30.896,0.2,sell,3809.16,BTC-22FEB19-3875-C,52.92,0.014,0.2,2,1550499450896,15539028,129
2019-02-18 14:21:46.836,0.2,sell,3815.02,BTC-22FEB19-3875-C,54.03,0.015,0.2,0,1550499706836,15539727,130
2019-02-18 14:24:28.938,0.1,buy,3826.31,BTC-22FEB19-3875-C,56.16,0.017,0.1,0,1550499868938,15540287,131
2019-02-18 14:24:28.938,5.9,buy,3826.31,BTC-22FEB19-3875-C,56.16,0.017,5.9,1,1550499868938,15540288,132
2019-02-18 14:25:29.012,0.3,sell,3822.05,BTC-22FEB19-3875-C,53.49,0.0155,0.3,2,1550499929012,15540705,133
2019-02-18 14:26:01.522,1.3,sell,3823.2,BTC-22FEB19-3875-C,54.47,0.016,1.3,0,1550499961522,15540845,134
2019-02-18 14:33:42.294,0.5,buy,3813.03,BTC-22FEB19-3875-C,55.89,0.0155,0.5,2,1550500422294,15541632,135
2019-02-18 14:36:39.014,2.7,sell,3808.55,BTC-22FEB19-3875-C,51.88,0.0135,2.7,2,1550500599014,15542057,136
2019-02-18 14:38:28.565,2.4,buy,3805.69,BTC-22FEB19-3875-C,55.2,0.0145,2.4,0,1550500708565,15542411,137
2019-02-18 14:41:31.704,0.1,buy,3808.44,BTC-22FEB19-3875-C,57.1,0.0155,0.1,0,1550500891704,15542599,139
2019-02-18 14:41:31.704,1.9000000000000001,buy,3808.44,BTC-22FEB19-3875-C,55.82,0.015,1.9000000000000001,0,1550500891704,15542598,138
2019-02-18 15:58:33.550,0.5,buy,3806.66,BTC-22FEB19-3875-C,50.12,0.0125,0.5,2,1550505513550,15547198,140
2019-02-18 16:02:46.607,0.1,buy,3816.63,BTC-22FEB19-3875-C,48.94,0.013,0.1,0,1550505766607,15547522,141
2019-02-18 16:02:49.937,0.4,buy,3818.46,BTC-22FEB19-3875-C,49.77,0.0135,0.4,0,1550505769937,15547535,142
2019-02-18 16:05:52.151,1.0,buy,3822.22,BTC-22FEB19-3875-C,50.1,0.014,1.0,0,1550505952151,15547938,143
2019-02-18 16:05:54.623,1.0,buy,3822.94,BTC-22FEB19-3875-C,49.91,0.014,1.0,1,1550505954623,15547965,144
2019-02-18 16:07:41.085,10.0,buy,3831.12,BTC-22FEB19-3875-C,47.75,0.014,10.0,1,1550506061085,15548530,145
2019-02-18 16:07:49.955,5.0,buy,3833.29,BTC-22FEB19-3875-C,47.17,0.014,5.0,1,1550506069955,15548604,146
2019-02-18 16:07:51.697,3.0,buy,3833.32,BTC-22FEB19-3875-C,47.16,0.014,3.0,1,1550506071697,15548613,147
2019-02-18 16:17:03.658,2.6,sell,3823.03,BTC-22FEB19-3875-C,49.94,0.014,2.6,1,1550506623658,15549923,148
2019-02-18 16:18:24.240,15.0,buy,3827.73,BTC-22FEB19-3875-C,48.7,0.014,15.0,1,1550506704240,15550059,149
2019-02-18 16:18:26.635,2.4,buy,3827.73,BTC-22FEB19-3875-C,48.7,0.014,2.4,1,1550506706635,15550065,150
2019-02-18 16:27:57.666,0.3,buy,3869.83,BTC-22FEB19-3875-C,48.02,0.0185,0.3,0,1550507277666,15553666,151
2019-02-18 16:28:02.913,10.0,buy,3869.98,BTC-22FEB19-3875-C,49.23,0.019,10.0,0,1550507282913,15553674,152
2019-02-18 16:28:04.499,10.0,buy,3870.41,BTC-22FEB19-3875-C,49.09,0.019,10.0,1,1550507284499,15553692,153
2019-02-18 16:30:47.793,3.5,buy,3885.38,BTC-22FEB19-3875-C,46.81,0.02,3.5,0,1550507447793,15554486,154
2019-02-18 16:35:03.821,5.5,buy,3909.68,BTC-22FEB19-3875-C,51.06,0.025,5.5,0,1550507703821,15557001,155
2019-02-18 16:35:05.433,1.3,buy,3911.58,BTC-22FEB19-3875-C,50.37,0.025,1.3,1,1550507705433,15557048,156
2019-02-18 16:35:07.169,0.7000000000000001,buy,3911.58,BTC-22FEB19-3875-C,50.37,0.025,0.7000000000000001,1,1550507707169,15557060,157
2019-02-18 16:35:09.240,5.5,buy,3912.46,BTC-22FEB19-3875-C,50.04,0.025,5.5,1,1550507709240,15557092,158
2019-02-18 16:35:10.638,0.5,buy,3912.71,BTC-22FEB19-3875-C,49.95,0.025,0.5,1,1550507710638,15557122,159
2019-02-18 16:35:12.968,6.5,buy,3912.83,BTC-22FEB19-3875-C,49.91,0.025,6.5,1,1550507712968,15557141,160
2019-02-18 16:37:37.292,0.1,buy,3890.93,BTC-22FEB19-3875-C,53.81,0.0235,0.1,0,1550507857292,15558334,162
2019-02-18 16:37:37.292,3.4,buy,3890.93,BTC-22FEB19-3875-C,48.76,0.0215,3.4,2,1550507857292,15558333,161
2019-02-18 16:41:11.970,3.3000000000000003,buy,3893.82,BTC-22FEB19-3875-C,47.79,0.0215,3.3000000000000003,2,1550508071970,15558978,163
2019-02-18 16:44:37.586,0.3,sell,3849.01,BTC-22FEB19-3875-C,50.56,0.017,0.3,2,1550508277586,15560825,164
2019-02-18 16:44:37.596,4.3,buy,3849.01,BTC-22FEB19-3875-C,50.56,0.017,4.3,3,1550508277596,15560827,165
2019-02-18 16:45:39.558,2.0,sell,3862.56,BTC-22FEB19-3875-C,47.82,0.0175,2.0,0,1550508339558,15561946,166
2019-02-18 16:52:55.486,0.1,buy,3869.48,BTC-22FEB19-3875-C,52.01,0.02,0.1,0,1550508775486,15563943,167
2019-02-18 17:03:33.092,2.2,buy,3845.52,BTC-22FEB19-3875-C,52.93,0.0175,2.2,2,1550509413092,15566538,168
2019-02-18 17:03:38.685,0.1,buy,3846.63,BTC-22FEB19-3875-C,53.87,0.018,0.1,0,1550509418685,15566579,169
2019-02-18 17:03:38.685,5.3,buy,3846.63,BTC-22FEB19-3875-C,53.87,0.018,5.3,1,1550509418685,15566580,170
2019-02-18 17:16:32.886,9.4,buy,3865.98,BTC-22FEB19-3875-C,58.26,0.022,9.4,0,1550510192886,15568369,171
2019-02-18 17:37:32.000,1.0,buy,3860.15,BTC-22FEB19-3875-C,57.64,0.021,1.0,2,1550511452000,15570167,172
2019-02-18 17:39:33.574,0.2,buy,3860.03,BTC-22FEB19-3875-C,58.95,0.0215,0.2,0,1550511573574,15570203,173
2019-02-18 17:54:14.578,5.0,buy,3852.75,BTC-22FEB19-3875-C,56.15,0.0195,5.0,2,1550512454578,15570880,174
2019-02-18 18:30:57.206,1.0,sell,3888.37,BTC-22FEB19-3875-C,61.63,0.026,1.0,0,1550514657206,15573388,175
2019-02-18 18:47:22.369,0.2,buy,3892.3,BTC-22FEB19-3875-C,59.13,0.0255,0.2,2,1550515642369,15573906,176
2019-02-18 18:52:24.342,1.0,sell,3887.74,BTC-22FEB19-3875-C,55.59,0.0235,1.0,2,1550515944342,15574065,177
2019-02-18 18:52:36.386,1.0,sell,3887.71,BTC-22FEB19-3875-C,55.6,0.0235,1.0,3,1550515956386,15574066,178
2019-02-18 18:52:42.305,1.0,sell,3887.43,BTC-22FEB19-3875-C,55.69,0.0235,1.0,3,1550515962305,15574067,179
2019-02-18 19:37:34.002,0.2,sell,3887.38,BTC-22FEB19-3875-C,58.52,0.0245,0.2,0,1550518654002,15576241,180
2019-02-18 19:40:12.249,3.7,sell,3881.42,BTC-22FEB19-3875-C,57.95,0.0235,3.7,2,1550518812249,15576500,181
2019-02-18 19:40:28.440,1.3,sell,3882.6,BTC-22FEB19-3875-C,56.28,0.023,1.3,2,1550518828440,15576510,182
2019-02-18 20:00:53.553,4.3,sell,3863.52,BTC-22FEB19-3875-C,57.41,0.021,4.3,2,1550520053553,15577584,183
2019-02-18 20:03:56.729,4.3,sell,3866.14,BTC-22FEB19-3875-C,56.61,0.021,4.3,3,1550520236729,15577853,184
2019-02-18 20:03:56.729,0.3,sell,3866.14,BTC-22FEB19-3875-C,55.32,0.0205,0.3,2,1550520236729,15577854,185
2019-02-18 20:03:56.734,0.1,buy,3866.14,BTC-22FEB19-3875-C,55.32,0.0205,0.1,3,1550520236734,15577855,186
2019-02-18 20:58:22.379,0.5,sell,3863.46,BTC-22FEB19-3875-C,57.75,0.021,0.5,0,1550523502379,15580184,187
2019-02-18 21:27:55.090,0.2,sell,3864.86,BTC-22FEB19-3875-C,56.2,0.0205,0.2,2,1550525275090,15581233,188
2019-02-18 21:27:55.093,4.8,buy,3864.86,BTC-22FEB19-3875-C,56.2,0.0205,4.8,3,1550525275093,15581234,189
2019-02-18 22:07:13.121,2.4,buy,3837.23,BTC-22FEB19-3875-C,59.58,0.0185,2.4,2,1550527633121,15582717,190
2019-02-18 22:07:55.463,1.9000000000000001,buy,3832.95,BTC-22FEB19-3875-C,58.19,0.0175,1.9000000000000001,2,1550527675463,15582906,191
2019-02-18 22:07:59.465,1.9000000000000001,buy,3832.03,BTC-22FEB19-3875-C,58.45,0.0175,1.9000000000000001,3,1550527679465,15582914,192
2019-02-18 22:13:28.215,2.0,sell,3846.36,BTC-22FEB19-3875-C,59.54,0.0195,2.0,0,1550528008215,15583331,193
2019-02-18 22:36:58.089,1.0,sell,3849.1,BTC-22FEB19-3875-C,65.38,0.022,1.0,0,1550529418089,15584616,194
2019-02-18 23:12:27.797,0.3,buy,3867.68,BTC-22FEB19-3875-C,65.03,0.024,0.3,0,1550531547797,15585645,195
2019-02-18 23:13:28.176,0.2,buy,3872.99,BTC-22FEB19-3875-C,65.93,0.025,0.2,1,1550531608176,15585698,197
2019-02-18 23:13:28.176,0.8,buy,3872.99,BTC-22FEB19-3875-C,65.93,0.025,0.8,0,1550531608176,15585697,196
2019-02-18 23:14:34.354,1.0,buy,3871.41,BTC-22FEB19-3875-C,66.45,0.025,1.0,1,1550531674354,15585728,198
2019-02-18 23:14:35.276,1.0,buy,3871.41,BTC-22FEB19-3875-C,66.45,0.025,1.0,1,1550531675276,15585729,199
2019-02-18 23:14:36.050,1.0,buy,3870.99,BTC-22FEB19-3875-C,66.59,0.025,1.0,1,1550531676050,15585730,200
2019-02-18 23:14:36.711,1.0,buy,3870.99,BTC-22FEB19-3875-C,66.59,0.025,1.0,1,1550531676711,15585731,201
2019-02-18 23:15:19.717,1.0,sell,3873.25,BTC-22FEB19-3875-C,65.85,0.025,1.0,1,1550531719717,15585745,202
2019-02-18 23:16:36.447,0.5,sell,3871.89,BTC-22FEB19-3875-C,65.01,0.0245,0.5,2,1550531796447,15585815,203
2019-02-18 23:20:04.340,0.7000000000000001,sell,3868.39,BTC-22FEB19-3875-C,64.85,0.024,0.7000000000000001,2,1550532004340,15585913,204
2019-02-18 23:25:25.144,1.0,sell,3861.23,BTC-22FEB19-3875-C,65.87,0.0235,1.0,2,1550532325144,15586126,205
2019-02-18 23:27:42.779,6.0,buy,3862.12,BTC-22FEB19-3875-C,66.91,0.024,6.0,0,1550532462779,15586216,206
2019-02-18 23:27:42.779,1.2,buy,3862.12,BTC-22FEB19-3875-C,68.22,0.0245,1.2,0,1550532462779,15586217,207
2019-02-19 00:04:51.761,0.2,buy,3884.03,BTC-22FEB19-3875-C,67.85,0.027,0.2,0,1550534691761,15587858,208
2019-02-19 00:04:51.761,0.3,buy,3884.03,BTC-22FEB19-3875-C,67.85,0.027,0.3,1,1550534691761,15587859,209
2019-02-19 00:14:25.276,3.4,buy,3890.01,BTC-22FEB19-3875-C,65.87,0.027,3.4,1,1550535265276,15588862,210
2019-02-19 00:15:40.625,3.4,buy,3891.26,BTC-22FEB19-3875-C,65.45,0.027,3.4,1,1550535340625,15588969,211
2019-02-19 00:16:12.837,1.0,buy,3892.66,BTC-22FEB19-3875-C,66.28,0.0275,1.0,0,1550535372837,15589013,212
2019-02-19 00:19:36.993,5.0,buy,3904.1,BTC-22FEB19-3875-C,67.55,0.0295,5.0,0,1550535576993,15589451,213
2019-02-19 00:19:49.955,1.0,buy,3903.86,BTC-22FEB19-3875-C,66.31,0.029,1.0,2,1550535589955,15589545,214
2019-02-19 00:20:53.471,2.0,buy,3907.0,BTC-22FEB19-3875-C,67.84,0.03,2.0,0,1550535653471,15589690,215
2019-02-19 00:20:56.869,2.0,buy,3906.62,BTC-22FEB19-3875-C,66.65,0.0295,2.0,2,1550535656869,15589703,216
2019-02-19 00:20:58.205,2.0,buy,3905.14,BTC-22FEB19-3875-C,67.19,0.0295,2.0,3,1550535658205,15589709,217
2019-02-19 00:21:00.999,2.0,buy,3904.48,BTC-22FEB19-3875-C,67.42,0.0295,2.0,3,1550535660999,15589714,218
2019-02-19 00:22:47.651,2.5,buy,3901.21,BTC-22FEB19-3875-C,68.61,0.0295,2.5,3,1550535767651,15589921,219
2019-02-19 00:26:59.333,3.0,buy,3894.08,BTC-22FEB19-3875-C,67.19,0.028,3.0,2,1550536019333,15590490,220
2019-02-19 00:28:13.633,3.0,buy,3897.33,BTC-22FEB19-3875-C,67.37,0.0285,3.0,0,1550536093633,15590558,221
2019-02-19 00:30:00.987,3.0,buy,3897.45,BTC-22FEB19-3875-C,67.35,0.0285,3.0,1,1550536200987,15590678,222
2019-02-19 00:30:22.029,3.0,buy,3898.44,BTC-22FEB19-3875-C,68.32,0.029,3.0,0,1550536222029,15590704,223
2019-02-19 00:31:12.849,3.0,buy,3899.75,BTC-22FEB19-3875-C,69.19,0.0295,3.0,0,1550536272849,15590815,224
2019-02-19 00:31:29.570,3.0,buy,3899.94,BTC-22FEB19-3875-C,69.12,0.0295,3.0,1,1550536289570,15590827,225
2019-02-19 00:32:23.485,3.0,buy,3901.81,BTC-22FEB19-3875-C,68.46,0.0295,3.0,1,1550536343485,15590963,226
2019-02-19 00:34:14.491,5.0,buy,3900.07,BTC-22FEB19-3875-C,69.1,0.0295,5.0,1,1550536454491,15591039,227
2019-02-19 00:34:53.005,3.0,buy,3900.63,BTC-22FEB19-3875-C,70.23,0.03,3.0,1,1550536493005,15591078,229
2019-02-19 00:34:53.005,6.0,buy,3900.63,BTC-22FEB19-3875-C,70.23,0.03,6.0,0,1550536493005,15591077,228
2019-02-19 00:39:54.757,2.4,buy,3930.69,BTC-22FEB19-3875-C,68.45,0.0335,2.4,0,1550536794757,15593305,230
2019-02-19 00:40:40.555,2.3000000000000003,buy,3937.41,BTC-22FEB19-3875-C,68.53,0.0345,2.3000000000000003,0,1550536840555,15593506,231
2019-02-19 00:40:42.629,0.8,buy,3937.05,BTC-22FEB19-3875-C,70.04,0.035,0.8,0,1550536842629,15593519,232
2019-02-19 00:40:42.738,0.4,buy,3937.05,BTC-22FEB19-3875-C,70.04,0.035,0.4,1,1550536842738,15593521,233
2019-02-19 00:40:42.763,1.1,buy,3937.05,BTC-22FEB19-3875-C,70.04,0.035,1.1,1,1550536842763,15593522,234
2019-02-19 00:49:23.765,1.0,buy,3923.17,BTC-22FEB19-3875-C,70.07,0.033,1.0,2,1550537363765,15596009,235
2019-02-19 00:55:55.282,2.4,sell,3927.14,BTC-22FEB19-3875-C,68.59,0.033,2.4,3,1550537755282,15596741,236
2019-02-19 00:55:56.711,2.4,buy,3927.11,BTC-22FEB19-3875-C,68.6,0.033,2.4,3,1550537756711,15596760,237
2019-02-19 00:57:34.007,0.2,buy,3927.87,BTC-22FEB19-3875-C,72.39,0.0345,0.2,0,1550537854007,15596899,238
2019-02-19 00:58:05.698,1.0,sell,3926.61,BTC-22FEB19-3875-C,67.46,0.0325,1.0,2,1550537885698,15596946,239
2019-02-19 01:03:37.719,3.0,sell,3901.14,BTC-22FEB19-3875-C,68.93,0.0295,3.0,2,1550538217719,15597823,240
2019-02-19 01:32:13.744,0.2,sell,3875.83,BTC-22FEB19-3875-C,71.25,0.027,0.2,2,1550539933744,15600596,241
2019-02-19 01:37:20.899,0.3,sell,3876.25,BTC-22FEB19-3875-C,71.14,0.027,0.3,3,1550540240899,15601208,242
2019-02-19 01:41:57.577,5.0,sell,3874.78,BTC-22FEB19-3875-C,70.35,0.0265,5.0,2,1550540517577,15601465,243
2019-02-19 01:42:03.019,3.7,sell,3873.85,BTC-22FEB19-3875-C,69.33,0.026,3.7,2,1550540523019,15601476,244
2019-02-19 01:43:12.586,4.3,buy,3865.37,BTC-22FEB19-3875-C,69.47,0.025,4.3,2,1550540592586,15602054,245
2019-02-19 01:43:12.586,0.2,buy,3865.37,BTC-22FEB19-3875-C,69.47,0.025,0.2,3,1550540592586,15602055,246
2019-02-19 01:57:50.590,0.5,buy,3867.79,BTC-22FEB19-3875-C,71.45,0.026,0.5,0,1550541470590,15604048,247
2019-02-19 01:57:50.590,0.2,buy,3867.79,BTC-22FEB19-3875-C,71.45,0.026,0.2,1,1550541470590,15604049,248
2019-02-19 01:58:41.644,1.0,buy,3869.02,BTC-22FEB19-3875-C,73.71,0.027,1.0,0,1550541521644,15604077,249
2019-02-19 02:00:50.348,0.5,buy,3864.08,BTC-22FEB19-3875-C,74.01,0.0265,0.5,2,1550541650348,15604168,250
2019-02-19 02:00:50.348,0.5,buy,3864.08,BTC-22FEB19-3875-C,74.01,0.0265,0.5,3,1550541650348,15604169,251
2019-02-19 02:16:26.243,0.2,sell,3872.51,BTC-22FEB19-3875-C,70.03,0.026,0.2,2,1550542586243,15604934,252
2019-02-19 02:31:18.485,6.0,buy,3860.93,BTC-22FEB19-3875-C,73.93,0.026,6.0,3,1550543478485,15605480,253
2019-02-19 02:47:27.935,2.1,sell,3865.24,BTC-22FEB19-3875-C,71.32,0.0255,2.1,2,1550544447935,15606010,254
2019-02-19 03:35:28.518,0.1,sell,3863.43,BTC-22FEB19-3875-C,69.61,0.0245,0.1,2,1550547328518,15607140,255
2019-02-19 03:36:52.623,0.1,sell,3863.54,BTC-22FEB19-3875-C,69.59,0.0245,0.1,3,1550547412623,15607169,256
2019-02-19 04:02:49.240,1.0,buy,3868.57,BTC-22FEB19-3875-C,72.16,0.026,1.0,0,1550548969240,15607720,257
2019-02-19 07:10:24.022,0.1,buy,3883.6,BTC-22FEB19-3875-C,67.1,0.0255,0.1,3,1550560224022,15612412,259
2019-02-19 07:10:24.022,1.0,buy,3883.6,BTC-22FEB19-3875-C,67.1,0.0255,1.0,2,1550560224022,15612411,258
2019-02-19 10:03:34.011,1.0,sell,3870.35,BTC-22FEB19-3875-C,64.76,0.0225,1.0,2,1550570614011,15618150,260
2019-02-19 10:07:47.226,6.0,sell,3862.24,BTC-22FEB19-3875-C,63.37,0.021,6.0,2,1550570867226,15618265,261
2019-02-19 10:08:39.709,5.0,buy,3864.14,BTC-22FEB19-3875-C,62.74,0.021,5.0,3,1550570919709,15618277,262
2019-02-19 10:09:12.214,4.2,buy,3864.13,BTC-22FEB19-3875-C,62.74,0.021,4.2,3,1550570952214,15618304,263
2019-02-19 11:08:12.031,6.0,sell,3871.62,BTC-22FEB19-3875-C,66.23,0.023,6.0,0,1550574492031,15620254,264
2019-02-19 11:20:44.324,3.0,sell,3869.46,BTC-22FEB19-3875-C,67.09,0.023,3.0,1,1550575244324,15620708,265
2019-02-19 11:24:08.574,2.0,sell,3866.1,BTC-22FEB19-3875-C,68.29,0.023,2.0,1,1550575448574,15620803,266
2019-02-19 11:25:04.355,1.0,sell,3865.96,BTC-22FEB19-3875-C,62.68,0.021,1.0,2,1550575504355,15620804,267
2019-02-19 11:37:11.775,2.0,sell,3868.7,BTC-22FEB19-3875-C,64.66,0.022,2.0,0,1550576231775,15620912,268
2019-02-19 12:47:22.760,0.8,buy,3890.25,BTC-22FEB19-3875-C,67.35,0.0255,0.8,0,1550580442760,15623420,269
2019-02-19 12:47:22.760,0.1,buy,3890.25,BTC-22FEB19-3875-C,67.35,0.0255,0.1,1,1550580442760,15623421,270
2019-02-19 13:18:45.793,6.0,buy,3905.79,BTC-22FEB19-3875-C,62.98,0.026,6.0,0,1550582325793,15625040,271
2019-02-19 13:18:49.447,4.0,buy,3905.8,BTC-22FEB19-3875-C,62.98,0.026,4.0,1,1550582329447,15625047,272
2019-02-19 13:20:03.971,2.0,sell,3901.62,BTC-22FEB19-3875-C,61.75,0.025,2.0,2,1550582403971,15625193,273
2019-02-19 13:22:07.744,4.0,buy,3908.48,BTC-22FEB19-3875-C,69.21,0.0285,4.0,0,1550582527744,15625386,274
2019-02-19 13:38:11.183,5.0,sell,3935.44,BTC-22FEB19-3875-C,65.28,0.031,5.0,0,1550583491183,15630179,275
2019-02-19 13:52:11.584,0.1,buy,3938.14,BTC-22FEB19-3875-C,70.22,0.033,0.1,0,1550584331584,15633967,276
2019-02-19 13:52:20.079,0.1,buy,3936.34,BTC-22FEB19-3875-C,72.52,0.0335,0.1,0,1550584340079,15633994,277
2019-02-19 13:52:21.991,0.1,buy,3936.34,BTC-22FEB19-3875-C,72.52,0.0335,0.1,1,1550584341991,15634004,278
2019-02-19 13:54:55.988,0.1,sell,3955.5,BTC-22FEB19-3875-C,74.5,0.037,0.1,0,1550584495988,15634774,279
2019-02-19 13:54:58.197,0.7000000000000001,sell,3955.5,BTC-22FEB19-3875-C,74.5,0.037,0.7000000000000001,1,1550584498197,15634790,280
2019-02-19 13:59:36.773,0.1,sell,3952.42,BTC-22FEB19-3875-C,62.09,0.0325,0.1,2,1550584776773,15636894,281
2019-02-19 14:01:23.029,0.1,buy,3963.9,BTC-22FEB19-3875-C,64.24,0.035,0.1,0,1550584883029,15637251,282
2019-02-19 14:01:24.015,0.1,buy,3964.27,BTC-22FEB19-3875-C,64.06,0.035,0.1,1,1550584884015,15637260,283
2019-02-19 21:35:49.171,0.1,sell,3926.17,BTC-22FEB19-3875-C,65.99,0.0285,0.1,2,1550612149171,15662506,284
2019-02-19 21:35:49.171,0.9,sell,3926.17,BTC-22FEB19-3875-C,64.4,0.028,0.9,2,1550612149171,15662507,285
2019-02-19 21:45:34.214,1.0,sell,3913.37,BTC-22FEB19-3875-C,64.05,0.026,1.0,2,1550612734214,15663097,286
2019-02-19 21:46:12.631,1.0,sell,3914.45,BTC-22FEB19-3875-C,63.57,0.026,1.0,3,1550612772631,15663110,287
2019-02-19 21:46:22.567,1.0,sell,3914.84,BTC-22FEB19-3875-C,63.39,0.026,1.0,3,1550612782567,15663118,288
2019-02-19 21:46:25.257,1.0,sell,3914.84,BTC-22FEB19-3875-C,64.96,0.0265,1.0,0,1550612785257,15663120,289
2019-02-19 21:57:21.184,0.1,buy,3886.63,BTC-22FEB19-3875-C,73.94,0.0255,0.1,2,1550613441184,15665078,290
2019-02-19 22:07:04.571,0.1,buy,3900.45,BTC-22FEB19-3875-C,74.56,0.0275,0.1,0,1550614024571,15665689,291
2019-02-19 22:07:04.571,0.9,buy,3900.45,BTC-22FEB19-3875-C,74.56,0.0275,0.9,1,1550614024571,15665690,292
2019-02-19 22:22:31.216,0.1,buy,3908.51,BTC-22FEB19-3875-C,75.97,0.029,0.1,0,1550614951216,15666683,293
2019-02-19 22:22:31.216,0.2,buy,3908.51,BTC-22FEB19-3875-C,75.97,0.029,0.2,1,1550614951216,15666684,294
2019-02-20 00:30:27.422,0.1,buy,3877.83,BTC-22FEB19-3875-C,71.31,0.023,0.1,2,1550622627422,15670797,295
2019-02-20 00:32:28.307,0.3,sell,3874.87,BTC-22FEB19-3875-C,69.36,0.022,0.3,2,1550622748307,15670872,296
2019-02-20 00:38:12.670,6.3,buy,3870.96,BTC-22FEB19-3875-C,67.82,0.021,6.3,2,1550623092670,15671352,297
2019-02-20 00:38:13.002,0.8,buy,3870.96,BTC-22FEB19-3875-C,67.82,0.021,0.8,3,1550623093002,15671353,298
2019-02-20 00:53:20.498,1.0,buy,3880.13,BTC-22FEB19-3875-C,67.47,0.022,1.0,0,1550624000498,15671976,299
2019-02-20 01:03:05.922,1.1,buy,3881.68,BTC-22FEB19-3875-C,73.28,0.024,1.1,0,1550624585922,15672153,300
2019-02-20 02:16:25.887,4.5,buy,3889.64,BTC-22FEB19-3875-C,67.55,0.023,4.5,2,1550628985887,15673967,301
2019-02-20 04:40:19.655,1.0,sell,3892.48,BTC-22FEB19-3875-C,62.92,0.0215,1.0,2,1550637619655,15676427,302
2019-02-20 10:25:33.395,3.9,buy,3936.26,BTC-22FEB19-3875-C,71.03,0.029,3.9,0,1550658333395,15686229,303
2019-02-20 10:54:34.238,1.9000000000000001,sell,3937.14,BTC-22FEB19-3875-C,63.47,0.027,1.9000000000000001,2,1550660074238,15688590,304
2019-02-20 10:58:31.361,0.1,buy,3934.85,BTC-22FEB19-3875-C,64.84,0.027,0.1,3,1550660311361,15688829,305
2019-02-20 11:26:47.171,0.2,sell,3921.88,BTC-22FEB19-3875-C,59.6,0.0235,0.2,2,1550662007171,15690371,306
2019-02-20 16:51:28.577,2.0,buy,3917.3,BTC-22FEB19-3875-C,66.26,0.0235,2.0,3,1550681488577,15705825,307
2019-02-20 19:58:14.315,1.0,buy,3924.0,BTC-22FEB19-3875-C,58.73,0.022,1.0,0,1550692694315,15709352,309
2019-02-20 19:58:14.315,0.8,buy,3924.0,BTC-22FEB19-3875-C,64.94,0.0235,0.8,0,1550692694315,15709353,310
2019-02-20 19:58:14.315,1.0,buy,3924.0,BTC-22FEB19-3875-C,71.09,0.025,1.0,0,1550692694315,15709354,311
2019-02-20 19:58:14.315,1.2,buy,3924.0,BTC-22FEB19-3875-C,77.2,0.0265,1.2,0,1550692694315,15709355,312
2019-02-20 19:58:14.315,1.0,buy,3924.0,BTC-22FEB19-3875-C,56.65,0.0215,1.0,2,1550692694315,15709351,308
2019-02-20 20:17:14.933,0.1,sell,3932.21,BTC-22FEB19-3875-C,42.26,0.0195,0.1,2,1550693834933,15710574,313
2019-02-20 22:11:31.354,0.1,sell,3920.04,BTC-22FEB19-3875-C,52.56,0.0195,0.1,3,1550700691354,15712880,314
