date_utc,amount,direction,indexPrice,instrument,iv,price,quantity,tickDirection,timeStamp,tradeId,tradeSeq
2019-05-11 14:44:24.968,10.0,sell,189.4,ETH-24MAY19-250-C,108.29,0.009000000000000001,10.0,1,1557585864968,1784445,1
2019-05-11 14:44:25.496,10.0,sell,189.4,ETH-24MAY19-250-C,111.24,0.01,10.0,0,1557585865496,1784446,2
2019-05-11 14:45:46.243,10.0,sell,189.36,ETH-24MAY19-250-C,108.36,0.009000000000000001,10.0,2,1557585946243,1784487,3
2019-05-11 14:45:47.438,10.0,sell,189.37,ETH-24MAY19-250-C,111.29,0.01,10.0,0,1557585947438,1784488,4
2019-05-11 14:45:48.409,10.0,sell,189.35,ETH-24MAY19-250-C,111.32,0.01,10.0,1,1557585948409,1784491,5
2019-05-11 14:46:19.993,10.0,sell,189.07,ETH-24MAY19-250-C,108.79,0.009000000000000001,10.0,2,1557585979993,1784513,6
2019-05-11 14:46:21.451,10.0,sell,189.07,ETH-24MAY19-250-C,111.74,0.01,10.0,0,1557585981451,1784517,7
2019-05-11 14:48:20.069,10.0,sell,188.86,ETH-24MAY19-250-C,109.1,0.009000000000000001,10.0,2,1557586100069,1784613,8
2019-05-11 14:48:21.556,10.0,sell,188.84,ETH-24MAY19-250-C,112.09,0.01,10.0,0,1557586101556,1784614,9
2019-05-11 22:59:31.723,4.0,buy,200.45,ETH-24MAY19-250-C,108.3,0.015,4.0,0,1557615571723,1833408,10
2019-05-11 23:01:36.491,1.0,buy,200.71,ETH-24MAY19-250-C,107.89,0.015,1.0,1,1557615696491,1833795,11
2019-05-12 14:38:55.781,1.0,sell,188.53,ETH-24MAY19-250-C,120.17,0.011000000000000001,1.0,2,1557671935781,1964819,12
2019-05-12 17:21:44.356,10.0,buy,184.89,ETH-24MAY19-250-C,116.98,0.008,10.0,2,1557681704356,1981242,13
2019-05-13 16:06:46.124,15.0,buy,207.95,ETH-24MAY19-250-C,124.76,0.025,15.0,0,1557763606124,2041588,14
2019-05-13 16:06:46.146,85.0,sell,208.01,ETH-24MAY19-250-C,132.3,0.028999999999999998,85.0,0,1557763606146,2041589,15
2019-05-13 20:49:26.801,10.0,buy,200.64,ETH-24MAY19-250-C,131.25,0.021,10.0,2,1557780566801,2060265,16
2019-05-14 01:28:24.053,66.0,sell,199.96,ETH-24MAY19-250-C,131.52,0.02,66.0,2,1557797304053,2079469,17
2019-05-14 03:00:01.602,3.0,buy,204.55,ETH-24MAY19-250-C,153.38,0.035,3.0,0,1557802801602,2084022,18
2019-05-14 08:57:07.286,3.0,sell,206.69,ETH-24MAY19-250-C,127.4,0.023,3.0,2,1557824227286,2115509,19
2019-05-15 01:26:25.096,30.0,buy,222.43,ETH-24MAY19-250-C,134.93,0.042,30.0,0,1557883585096,2188131,20
2019-05-15 02:54:41.332,2.0,buy,223.05,ETH-24MAY19-250-C,130.5,0.04,2.0,2,1557888881332,2192802,21
2019-05-15 05:37:21.145,1.0,buy,228.84,ETH-24MAY19-250-C,144.82,0.055999999999999994,1.0,0,1557898641145,2203370,22
2019-05-15 06:13:44.543,3.0,sell,233.76,ETH-24MAY19-250-C,126.4,0.052000000000000005,3.0,2,1557900824543,2206073,23
2019-05-15 07:29:53.619,82.0,sell,227.06,ETH-24MAY19-250-C,126.14,0.042,82.0,2,1557905393619,2213218,24
2019-05-15 07:29:53.671,80.0,sell,227.06,ETH-24MAY19-250-C,126.14,0.042,80.0,3,1557905393671,2213227,25
2019-05-15 16:10:59.784,5.0,sell,238.42,ETH-24MAY19-250-C,127.25,0.057999999999999996,5.0,0,1557936659784,2254010,26
2019-05-15 23:29:05.517,10.0,buy,248.91,ETH-24MAY19-250-C,112.83,0.066,10.0,0,1557962945517,2293698,27
2019-05-16 00:30:31.871,1.0,buy,258.33,ETH-24MAY19-250-C,119.55,0.08800000000000001,1.0,0,1557966631871,2302555,28
2019-05-16 00:54:52.150,5.0,sell,262.34,ETH-24MAY19-250-C,114.02,0.09300000000000001,5.0,0,1557968092150,2309072,29
2019-05-16 01:15:58.054,5.0,buy,265.19,ETH-24MAY19-250-C,115.88,0.1,5.0,0,1557969358054,2312608,30
2019-05-16 01:20:51.538,10.0,sell,263.62,ETH-24MAY19-250-C,114.69,0.096,10.0,2,1557969651538,2313370,31
2019-05-16 05:52:05.227,2.0,buy,260.87,ETH-24MAY19-250-C,140.38,0.10400000000000001,2.0,0,1557985925227,2360232,32
2019-05-16 05:52:11.460,1.0,sell,260.88,ETH-24MAY19-250-C,126.2,0.096,1.0,2,1557985931460,2360240,33
2019-05-16 05:56:45.558,4.0,sell,259.27,ETH-24MAY19-250-C,131.93,0.096,4.0,3,1557986205558,2360620,34
2019-05-16 07:19:05.871,82.0,sell,264.64,ETH-24MAY19-250-C,117.99,0.099,82.0,0,1557991145871,2372179,35
2019-05-16 07:19:06.169,6.0,sell,264.63,ETH-24MAY19-250-C,118.03,0.099,6.0,1,1557991146169,2372187,36
2019-05-16 10:06:36.582,100.0,buy,251.96,ETH-24MAY19-250-C,135.34,0.083,100.0,2,1558001196582,2392432,37
2019-05-16 10:13:04.958,10.0,buy,247.96,ETH-24MAY19-250-C,139.4,0.078,10.0,2,1558001584958,2396160,38
2019-05-16 10:20:58.682,5.0,buy,247.02,ETH-24MAY19-250-C,154.27,0.085,5.0,0,1558002058682,2402448,39
2019-05-16 10:21:13.221,5.0,buy,247.88,ETH-24MAY19-250-C,155.06,0.087,5.0,0,1558002073221,2402541,40
2019-05-16 10:28:05.557,1.0,buy,250.64,ETH-24MAY19-250-C,148.26,0.08800000000000001,1.0,0,1558002485557,2404539,41
2019-05-16 10:50:29.503,1.0,sell,246.38,ETH-24MAY19-250-C,137.62,0.07400000000000001,1.0,2,1558003829503,2408528,42
2019-05-16 12:30:55.508,1.0,sell,250.88,ETH-24MAY19-250-C,132.77,0.079,1.0,0,1558009855508,2418950,43
2019-05-16 12:57:36.122,1.0,sell,243.18,ETH-24MAY19-250-C,130.83,0.064,1.0,2,1558011456122,2422117,44
2019-05-16 13:11:34.746,5.0,buy,246.74,ETH-24MAY19-250-C,152.86,0.083,5.0,0,1558012294746,2425212,45
2019-05-16 15:55:10.759,1.0,buy,275.39,ETH-24MAY19-250-C,136.4,0.13,1.0,0,1558022110759,2452759,46
2019-05-16 15:55:20.759,1.0,sell,275.76,ETH-24MAY19-250-C,153.12,0.139,1.0,0,1558022120759,2453066,47
2019-05-16 16:26:34.112,100.0,buy,266.51,ETH-24MAY19-250-C,124.75,0.105,100.0,2,1558023994112,2468981,48
2019-05-17 02:39:53.888,28.0,sell,248.6,ETH-24MAY19-250-C,131.29,0.071,28.0,2,1558060793888,2586037,49
2019-05-17 02:55:34.938,5.0,sell,246.43,ETH-24MAY19-250-C,109.84,0.055,5.0,2,1558061734938,2595706,50
2019-05-17 03:31:10.732,5.0,buy,241.96,ETH-24MAY19-250-C,123.82,0.055,5.0,3,1558063870732,2639857,51
2019-05-17 04:01:12.028,10.0,buy,240.27,ETH-24MAY19-250-C,150.62,0.067,10.0,0,1558065672028,2652645,52
2019-05-17 04:01:15.258,10.0,buy,240.21,ETH-24MAY19-250-C,150.8,0.067,10.0,1,1558065675258,2652655,53
2019-05-17 04:01:55.569,10.0,buy,240.24,ETH-24MAY19-250-C,152.51,0.068,10.0,0,1558065715569,2652775,54
2019-05-17 06:01:21.027,2.0,sell,234.88,ETH-24MAY19-250-C,141.76,0.053,2.0,2,1558072881027,2674006,55
2019-05-17 07:54:29.040,5.0,buy,239.97,ETH-24MAY19-250-C,131.41,0.055,5.0,0,1558079669040,2692378,56
2019-05-17 08:04:22.978,1.0,sell,239.5,ETH-24MAY19-250-C,108.98,0.042,1.0,2,1558080262978,2693799,57
2019-05-17 10:40:35.572,400.0,sell,233.36,ETH-24MAY19-250-C,113.76,0.035,400.0,2,1558089635572,2710449,58
2019-05-17 12:26:54.831,1.0,sell,223.79,ETH-24MAY19-250-C,129.13,0.03,1.0,2,1558096014831,2738089,59
2019-05-17 14:09:00.101,71.0,buy,240.24,ETH-24MAY19-250-C,138.68,0.057999999999999996,71.0,0,1558102140101,2757168,60
2019-05-17 14:10:09.151,300.0,buy,239.46,ETH-24MAY19-250-C,141.06,0.057999999999999996,300.0,1,1558102209151,2757237,61
2019-05-17 14:17:54.880,1.0,buy,238.66,ETH-24MAY19-250-C,141.68,0.057,1.0,2,1558102674880,2758150,62
2019-05-17 14:54:47.313,1.0,buy,236.83,ETH-24MAY19-250-C,141.79,0.054000000000000006,1.0,2,1558104887313,2761952,63
2019-05-17 20:37:50.201,10.0,sell,231.05,ETH-24MAY19-250-C,127.79,0.037000000000000005,10.0,2,1558125470201,2823942,64
2019-05-17 22:47:41.825,1.0,buy,238.17,ETH-24MAY19-250-C,143.23,0.055,1.0,0,1558133261825,2836208,65
2019-05-18 02:35:06.449,23.0,sell,239.87,ETH-24MAY19-250-C,128.06,0.049,23.0,3,1558146906449,2869990,67
2019-05-18 02:35:06.449,1.0,sell,239.87,ETH-24MAY19-250-C,128.06,0.049,1.0,2,1558146906449,2869989,66
2019-05-18 05:40:20.922,10.0,buy,244.17,ETH-24MAY19-250-C,138.78,0.061,10.0,0,1558158020922,2887522,68
2019-05-18 07:02:01.484,2.0,sell,241.08,ETH-24MAY19-250-C,126.14,0.049,2.0,2,1558162921484,2893602,69
2019-05-18 07:02:06.206,2.0,sell,241.13,ETH-24MAY19-250-C,120.07,0.046,2.0,2,1558162926206,2893607,70
2019-05-18 15:32:07.597,15.0,buy,240.15,ETH-24MAY19-250-C,126.97,0.046,15.0,3,1558193527597,2931323,71
2019-05-18 20:57:34.492,1.0,sell,236.3,ETH-24MAY19-250-C,112.26,0.032,1.0,2,1558213054492,2951358,72
2019-05-18 23:40:48.428,10.0,buy,236.06,ETH-24MAY19-250-C,120.76,0.035,10.0,0,1558222848428,2961971,73
2019-05-19 03:24:54.724,5.0,buy,249.62,ETH-24MAY19-250-C,110.89,0.052000000000000005,5.0,0,1558236294724,2985798,74
2019-05-19 03:53:40.650,1.0,buy,254.04,ETH-24MAY19-250-C,109.75,0.06,1.0,0,1558238020650,2989673,75
2019-05-19 04:01:59.029,1.0,sell,252.17,ETH-24MAY19-250-C,109.24,0.056,1.0,2,1558238519029,2991323,76
2019-05-19 04:06:52.691,2.0,sell,253.0,ETH-24MAY19-250-C,107.9,0.057,2.0,0,1558238812691,2992172,77
2019-05-19 04:51:46.009,1.0,buy,253.62,ETH-24MAY19-250-C,133.45,0.07,1.0,0,1558241506009,2996821,78
2019-05-19 04:53:00.700,1.0,buy,254.39,ETH-24MAY19-250-C,134.5,0.07200000000000001,1.0,0,1558241580700,2997031,79
2019-05-19 06:17:03.094,1.0,sell,252.93,ETH-24MAY19-250-C,128.52,0.066,1.0,2,1558246623094,3004089,80
2019-05-19 07:44:16.865,1.0,sell,255.14,ETH-24MAY19-250-C,110.94,0.062,1.0,2,1558251856865,3007605,81
2019-05-19 08:44:43.089,2.0,sell,255.02,ETH-24MAY19-250-C,111.96,0.062,2.0,3,1558255483089,3013505,82
2019-05-19 10:59:15.601,1.0,buy,258.58,ETH-24MAY19-250-C,134.63,0.079,1.0,0,1558263555601,3021440,83
2019-05-19 11:59:05.076,23.0,buy,254.5,ETH-24MAY19-250-C,111.43,0.06,23.0,2,1558267145076,3024168,84
2019-05-19 17:38:48.423,1.0,buy,257.5,ETH-24MAY19-250-C,115.95,0.067,1.0,0,1558287528423,3044081,85
2019-05-19 23:14:46.181,3.0,buy,264.25,ETH-24MAY19-250-C,113.95,0.08,3.0,0,1558307686181,3069157,86
2019-05-19 23:40:39.678,1.0,sell,261.47,ETH-24MAY19-250-C,110.08,0.07200000000000001,1.0,2,1558309239678,3072534,87
2019-05-20 00:53:21.365,50.0,buy,250.44,ETH-24MAY19-250-C,113.65,0.05,50.0,2,1558313601365,3088639,88
2019-05-20 00:53:24.663,12.0,buy,251.25,ETH-24MAY19-250-C,112.34,0.051,12.0,0,1558313604663,3088693,89
2019-05-20 00:53:24.705,13.0,buy,251.25,ETH-24MAY19-250-C,112.34,0.051,13.0,1,1558313604705,3088694,90
2019-05-20 06:31:17.037,1.0,sell,250.44,ETH-24MAY19-250-C,114.5,0.049,1.0,2,1558333877037,3107831,91
2019-05-20 09:41:38.717,8.0,buy,250.72,ETH-24MAY19-250-C,119.96,0.051,8.0,0,1558345298717,3124613,92
2019-05-20 10:14:18.022,51.0,buy,252.35,ETH-24MAY19-250-C,112.51,0.051,51.0,1,1558347258022,3126726,93
2019-05-20 12:51:29.031,28.0,sell,244.65,ETH-24MAY19-250-C,104.71,0.033,28.0,2,1558356689031,3134545,94
2019-05-20 15:01:07.465,30.0,buy,247.2,ETH-24MAY19-250-C,122.39,0.044000000000000004,30.0,0,1558364467465,3145443,95
2019-05-20 15:06:49.551,24.0,buy,246.75,ETH-24MAY19-250-C,124.46,0.044000000000000004,24.0,1,1558364809551,3145738,96
2019-05-20 15:06:49.551,6.0,buy,246.75,ETH-24MAY19-250-C,124.46,0.044000000000000004,6.0,1,1558364809551,3145739,97
2019-05-20 19:58:56.583,1.0,sell,247.86,ETH-24MAY19-250-C,107.54,0.038,1.0,2,1558382336583,3162445,98
2019-05-20 20:17:58.489,23.0,buy,249.57,ETH-24MAY19-250-C,125.26,0.048,23.0,0,1558383478489,3163409,99
2019-05-20 20:18:24.850,7.0,buy,249.87,ETH-24MAY19-250-C,126.37,0.049,7.0,0,1558383504850,3163443,100
2019-05-21 02:04:32.779,65.0,sell,251.55,ETH-24MAY19-250-C,108.94,0.044000000000000004,65.0,2,1558404272779,3190473,101
2019-05-21 21:04:14.246,2.0,buy,264.16,ETH-24MAY19-250-C,113.22,0.069,2.0,0,1558472654246,3247943,102
2019-05-22 15:20:59.782,25.0,buy,253.84,ETH-24MAY19-250-C,103.04,0.036000000000000004,25.0,2,1558538459782,3301150,103
2019-05-22 20:16:09.435,57.0,sell,253.27,ETH-24MAY19-250-C,94.8,0.031,57.0,2,1558556169435,3318148,104
2019-05-22 20:16:09.446,9.0,sell,253.27,ETH-24MAY19-250-C,94.8,0.031,9.0,3,1558556169446,3318149,105
2019-05-22 20:16:09.561,7.0,sell,253.27,ETH-24MAY19-250-C,94.8,0.031,7.0,3,1558556169561,3318184,106
2019-05-22 20:49:41.749,8.0,buy,248.01,ETH-24MAY19-250-C,89.8,0.019,8.0,2,1558558181749,3329153,107
2019-05-22 21:36:30.579,50.0,sell,244.3,ETH-24MAY19-250-C,111.29,0.018000000000000002,50.0,2,1558560990579,3332182,108
2019-05-22 21:36:30.582,8.0,sell,244.3,ETH-24MAY19-250-C,111.29,0.018000000000000002,8.0,3,1558560990582,3332184,109
2019-05-22 21:36:30.603,42.0,sell,244.3,ETH-24MAY19-250-C,111.29,0.018000000000000002,42.0,3,1558560990603,3332185,110
2019-05-22 22:06:15.248,50.0,buy,240.79,ETH-24MAY19-250-C,111.05,0.013000000000000001,50.0,2,1558562775248,3337655,111
2019-05-23 06:07:45.533,10.0,sell,236.96,ETH-24MAY19-250-C,101.62,0.005,10.0,2,1558591665533,3365206,112
2019-05-23 12:01:27.994,10.0,sell,235.71,ETH-24MAY19-250-C,114.06,0.004,10.0,2,1558612887994,3390067,113
2019-05-23 16:39:31.116,134.0,buy,243.21,ETH-24MAY19-250-C,117.69,0.009000000000000001,134.0,0,1558629571116,3406697,114
2019-05-23 16:39:31.116,200.0,buy,243.21,ETH-24MAY19-250-C,117.69,0.009000000000000001,200.0,1,1558629571116,3406698,115
2019-05-23 22:37:47.063,2.0,sell,247.86,ETH-24MAY19-250-C,74.14,0.006,2.0,2,1558651067063,3426150,116
2019-05-23 22:39:58.425,1.0,buy,247.96,ETH-24MAY19-250-C,136.24,0.013999999999999999,1.0,0,1558651198425,3426293,117
2019-05-23 23:41:08.875,5.0,sell,246.65,ETH-24MAY19-250-C,128.29,0.01,5.0,2,1558654868875,3430316,118
2019-05-24 00:05:57.866,3.0,sell,244.81,ETH-24MAY19-250-C,126.58,0.007,3.0,2,1558656357866,3432462,119
