date_utc,amount,direction,indexPrice,instrument,iv,price,quantity,tickDirection,timeStamp,tradeId,tradeSeq
2019-03-30 22:17:46.602,10.0,buy,141.75,ETH-28JUN19-500-C,101.88,0.002,10.0,1,1553984266602,221207,1
2019-04-01 15:53:15.876,5.0,buy,140.84,ETH-28JUN19-500-C,103.43,0.002,5.0,1,1554133995876,245827,2
2019-04-02 01:05:18.473,1.0,sell,141.03,ETH-28JUN19-500-C,95.92,0.001,1.0,2,1554167118473,251406,3
2019-04-03 00:01:07.630,10.0,sell,164.64,ETH-28JUN19-500-C,98.06,0.003,10.0,0,1554249667630,336687,4
2019-04-03 01:00:50.226,140.0,buy,169.26,ETH-28JUN19-500-C,99.65,0.004,140.0,0,1554253250226,341541,5
2019-04-03 01:02:59.792,60.0,sell,168.45,ETH-28JUN19-500-C,100.33,0.004,60.0,1,1554253379792,341687,6
2019-04-03 01:02:59.792,50.0,sell,168.45,ETH-28JUN19-500-C,100.33,0.004,50.0,1,1554253379792,341688,7
2019-04-03 01:02:59.792,21.0,sell,168.45,ETH-28JUN19-500-C,100.33,0.004,21.0,1,1554253379792,341689,8
2019-04-03 01:03:07.107,1.0,sell,168.46,ETH-28JUN19-500-C,100.34,0.004,1.0,1,1554253387107,341698,14
2019-04-03 01:03:07.107,10.0,sell,168.46,ETH-28JUN19-500-C,100.34,0.004,10.0,1,1554253387107,341696,12
2019-04-03 01:03:07.107,5.0,sell,168.46,ETH-28JUN19-500-C,100.34,0.004,5.0,1,1554253387107,341697,13
2019-04-03 01:03:07.107,1.0,sell,168.46,ETH-28JUN19-500-C,100.34,0.004,1.0,1,1554253387107,341701,17
2019-04-03 01:03:07.107,10.0,sell,168.46,ETH-28JUN19-500-C,100.34,0.004,10.0,1,1554253387107,341693,9
2019-04-03 01:03:07.107,1.0,sell,168.46,ETH-28JUN19-500-C,100.34,0.004,1.0,1,1554253387107,341699,15
2019-04-03 01:03:07.107,10.0,sell,168.46,ETH-28JUN19-500-C,100.34,0.004,10.0,1,1554253387107,341695,11
2019-04-03 01:03:07.107,1.0,sell,168.46,ETH-28JUN19-500-C,100.34,0.004,1.0,1,1554253387107,341700,16
2019-04-03 01:03:07.107,10.0,sell,168.46,ETH-28JUN19-500-C,100.34,0.004,10.0,1,1554253387107,341694,10
2019-04-03 02:10:54.263,250.0,buy,169.21,ETH-28JUN19-500-C,103.17,0.005,250.0,0,1554257454263,344509,18
2019-04-03 02:11:04.057,10.0,buy,169.42,ETH-28JUN19-500-C,103.06,0.005,10.0,1,1554257464057,344520,19
2019-04-03 02:11:05.149,10.0,buy,169.48,ETH-28JUN19-500-C,103.07,0.005,10.0,1,1554257465149,344521,20
2019-04-03 02:12:35.240,5.0,buy,168.89,ETH-28JUN19-500-C,103.23,0.005,5.0,1,1554257555240,344598,21
2019-04-03 02:12:40.268,4.0,buy,168.97,ETH-28JUN19-500-C,103.19,0.005,4.0,1,1554257560268,344609,22
2019-04-03 02:13:24.520,155.0,buy,169.09,ETH-28JUN19-500-C,103.19,0.005,155.0,1,1554257604520,344629,23
2019-04-03 02:15:28.110,81.0,buy,169.05,ETH-28JUN19-500-C,103.22,0.005,81.0,1,1554257728110,344748,24
2019-04-03 02:19:02.548,25.0,buy,169.37,ETH-28JUN19-500-C,108.39,0.006999999999999999,25.0,0,1554257942548,344833,25
2019-04-03 16:10:15.302,20.0,buy,176.39,ETH-28JUN19-500-C,110.6,0.01,20.0,0,1554307815302,383496,26
2019-04-03 17:29:04.287,25.0,buy,174.18,ETH-28JUN19-500-C,110.02,0.009000000000000001,25.0,2,1554312544287,390719,27
2019-04-03 20:35:57.546,62.0,buy,176.62,ETH-28JUN19-500-C,106.77,0.008,62.0,2,1554323757546,401123,28
2019-04-04 15:13:37.488,2.0,sell,160.69,ETH-28JUN19-500-C,110.44,0.006,2.0,2,1554390817488,443745,29
2019-04-04 15:35:11.635,80.0,buy,160.37,ETH-28JUN19-500-C,113.24,0.006999999999999999,80.0,0,1554392111635,444115,30
2019-04-05 11:20:07.423,20.0,buy,164.13,ETH-28JUN19-500-C,111.58,0.006999999999999999,20.0,1,1554463207423,475204,31
2019-04-05 16:08:46.246,2.0,buy,163.34,ETH-28JUN19-500-C,109.54,0.006,2.0,2,1554480526246,483108,32
2019-04-05 17:37:03.564,15.0,sell,164.37,ETH-28JUN19-500-C,102.94,0.004,15.0,2,1554485823564,484514,33
2019-04-05 20:35:07.524,8.0,sell,164.07,ETH-28JUN19-500-C,103.15,0.004,8.0,3,1554496507524,487959,34
2019-04-06 09:39:30.422,10.0,sell,162.08,ETH-28JUN19-500-C,104.43,0.004,10.0,3,1554543570422,497213,35
2019-04-06 12:38:41.557,138.0,sell,164.19,ETH-28JUN19-500-C,103.77,0.004,138.0,3,1554554321557,498892,36
2019-04-06 20:20:00.087,60.0,sell,171.88,ETH-28JUN19-500-C,103.69,0.005,60.0,0,1554582000087,516011,37
2019-04-08 02:49:59.599,55.0,sell,183.74,ETH-28JUN19-500-C,104.78,0.008,55.0,0,1554691799599,601748,38
2019-04-08 11:09:48.761,88.0,sell,178.08,ETH-28JUN19-500-C,105.7,0.006999999999999999,88.0,2,1554721788761,625931,39
2019-04-08 14:38:14.717,2.0,sell,178.65,ETH-28JUN19-500-C,100.42,0.005,2.0,2,1554734294717,637973,40
2019-04-08 22:23:35.476,4.0,buy,182.5,ETH-28JUN19-500-C,108.74,0.009000000000000001,4.0,0,1554762215476,665415,41
2019-04-09 05:45:27.673,1.0,buy,175.55,ETH-28JUN19-500-C,109.5,0.008,1.0,2,1554788727673,682489,42
2019-04-09 18:23:05.516,30.0,sell,177.02,ETH-28JUN19-500-C,104.61,0.006,30.0,2,1554834185516,706688,43
2019-04-09 20:34:07.334,1.0,sell,178.28,ETH-28JUN19-500-C,101.27,0.005,1.0,2,1554842047334,709615,44
2019-04-09 21:21:04.891,20.0,buy,177.66,ETH-28JUN19-500-C,101.51,0.005,20.0,3,1554844864891,711053,45
2019-04-09 21:21:11.193,20.0,buy,177.66,ETH-28JUN19-500-C,101.5,0.005,20.0,3,1554844871193,711054,46
2019-04-09 21:21:16.421,20.0,buy,177.67,ETH-28JUN19-500-C,101.5,0.005,20.0,3,1554844876421,711055,47
2019-04-10 01:28:12.740,10.0,buy,179.53,ETH-28JUN19-500-C,100.56,0.005,10.0,3,1554859692740,718375,48
2019-04-10 21:51:11.565,4.0,sell,175.71,ETH-28JUN19-500-C,96.13,0.003,4.0,2,1554933071565,781159,49
2019-04-11 11:35:07.211,1.0,buy,161.6,ETH-28JUN19-500-C,114.31,0.006,1.0,0,1554982507211,823073,50
2019-04-11 12:31:00.671,124.0,buy,163.8,ETH-28JUN19-500-C,113.33,0.006,124.0,1,1554985860671,825649,51
2019-04-11 23:13:55.863,63.0,sell,165.33,ETH-28JUN19-500-C,107.18,0.004,63.0,2,1555024435863,849505,52
2019-04-12 11:33:32.375,20.0,buy,165.47,ETH-28JUN19-500-C,114.03,0.006,20.0,0,1555068812375,879660,53
2019-04-12 16:36:17.137,127.0,buy,165.77,ETH-28JUN19-500-C,111.27,0.005,127.0,2,1555086977137,888346,54
2019-04-14 18:35:14.819,150.0,sell,164.44,ETH-28JUN19-500-C,110.0,0.004,150.0,2,1555266914819,929488,55
2019-04-14 18:36:17.836,141.0,sell,164.44,ETH-28JUN19-500-C,105.82,0.003,141.0,2,1555266977836,929491,56
2019-04-14 18:36:40.229,70.0,sell,164.44,ETH-28JUN19-500-C,105.83,0.003,70.0,3,1555267000229,929492,57
2019-04-15 22:36:47.907,150.0,buy,161.0,ETH-28JUN19-500-C,115.98,0.005,150.0,0,1555367807907,984252,58
2019-04-17 01:17:15.175,50.0,sell,165.54,ETH-28JUN19-500-C,111.19,0.004,50.0,2,1555463835175,1030494,59
2019-04-18 19:26:10.060,78.0,buy,175.42,ETH-28JUN19-500-C,110.76,0.005,78.0,0,1555615570060,1071517,60
2019-04-18 19:26:10.067,53.0,sell,175.42,ETH-28JUN19-500-C,113.83,0.006,53.0,0,1555615570067,1071518,61
2019-04-18 19:26:10.076,19.0,sell,175.42,ETH-28JUN19-500-C,113.83,0.006,19.0,1,1555615570076,1071519,62
2019-04-20 22:25:29.282,150.0,sell,172.18,ETH-28JUN19-500-C,110.54,0.004,150.0,2,1555799129282,1127032,63
2019-04-20 22:25:29.282,75.0,sell,172.18,ETH-28JUN19-500-C,110.54,0.004,75.0,3,1555799129282,1127033,64
2019-04-21 14:42:19.233,10.0,sell,168.47,ETH-28JUN19-500-C,113.01,0.004,10.0,3,1555857739233,1143717,65
2019-04-21 14:42:48.637,40.0,sell,168.44,ETH-28JUN19-500-C,113.01,0.004,40.0,3,1555857768637,1143722,66
2019-04-23 02:37:21.989,10.0,buy,171.63,ETH-28JUN19-500-C,116.28,0.005,10.0,0,1555987041989,1170418,67
2019-04-23 14:53:50.388,50.0,sell,174.79,ETH-28JUN19-500-C,111.57,0.004,50.0,2,1556031230388,1185579,68
2019-04-23 14:53:53.387,50.0,sell,174.79,ETH-28JUN19-500-C,111.57,0.004,50.0,3,1556031233387,1185580,69
2019-04-23 14:54:10.208,10.0,sell,174.77,ETH-28JUN19-500-C,111.58,0.004,10.0,3,1556031250208,1185581,70
2019-04-23 14:54:10.208,90.0,sell,174.77,ETH-28JUN19-500-C,111.58,0.004,90.0,3,1556031250208,1185582,71
2019-04-24 09:52:19.728,1.0,sell,164.35,ETH-28JUN19-500-C,113.4,0.003,1.0,2,1556099539728,1209702,72
2019-04-27 17:29:16.739,10.0,sell,155.84,ETH-28JUN19-500-C,115.08,0.002,10.0,2,1556386156739,1290922,73
2019-04-28 22:45:06.054,50.0,sell,153.36,ETH-28JUN19-500-C,117.96,0.002,50.0,3,1556491506054,1318529,74
2019-04-28 22:48:16.671,10.0,sell,153.45,ETH-28JUN19-500-C,109.02,0.001,10.0,2,1556491696671,1318620,75
2019-04-28 22:48:16.671,22.0,sell,153.45,ETH-28JUN19-500-C,109.02,0.001,22.0,3,1556491696671,1318621,76
2019-04-28 22:49:04.564,32.0,sell,153.5,ETH-28JUN19-500-C,109.0,0.001,32.0,3,1556491744564,1318631,77
2019-05-01 08:48:00.146,40.0,sell,158.43,ETH-28JUN19-500-C,117.9,0.002,40.0,0,1556700480146,1375080,78
2019-05-02 03:49:08.518,100.0,buy,158.45,ETH-28JUN19-500-C,118.67,0.002,100.0,1,1556768948518,1388584,79
2019-05-02 03:49:08.523,100.0,sell,158.45,ETH-28JUN19-500-C,118.67,0.002,100.0,1,1556768948523,1388585,80
2019-05-03 13:27:16.355,10.0,buy,167.16,ETH-28JUN19-500-C,115.51,0.002,10.0,1,1556890036355,1441329,81
2019-05-03 13:32:12.840,3.0,buy,167.02,ETH-28JUN19-500-C,115.55,0.002,3.0,1,1556890332840,1441442,82
2019-05-05 08:15:02.229,1.0,buy,161.07,ETH-28JUN19-500-C,120.45,0.002,1.0,1,1557044102229,1484968,83
2019-05-05 13:12:45.500,1.0,sell,161.87,ETH-28JUN19-500-C,111.28,0.001,1.0,2,1557061965500,1487109,84
2019-05-06 14:37:00.796,84.0,buy,165.52,ETH-28JUN19-500-C,119.4,0.002,84.0,1,1557153420796,1514246,86
2019-05-06 14:37:00.796,36.0,buy,165.52,ETH-28JUN19-500-C,119.4,0.002,36.0,0,1557153420796,1514245,85
2019-05-06 14:37:00.837,66.0,buy,165.52,ETH-28JUN19-500-C,119.4,0.002,66.0,1,1557153420837,1514247,87
2019-05-06 23:40:26.203,120.0,buy,172.23,ETH-28JUN19-500-C,115.63,0.002,120.0,1,1557186026203,1538531,88
2019-05-06 23:40:26.487,120.0,buy,172.23,ETH-28JUN19-500-C,115.63,0.002,120.0,1,1557186026487,1538539,89
2019-05-06 23:40:28.190,120.0,buy,172.23,ETH-28JUN19-500-C,115.62,0.002,120.0,1,1557186028190,1538540,90
2019-05-06 23:40:28.339,120.0,buy,172.23,ETH-28JUN19-500-C,115.62,0.002,120.0,1,1557186028339,1538541,91
2019-05-06 23:40:28.367,120.0,buy,172.23,ETH-28JUN19-500-C,115.62,0.002,120.0,1,1557186028367,1538542,92
2019-05-08 14:38:35.577,50.0,buy,167.8,ETH-28JUN19-500-C,120.75,0.002,50.0,1,1557326315577,1624323,93
2019-05-09 18:25:03.293,50.0,buy,166.1,ETH-28JUN19-500-C,129.73,0.003,50.0,0,1557426303293,1663745,94
2019-05-10 05:53:06.843,64.0,sell,174.39,ETH-28JUN19-500-C,125.77,0.003,64.0,1,1557467586843,1683656,95
2019-05-11 08:26:09.063,100.0,buy,181.92,ETH-28JUN19-500-C,128.08,0.004,100.0,0,1557563169063,1746484,96
2019-05-11 20:39:02.025,10.0,sell,196.72,ETH-28JUN19-500-C,127.85,0.006,10.0,0,1557607142025,1815174,97
2019-05-11 23:05:54.887,40.0,buy,204.39,ETH-28JUN19-500-C,129.75,0.008,40.0,0,1557615954887,1835262,98
2019-05-11 23:13:45.704,100.0,buy,205.6,ETH-28JUN19-500-C,140.78,0.013000000000000001,100.0,0,1557616425704,1838902,99
2019-05-11 23:16:21.337,3.0,buy,205.75,ETH-28JUN19-500-C,140.75,0.013000000000000001,3.0,1,1557616581337,1839422,100
2019-05-13 01:09:05.903,3.0,buy,189.77,ETH-28JUN19-500-C,136.7,0.006999999999999999,3.0,2,1557709745903,2005255,101
2019-05-13 13:12:14.807,4.0,sell,194.26,ETH-28JUN19-500-C,124.49,0.004,4.0,2,1557753134807,2024665,102
2019-05-13 15:30:11.574,1.0,buy,201.87,ETH-28JUN19-500-C,131.15,0.006999999999999999,1.0,0,1557761411574,2036053,103
2019-05-13 15:30:11.574,50.0,buy,201.87,ETH-28JUN19-500-C,131.15,0.006999999999999999,50.0,1,1557761411574,2036054,104
2019-05-13 16:06:45.936,2.0,buy,207.95,ETH-28JUN19-500-C,130.31,0.008,2.0,0,1557763605936,2041550,105
2019-05-13 16:06:45.936,50.0,buy,207.95,ETH-28JUN19-500-C,130.31,0.008,50.0,1,1557763605936,2041551,106
2019-05-13 20:30:46.847,50.0,buy,200.93,ETH-28JUN19-500-C,139.39,0.01,50.0,1,1557779446847,2059936,108
2019-05-13 20:30:46.847,4.0,buy,200.93,ETH-28JUN19-500-C,139.39,0.01,4.0,0,1557779446847,2059935,107
2019-05-13 20:45:24.005,1.0,buy,200.36,ETH-28JUN19-500-C,152.67,0.016,1.0,0,1557780324005,2060147,109
2019-05-13 21:45:08.747,20.0,buy,204.06,ETH-28JUN19-500-C,150.48,0.016,20.0,1,1557783908747,2063602,110
2019-05-13 22:32:30.215,1.0,sell,204.07,ETH-28JUN19-500-C,139.9,0.011000000000000001,1.0,2,1557786750215,2066710,111
2019-05-14 02:11:23.638,10.0,buy,199.97,ETH-28JUN19-500-C,149.86,0.013999999999999999,10.0,0,1557799883638,2080776,112
2019-05-14 02:51:50.995,2.0,buy,204.57,ETH-28JUN19-500-C,146.78,0.013999999999999999,2.0,1,1557802310995,2083259,113
2019-05-14 02:58:26.364,8.0,buy,203.74,ETH-28JUN19-500-C,147.31,0.013999999999999999,8.0,1,1557802706364,2083932,114
2019-05-14 05:38:28.864,22.0,buy,210.33,ETH-28JUN19-500-C,148.59,0.017,22.0,0,1557812308864,2098577,115
2019-05-14 06:59:44.476,2.0,sell,210.75,ETH-28JUN19-500-C,138.5,0.012,2.0,2,1557817184476,2102407,116
2019-05-14 08:57:17.596,30.0,sell,206.61,ETH-28JUN19-500-C,130.71,0.008,30.0,2,1557824237596,2115576,117
2019-05-14 20:45:13.683,1.0,sell,204.94,ETH-28JUN19-500-C,140.78,0.011000000000000001,1.0,0,1557866713683,2164404,118
2019-05-14 23:10:07.844,20.0,sell,216.42,ETH-28JUN19-500-C,140.9,0.013999999999999999,20.0,0,1557875407844,2175328,119
2019-05-15 03:34:40.445,41.0,sell,228.21,ETH-28JUN19-500-C,133.68,0.013999999999999999,41.0,1,1557891280445,2198324,120
2019-05-15 06:42:39.609,10.0,sell,231.7,ETH-28JUN19-500-C,142.93,0.02,10.0,0,1557902559609,2208832,121
2019-05-15 16:05:31.851,1.0,buy,242.27,ETH-28JUN19-500-C,136.19,0.019,1.0,2,1557936331851,2252257,122
2019-05-15 20:18:27.882,1.0,sell,240.47,ETH-28JUN19-500-C,130.74,0.015,1.0,2,1557951507882,2277248,123
2019-05-15 23:59:22.717,10.0,sell,248.88,ETH-28JUN19-500-C,133.35,0.019,10.0,0,1557964762717,2296347,124
2019-05-16 00:00:01.908,10.0,sell,248.96,ETH-28JUN19-500-C,133.37,0.019,10.0,1,1557964801908,2296387,125
2019-05-16 00:52:56.364,1.0,buy,266.09,ETH-28JUN19-500-C,125.64,0.02,1.0,0,1557967976364,2308512,126
2019-05-16 01:55:27.396,200.0,buy,266.16,ETH-28JUN19-500-C,136.53,0.027999999999999997,200.0,0,1557971727396,2316252,127
2019-05-16 02:53:00.423,10.0,buy,273.49,ETH-28JUN19-500-C,128.71,0.025,10.0,2,1557975180423,2321796,128
2019-05-16 03:00:15.454,53.0,sell,272.88,ETH-28JUN19-500-C,127.76,0.024,53.0,2,1557975615454,2322454,129
2019-05-16 03:11:38.599,10.0,buy,272.49,ETH-28JUN19-500-C,129.3,0.025,10.0,0,1557976298599,2323135,130
2019-05-16 03:54:08.084,3.0,sell,270.08,ETH-28JUN19-500-C,127.54,0.023,3.0,2,1557978848084,2326177,131
2019-05-16 04:08:29.844,2.0,sell,264.91,ETH-28JUN19-500-C,129.79,0.023,2.0,3,1557979709844,2328417,132
2019-05-16 04:21:35.537,50.0,sell,257.22,ETH-28JUN19-500-C,133.38,0.023,50.0,3,1557980495537,2331749,133
2019-05-16 04:21:36.215,50.0,sell,257.19,ETH-28JUN19-500-C,133.42,0.023,50.0,3,1557980496215,2331758,134
2019-05-16 04:21:40.014,5.0,sell,256.2,ETH-28JUN19-500-C,133.71,0.023,5.0,3,1557980500014,2331825,135
2019-05-16 04:24:48.150,50.0,sell,259.3,ETH-28JUN19-500-C,132.03,0.023,50.0,3,1557980688150,2334293,136
2019-05-16 04:25:08.186,3.0,sell,259.13,ETH-28JUN19-500-C,132.24,0.023,3.0,3,1557980708186,2334500,137
2019-05-16 04:25:08.217,2.0,sell,259.13,ETH-28JUN19-500-C,132.24,0.023,2.0,3,1557980708217,2334501,138
2019-05-16 04:33:23.252,35.0,sell,258.93,ETH-28JUN19-500-C,132.53,0.023,35.0,3,1557981203252,2337805,139
2019-05-16 04:46:35.221,2.0,sell,255.94,ETH-28JUN19-500-C,128.05,0.02,2.0,2,1557981995221,2347191,140
2019-05-16 05:53:12.997,3.0,buy,260.72,ETH-28JUN19-500-C,138.08,0.027000000000000003,3.0,0,1557985992997,2360366,141
2019-05-16 06:29:15.843,1.0,sell,264.17,ETH-28JUN19-500-C,136.16,0.027000000000000003,1.0,1,1557988155843,2365421,142
2019-05-16 06:29:34.496,7.0,sell,264.45,ETH-28JUN19-500-C,133.27,0.025,7.0,2,1557988174496,2365491,143
2019-05-16 07:19:05.688,67.0,sell,264.64,ETH-28JUN19-500-C,128.84,0.022000000000000002,67.0,2,1557991145688,2372175,144
2019-05-16 07:19:05.792,67.0,sell,264.64,ETH-28JUN19-500-C,128.84,0.022000000000000002,67.0,3,1557991145792,2372177,145
2019-05-16 07:34:45.570,200.0,sell,264.86,ETH-28JUN19-500-C,127.45,0.021,200.0,2,1557992085570,2373673,146
2019-05-16 07:35:14.625,200.0,sell,264.74,ETH-28JUN19-500-C,124.38,0.019,200.0,2,1557992114625,2373693,147
2019-05-16 07:35:14.625,300.0,sell,264.74,ETH-28JUN19-500-C,124.38,0.019,300.0,3,1557992114625,2373694,148
2019-05-16 07:35:14.628,78.0,buy,264.74,ETH-28JUN19-500-C,124.38,0.019,78.0,3,1557992114628,2373695,149
2019-05-16 07:36:17.543,57.0,buy,264.07,ETH-28JUN19-500-C,124.78,0.019,57.0,3,1557992177543,2373876,150
2019-05-16 09:41:37.054,25.0,buy,262.0,ETH-28JUN19-500-C,126.0,0.019,25.0,3,1557999697054,2387699,151
2019-05-16 10:56:47.754,20.0,sell,247.94,ETH-28JUN19-500-C,122.3,0.013000000000000001,20.0,2,1558004207754,2410049,152
2019-05-16 15:26:00.520,20.0,buy,264.34,ETH-28JUN19-500-C,135.4,0.026000000000000002,20.0,0,1558020360520,2441580,153
2019-05-16 15:29:46.049,5.0,buy,264.96,ETH-28JUN19-500-C,136.32,0.027000000000000003,5.0,0,1558020586049,2442017,154
2019-05-16 19:52:47.764,3.0,sell,256.43,ETH-28JUN19-500-C,132.46,0.021,3.0,2,1558036367764,2520236,155
2019-05-16 21:08:31.565,2.0,sell,256.9,ETH-28JUN19-500-C,132.27,0.021,2.0,3,1558040911565,2536880,156
2019-05-16 22:07:43.113,5.0,sell,265.0,ETH-28JUN19-500-C,126.3,0.02,5.0,3,1558044463113,2547476,158
2019-05-16 22:07:43.113,1.0,sell,265.0,ETH-28JUN19-500-C,126.3,0.02,1.0,2,1558044463113,2547475,157
2019-05-16 22:07:43.116,5.0,buy,265.0,ETH-28JUN19-500-C,126.3,0.02,5.0,3,1558044463116,2547477,159
2019-05-17 01:44:45.148,10.0,sell,253.57,ETH-28JUN19-500-C,134.68,0.021,10.0,0,1558057485148,2577004,160
2019-05-17 01:50:23.502,1.0,sell,254.43,ETH-28JUN19-500-C,132.67,0.02,1.0,2,1558057823502,2578089,161
2019-05-17 02:34:22.338,10.0,sell,252.78,ETH-28JUN19-500-C,131.97,0.019,10.0,2,1558060462338,2584179,162
2019-05-17 02:40:35.032,1.0,sell,246.51,ETH-28JUN19-500-C,134.2,0.018000000000000002,1.0,2,1558060835032,2587907,163
2019-05-17 03:07:29.749,25.0,sell,235.23,ETH-28JUN19-500-C,128.81,0.013000000000000001,25.0,2,1558062449749,2612469,164
2019-05-17 03:27:41.982,10.0,buy,239.09,ETH-28JUN19-500-C,141.15,0.02,10.0,0,1558063661982,2637951,165
2019-05-17 03:28:00.913,10.0,buy,239.15,ETH-28JUN19-500-C,141.15,0.02,10.0,1,1558063680913,2638047,166
2019-05-17 03:28:36.064,10.0,buy,240.1,ETH-28JUN19-500-C,143.8,0.022000000000000002,10.0,0,1558063716064,2638271,167
2019-05-17 05:40:17.459,1.0,buy,242.01,ETH-28JUN19-500-C,147.14,0.025,1.0,0,1558071617459,2670120,168
2019-05-17 05:43:42.720,4.0,buy,241.86,ETH-28JUN19-500-C,142.54,0.022000000000000002,4.0,2,1558071822720,2670401,169
2019-05-17 06:15:37.188,5.0,sell,240.53,ETH-28JUN19-500-C,127.2,0.013000000000000001,5.0,2,1558073737188,2678606,170
2019-05-17 06:15:59.427,200.0,sell,240.88,ETH-28JUN19-500-C,124.98,0.012,200.0,2,1558073759427,2678630,171
2019-05-17 06:25:59.684,10.0,sell,237.25,ETH-28JUN19-500-C,111.88,0.006,10.0,2,1558074359684,2681208,176
2019-05-17 06:25:59.684,20.0,sell,237.25,ETH-28JUN19-500-C,86.82,0.001,20.0,3,1558074359684,2681212,180
2019-05-17 06:25:59.684,10.0,sell,237.25,ETH-28JUN19-500-C,117.67,0.008,10.0,2,1558074359684,2681205,173
2019-05-17 06:25:59.684,10.0,sell,237.25,ETH-28JUN19-500-C,114.9,0.006999999999999999,10.0,3,1558074359684,2681207,175
2019-05-17 06:25:59.684,10.0,sell,237.25,ETH-28JUN19-500-C,114.9,0.006999999999999999,10.0,2,1558074359684,2681206,174
2019-05-17 06:25:59.684,20.0,sell,237.25,ETH-28JUN19-500-C,104.76,0.004,20.0,2,1558074359684,2681210,178
2019-05-17 06:25:59.684,200.0,sell,237.25,ETH-28JUN19-500-C,120.25,0.009000000000000001,200.0,2,1558074359684,2681204,172
2019-05-17 06:25:59.684,49.0,sell,237.25,ETH-28JUN19-500-C,86.82,0.001,49.0,2,1558074359684,2681211,179
2019-05-17 06:25:59.684,10.0,sell,237.25,ETH-28JUN19-500-C,108.54,0.005,10.0,2,1558074359684,2681209,177
2019-05-17 06:25:59.688,150.0,buy,237.25,ETH-28JUN19-500-C,86.82,0.001,150.0,3,1558074359688,2681213,181
2019-05-17 06:25:59.691,11.0,buy,237.25,ETH-28JUN19-500-C,86.82,0.001,11.0,3,1558074359691,2681214,182
2019-05-17 10:15:13.974,2.0,buy,237.23,ETH-28JUN19-500-C,128.38,0.012,2.0,0,1558088113974,2707325,183
2019-05-17 10:28:53.923,400.0,sell,234.94,ETH-28JUN19-500-C,117.31,0.006999999999999999,400.0,2,1558088933923,2708235,184
2019-05-17 11:30:48.995,10.0,buy,230.42,ETH-28JUN19-500-C,132.06,0.012,10.0,0,1558092648995,2720752,185
2019-05-17 11:34:40.172,136.0,sell,229.25,ETH-28JUN19-500-C,120.16,0.006999999999999999,136.0,2,1558092880172,2722007,186
2019-05-17 12:02:17.002,30.0,sell,230.35,ETH-28JUN19-500-C,113.33,0.005,30.0,2,1558094537002,2730850,187
2019-05-17 12:02:17.002,400.0,sell,230.35,ETH-28JUN19-500-C,113.33,0.005,400.0,3,1558094537002,2730851,188
2019-05-17 12:02:17.002,147.0,sell,230.35,ETH-28JUN19-500-C,113.33,0.005,147.0,3,1558094537002,2730852,189
2019-05-17 12:07:47.577,25.0,buy,227.77,ETH-28JUN19-500-C,128.99,0.01,25.0,0,1558094867577,2732152,190
2019-05-17 12:08:11.341,1.0,buy,228.09,ETH-28JUN19-500-C,128.78,0.01,1.0,1,1558094891341,2732202,191
2019-05-17 12:21:01.580,5.0,sell,227.46,ETH-28JUN19-500-C,114.52,0.005,5.0,2,1558095661580,2735991,192
2019-05-17 12:22:52.268,35.0,sell,225.3,ETH-28JUN19-500-C,115.55,0.005,35.0,3,1558095772268,2736412,193
2019-05-17 13:01:06.811,5.0,buy,235.85,ETH-28JUN19-500-C,119.46,0.008,5.0,0,1558098066811,2746500,194
2019-05-17 14:00:38.976,44.0,buy,240.44,ETH-28JUN19-500-C,122.35,0.01,44.0,0,1558101638976,2755551,195
2019-05-17 14:06:44.108,2.0,sell,240.06,ETH-28JUN19-500-C,122.57,0.01,2.0,1,1558102004108,2756888,196
2019-05-17 15:55:30.415,14.0,sell,229.49,ETH-28JUN19-500-C,128.53,0.01,14.0,1,1558108530415,2771174,197
2019-05-17 21:16:38.574,88.0,buy,237.19,ETH-28JUN19-500-C,129.18,0.012,88.0,0,1558127798574,2828107,198
2019-05-18 08:52:41.709,17.0,sell,235.95,ETH-28JUN19-500-C,127.13,0.01,17.0,2,1558169561709,2902362,199
2019-05-18 10:04:40.279,10.0,sell,235.18,ETH-28JUN19-500-C,127.86,0.01,10.0,3,1558173880279,2909890,200
2019-05-18 10:10:35.275,400.0,sell,236.03,ETH-28JUN19-500-C,124.95,0.009000000000000001,400.0,2,1558174235275,2910262,201
2019-05-18 10:22:20.291,5.0,sell,234.73,ETH-28JUN19-500-C,120.09,0.006999999999999999,5.0,2,1558174940291,2911183,202
2019-05-18 10:31:03.346,400.0,sell,234.47,ETH-28JUN19-500-C,117.13,0.006,400.0,2,1558175463346,2911559,203
2019-05-18 11:03:54.533,67.0,buy,236.62,ETH-28JUN19-500-C,127.1,0.01,67.0,0,1558177434533,2914137,204
2019-05-18 12:47:05.523,5.0,buy,236.26,ETH-28JUN19-500-C,125.02,0.009000000000000001,5.0,2,1558183625523,2922047,205
2019-05-18 12:47:43.233,5.0,buy,236.19,ETH-28JUN19-500-C,127.58,0.01,5.0,0,1558183663233,2922068,206
2019-05-19 03:28:30.873,9.0,buy,250.35,ETH-28JUN19-500-C,120.78,0.01,9.0,0,1558236510873,2986393,208
2019-05-19 03:28:30.873,1.0,buy,250.35,ETH-28JUN19-500-C,118.36,0.009000000000000001,1.0,2,1558236510873,2986392,207
2019-05-19 06:46:57.897,1.0,buy,252.32,ETH-28JUN19-500-C,119.81,0.01,1.0,1,1558248417897,3005066,209
2019-05-19 15:49:35.467,27.0,buy,254.62,ETH-28JUN19-500-C,124.76,0.013000000000000001,27.0,1,1558280975467,3037357,211
2019-05-19 15:49:35.467,50.0,buy,254.62,ETH-28JUN19-500-C,124.76,0.013000000000000001,50.0,0,1558280975467,3037356,210
2019-05-20 07:24:16.737,4.0,sell,251.99,ETH-28JUN19-500-C,118.54,0.009000000000000001,4.0,2,1558337056737,3112575,212
2019-05-20 07:24:16.737,100.0,sell,251.99,ETH-28JUN19-500-C,118.54,0.009000000000000001,100.0,3,1558337056737,3112576,213
2019-05-20 13:45:03.103,400.0,sell,244.62,ETH-28JUN19-500-C,116.95,0.006999999999999999,400.0,3,1558359903103,3140677,215
2019-05-20 13:45:03.103,150.0,sell,244.62,ETH-28JUN19-500-C,116.95,0.006999999999999999,150.0,2,1558359903103,3140676,214
2019-05-20 21:04:51.557,100.0,buy,256.43,ETH-28JUN19-500-C,125.68,0.013,100.0,0,1558386291557,3169950,216
2019-05-21 11:33:49.547,10.0,sell,250.67,ETH-28JUN19-500-C,118.1,0.008,10.0,2,1558438429547,3213489,217
2019-05-21 17:55:18.739,150.0,sell,255.36,ETH-28JUN19-500-C,119.0,0.009000000000000001,150.0,0,1558461318739,3235927,218
2019-05-21 23:33:57.585,3.0,buy,257.91,ETH-28JUN19-500-C,126.93,0.013,3.0,0,1558481637585,3263320,219
2019-05-22 05:16:06.845,3.0,buy,257.63,ETH-28JUN19-500-C,127.47,0.013,3.0,1,1558502166845,3279131,221
2019-05-22 05:16:06.845,7.0,buy,257.63,ETH-28JUN19-500-C,127.47,0.013,7.0,1,1558502166845,3279130,220
2019-05-22 05:46:45.355,600.0,sell,259.04,ETH-28JUN19-500-C,117.63,0.009000000000000001,600.0,2,1558504005355,3280444,222
2019-05-22 06:27:19.207,10.0,sell,258.09,ETH-28JUN19-500-C,115.56,0.008,10.0,2,1558506439207,3281777,223
2019-05-22 22:07:06.277,10.0,sell,242.29,ETH-28JUN19-500-C,125.0,0.008,10.0,3,1558562826277,3337864,224
2019-05-23 05:36:04.226,70.0,sell,237.7,ETH-28JUN19-500-C,128.7,0.008,70.0,3,1558589764226,3362151,225
2019-05-23 05:36:04.226,30.0,sell,237.7,ETH-28JUN19-500-C,128.7,0.008,30.0,3,1558589764226,3362152,226
2019-05-23 06:17:39.879,20.0,sell,234.97,ETH-28JUN19-500-C,127.19,0.006999999999999999,20.0,2,1558592259879,3367444,227
2019-05-23 09:50:09.375,21.0,buy,234.77,ETH-28JUN19-500-C,134.16,0.009000000000000001,21.0,0,1558605009375,3383902,228
2019-05-23 09:51:21.326,10.0,buy,234.67,ETH-28JUN19-500-C,134.23,0.009000000000000001,10.0,1,1558605081326,3383934,229
2019-05-23 09:51:34.998,1.0,buy,234.74,ETH-28JUN19-500-C,134.19,0.009000000000000001,1.0,1,1558605094998,3383937,230
2019-05-23 11:26:54.777,2.0,sell,237.59,ETH-28JUN19-500-C,123.64,0.006,2.0,2,1558610814777,3388370,231
2019-05-24 08:20:03.169,3.0,sell,251.77,ETH-28JUN19-500-C,117.28,0.006,3.0,3,1558686003169,3450555,232
2019-05-24 13:52:45.764,2.0,buy,251.63,ETH-28JUN19-500-C,126.52,0.009000000000000001,2.0,0,1558705965764,3467524,233
2019-05-24 13:52:45.764,1.0,buy,251.63,ETH-28JUN19-500-C,126.52,0.009000000000000001,1.0,1,1558705965764,3467525,234
2019-05-24 16:00:27.183,2.0,buy,253.53,ETH-28JUN19-500-C,125.53,0.009000000000000001,2.0,1,1558713627183,3474654,235
2019-05-24 17:58:57.380,3.0,sell,252.94,ETH-28JUN19-500-C,125.91,0.009000000000000001,3.0,1,1558720737380,3481941,236
2019-05-24 23:52:06.788,2.0,sell,249.05,ETH-28JUN19-500-C,128.24,0.009000000000000001,2.0,1,1558741926788,3499504,237
2019-05-24 23:52:13.856,2.0,sell,249.02,ETH-28JUN19-500-C,128.27,0.009000000000000001,2.0,1,1558741933856,3499518,238
2019-05-24 23:52:24.773,2.0,sell,249.07,ETH-28JUN19-500-C,128.25,0.009000000000000001,2.0,1,1558741944773,3499545,239
2019-05-24 23:52:29.049,2.0,sell,249.06,ETH-28JUN19-500-C,128.26,0.009000000000000001,2.0,1,1558741949049,3499546,240
2019-05-24 23:52:31.801,2.0,sell,249.06,ETH-28JUN19-500-C,128.26,0.009000000000000001,2.0,1,1558741951801,3499547,241
2019-05-25 03:49:00.307,9.0,buy,252.44,ETH-28JUN19-500-C,128.94,0.01,9.0,0,1558756140307,3507398,242
2019-05-25 06:26:32.848,5.0,sell,251.46,ETH-28JUN19-500-C,124.36,0.008,5.0,3,1558765592848,3511176,244
2019-05-25 06:26:32.848,5.0,sell,251.46,ETH-28JUN19-500-C,124.36,0.008,5.0,2,1558765592848,3511175,243
2019-05-25 10:08:10.446,10.0,buy,258.15,ETH-28JUN19-500-C,125.51,0.01,10.0,0,1558778890446,3518798,245
2019-05-26 12:03:08.931,5.0,sell,246.55,ETH-28JUN19-500-C,126.62,0.006999999999999999,5.0,2,1558872188931,3567219,246
2019-05-26 12:03:08.931,10.0,sell,246.55,ETH-28JUN19-500-C,126.62,0.006999999999999999,10.0,3,1558872188931,3567220,247
2019-05-26 19:37:17.746,5.0,buy,259.57,ETH-28JUN19-500-C,121.84,0.008,5.0,1,1558899437746,3582410,252
2019-05-26 19:37:17.746,5.0,buy,259.57,ETH-28JUN19-500-C,121.84,0.008,5.0,1,1558899437746,3582407,249
2019-05-26 19:37:17.746,5.0,buy,259.57,ETH-28JUN19-500-C,121.84,0.008,5.0,0,1558899437746,3582406,248
2019-05-26 19:37:17.746,5.0,buy,259.57,ETH-28JUN19-500-C,121.84,0.008,5.0,1,1558899437746,3582409,251
2019-05-26 19:37:17.746,5.0,buy,259.57,ETH-28JUN19-500-C,121.84,0.008,5.0,1,1558899437746,3582408,250
2019-05-26 20:15:36.262,39.0,buy,266.65,ETH-28JUN19-500-C,121.8,0.01,39.0,1,1558901736262,3598700,254
2019-05-26 20:15:36.262,10.0,buy,266.65,ETH-28JUN19-500-C,121.8,0.01,10.0,0,1558901736262,3598699,253
2019-05-26 22:28:39.343,10.0,sell,267.72,ETH-28JUN19-500-C,121.4,0.01,10.0,1,1558909719343,3618915,255
2019-05-27 16:18:08.374,1.0,buy,274.17,ETH-28JUN19-500-C,129.49,0.015,1.0,0,1558973888374,3688783,256
2019-05-27 16:37:08.492,1.0,buy,278.98,ETH-28JUN19-500-C,128.05,0.016,1.0,0,1558975028492,3691125,257
2019-05-27 20:33:59.431,150.0,buy,267.06,ETH-28JUN19-500-C,136.78,0.016,150.0,1,1558989239431,3716361,258
2019-05-28 03:48:39.015,9.0,buy,270.78,ETH-28JUN19-500-C,136.47,0.017,9.0,1,1559015319015,3735952,260
2019-05-28 03:48:39.015,1.0,buy,270.78,ETH-28JUN19-500-C,136.47,0.017,1.0,0,1559015319015,3735951,259
2019-05-28 03:49:13.104,3.0,buy,270.65,ETH-28JUN19-500-C,136.62,0.017,3.0,1,1559015353104,3735959,261
2019-05-28 14:08:42.074,1.0,sell,267.38,ETH-28JUN19-500-C,131.97,0.013,1.0,2,1559052522074,3760668,262
2019-05-28 14:08:45.887,1.0,sell,267.35,ETH-28JUN19-500-C,129.75,0.012,1.0,2,1559052525887,3760674,263
2019-05-29 04:30:19.316,300.0,sell,267.13,ETH-28JUN19-500-C,127.39,0.01,300.0,2,1559104219316,3802415,264
2019-05-29 04:46:18.562,300.0,sell,266.82,ETH-28JUN19-500-C,125.04,0.009000000000000001,300.0,2,1559105178562,3804045,265
2019-05-29 06:19:34.366,211.0,sell,263.7,ETH-28JUN19-500-C,125.23,0.008,211.0,2,1559110774366,3815486,266
2019-05-29 08:31:39.114,150.0,sell,266.17,ETH-28JUN19-500-C,123.91,0.008,150.0,3,1559118699114,3820889,267
2019-05-29 08:39:16.335,150.0,sell,266.46,ETH-28JUN19-500-C,120.82,0.006999999999999999,150.0,3,1559119156335,3821119,273
2019-05-29 08:39:16.335,5.0,sell,266.46,ETH-28JUN19-500-C,120.82,0.006999999999999999,5.0,3,1559119156335,3821117,271
2019-05-29 08:39:16.335,5.0,sell,266.46,ETH-28JUN19-500-C,120.82,0.006999999999999999,5.0,3,1559119156335,3821118,272
2019-05-29 08:39:16.335,5.0,sell,266.46,ETH-28JUN19-500-C,120.82,0.006999999999999999,5.0,3,1559119156335,3821116,270
2019-05-29 08:39:16.335,5.0,sell,266.46,ETH-28JUN19-500-C,120.82,0.006999999999999999,5.0,2,1559119156335,3821114,268
2019-05-29 08:39:16.335,5.0,sell,266.46,ETH-28JUN19-500-C,120.82,0.006999999999999999,5.0,3,1559119156335,3821115,269
2019-05-29 10:01:17.976,200.0,sell,267.94,ETH-28JUN19-500-C,120.14,0.006999999999999999,200.0,3,1559124077976,3823930,274
2019-05-29 19:34:46.677,5.0,buy,272.24,ETH-28JUN19-500-C,124.22,0.009000000000000001,5.0,1,1559158486677,3848880,276
2019-05-29 19:34:46.677,5.0,buy,272.24,ETH-28JUN19-500-C,124.22,0.009000000000000001,5.0,0,1559158486677,3848879,275
2019-05-29 19:34:46.677,5.0,buy,272.24,ETH-28JUN19-500-C,124.22,0.009000000000000001,5.0,1,1559158486677,3848882,278
2019-05-29 19:34:46.677,5.0,buy,272.24,ETH-28JUN19-500-C,124.22,0.009000000000000001,5.0,1,1559158486677,3848881,277
2019-05-29 19:34:52.800,1.0,buy,272.21,ETH-28JUN19-500-C,124.22,0.009000000000000001,1.0,1,1559158492800,3848883,279
2019-05-29 19:34:54.440,1.0,buy,272.22,ETH-28JUN19-500-C,124.22,0.009000000000000001,1.0,1,1559158494440,3848884,280
2019-05-29 19:34:57.325,1.0,buy,272.22,ETH-28JUN19-500-C,124.22,0.009000000000000001,1.0,1,1559158497325,3848885,281
2019-05-29 19:35:03.779,1.0,buy,272.2,ETH-28JUN19-500-C,124.23,0.009000000000000001,1.0,1,1559158503779,3848896,282
2019-05-29 19:36:20.153,1.0,buy,272.17,ETH-28JUN19-500-C,124.28,0.009000000000000001,1.0,1,1559158580153,3849047,283
2019-05-29 19:36:20.153,1.0,buy,272.17,ETH-28JUN19-500-C,126.94,0.01,1.0,0,1559158580153,3849048,284
2019-05-29 20:12:00.995,1.0,sell,272.35,ETH-28JUN19-500-C,124.04,0.009000000000000001,1.0,2,1559160720995,3850340,285
2019-05-29 20:46:15.106,1.0,sell,269.93,ETH-28JUN19-500-C,125.52,0.009000000000000001,1.0,3,1559162775106,3852204,286
2019-05-30 03:54:44.179,4.0,buy,285.6,ETH-28JUN19-500-C,124.63,0.013000000000000001,4.0,1,1559188484179,3889468,288
2019-05-30 03:54:44.179,1.0,buy,285.6,ETH-28JUN19-500-C,124.63,0.013000000000000001,1.0,0,1559188484179,3889467,287
2019-05-30 04:16:46.586,6.0,buy,285.91,ETH-28JUN19-500-C,124.78,0.013,6.0,1,1559189806586,3894556,289
2019-05-30 05:12:41.079,3.0,sell,286.12,ETH-28JUN19-500-C,120.38,0.011,3.0,2,1559193161079,3900500,290
2019-05-30 10:25:37.824,100.0,sell,284.61,ETH-28JUN19-500-C,119.42,0.01,100.0,2,1559211937824,3915015,291
2019-05-30 15:29:03.670,5.0,sell,284.74,ETH-28JUN19-500-C,122.44,0.011,5.0,0,1559230143670,3924464,292
2019-05-30 17:12:00.677,6.0,buy,266.95,ETH-28JUN19-500-C,128.6,0.009000000000000001,6.0,2,1559236320677,3952864,293
2019-05-30 21:23:09.301,3.0,sell,254.17,ETH-28JUN19-500-C,127.65,0.006,3.0,2,1559251389301,3980859,294
2019-05-30 21:25:55.400,1.0,sell,245.2,ETH-28JUN19-500-C,130.69,0.005,1.0,2,1559251555400,3987639,295
2019-05-31 04:59:13.466,100.0,sell,247.73,ETH-28JUN19-500-C,125.02,0.004,100.0,3,1559278753466,4039871,297
2019-05-31 04:59:13.466,50.0,sell,247.73,ETH-28JUN19-500-C,125.02,0.004,50.0,2,1559278753466,4039870,296
2019-05-31 14:17:59.671,250.0,sell,259.77,ETH-28JUN19-500-C,118.69,0.004,250.0,3,1559312279671,4062506,298
2019-05-31 20:04:08.009,60.0,buy,262.43,ETH-28JUN19-500-C,125.4,0.006,60.0,0,1559333048009,4078740,299
2019-06-02 02:44:32.526,1.0,sell,265.7,ETH-28JUN19-500-C,117.76,0.004,1.0,2,1559443472526,4159927,300
2019-06-02 10:51:56.297,65.0,buy,270.8,ETH-28JUN19-500-C,110.11,0.003,65.0,2,1559472716297,4174680,301
2019-06-02 10:52:39.990,1.0,buy,270.8,ETH-28JUN19-500-C,115.24,0.004,1.0,0,1559472759990,4174686,302
2019-06-02 16:28:57.493,40.0,sell,268.72,ETH-28JUN19-500-C,105.65,0.002,40.0,2,1559492937493,4191172,303
2019-06-03 14:12:41.982,100.0,sell,260.78,ETH-28JUN19-500-C,102.18,0.001,100.0,3,1559571161982,4242514,305
2019-06-03 14:12:41.982,100.0,sell,260.78,ETH-28JUN19-500-C,102.18,0.001,100.0,3,1559571161982,4242515,306
2019-06-03 14:12:41.982,50.0,sell,260.78,ETH-28JUN19-500-C,102.18,0.001,50.0,2,1559571161982,4242513,304
2019-06-03 17:56:21.835,50.0,sell,259.74,ETH-28JUN19-500-C,103.11,0.001,50.0,3,1559584581835,4256163,307
2019-06-03 19:42:34.852,100.0,sell,260.88,ETH-28JUN19-500-C,102.54,0.001,100.0,3,1559590954852,4258027,308
2019-06-03 19:42:34.852,120.0,sell,260.88,ETH-28JUN19-500-C,102.54,0.001,120.0,3,1559590954852,4258028,309
2019-06-04 05:15:24.607,2.0,buy,247.23,ETH-28JUN19-500-C,121.29,0.002,2.0,0,1559625324607,4307483,310
2019-06-05 20:41:53.546,100.0,sell,244.4,ETH-28JUN19-500-C,117.08,0.001,100.0,3,1559767313546,4413060,312
2019-06-05 20:41:53.546,100.0,sell,244.4,ETH-28JUN19-500-C,117.08,0.001,100.0,2,1559767313546,4413059,311
2019-06-06 02:46:33.181,18.0,buy,247.24,ETH-28JUN19-500-C,127.09,0.002,18.0,0,1559789193181,4424783,313
2019-06-06 11:33:06.749,50.0,buy,246.14,ETH-28JUN19-500-C,128.89,0.002,50.0,1,1559820786749,4434827,314
2019-06-06 13:02:37.719,2.0,buy,243.9,ETH-28JUN19-500-C,130.54,0.002,2.0,1,1559826157719,4439654,315
2019-06-06 13:02:42.645,2.0,buy,243.89,ETH-28JUN19-500-C,130.54,0.002,2.0,1,1559826162645,4439655,316
2019-06-06 13:02:44.909,2.0,buy,243.9,ETH-28JUN19-500-C,130.54,0.002,2.0,1,1559826164909,4439659,317
2019-06-06 13:02:46.618,2.0,buy,243.87,ETH-28JUN19-500-C,130.54,0.002,2.0,1,1559826166618,4439661,318
2019-06-06 13:02:53.412,1.0,buy,243.86,ETH-28JUN19-500-C,130.56,0.002,1.0,1,1559826173412,4439662,319
2019-06-06 21:28:56.517,2.0,sell,243.23,ETH-28JUN19-500-C,120.88,0.001,2.0,2,1559856536517,4462920,320
2019-06-07 12:48:53.470,50.0,buy,248.02,ETH-28JUN19-500-C,131.1,0.002,50.0,0,1559911733470,4494035,321
2019-06-07 16:08:45.740,40.0,buy,249.22,ETH-28JUN19-500-C,130.6,0.002,40.0,1,1559923725740,4496809,322
2019-06-07 17:55:40.248,50.0,sell,253.23,ETH-28JUN19-500-C,117.71,0.001,50.0,2,1559930140248,4500548,323
2019-06-09 18:05:24.932,50.0,buy,231.91,ETH-28JUN19-500-C,138.17,0.001,50.0,3,1560103524932,4561546,324
2019-06-09 19:34:14.193,100.0,buy,233.7,ETH-28JUN19-500-C,137.29,0.001,100.0,3,1560108854193,4563058,325
2019-06-10 00:58:47.555,25.0,buy,233.21,ETH-28JUN19-500-C,138.14,0.001,25.0,3,1560128327555,4575758,326
2019-06-10 06:55:34.267,12.0,buy,235.74,ETH-28JUN19-500-C,137.47,0.001,12.0,3,1560149734267,4581763,327
2019-06-10 12:13:44.492,20.0,buy,244.51,ETH-28JUN19-500-C,132.59,0.001,20.0,3,1560168824492,4593701,328
2019-06-10 13:03:48.280,8.0,buy,243.57,ETH-28JUN19-500-C,132.87,0.001,8.0,3,1560171828280,4595404,329
2019-06-11 13:06:51.315,4.0,buy,241.04,ETH-28JUN19-500-C,138.88,0.001,4.0,3,1560258411315,4636208,330
2019-06-12 19:28:12.486,4.0,buy,258.36,ETH-28JUN19-500-C,132.76,0.001,4.0,3,1560367692486,4687683,331
2019-06-13 10:06:57.918,4.0,buy,257.87,ETH-28JUN19-500-C,135.49,0.001,4.0,3,1560420417918,4707269,332
2019-06-16 04:08:02.567,1.0,buy,271.61,ETH-28JUN19-500-C,152.4,0.002,1.0,0,1560658082567,4812480,333
2019-06-18 21:01:30.123,1.0,sell,263.81,ETH-28JUN19-500-C,163.42,0.001,1.0,2,1560891690123,4965989,334
2019-06-19 14:54:38.444,1.0,buy,265.27,ETH-28JUN19-500-C,169.23,0.001,1.0,3,1560956078444,4986010,335
2019-06-19 14:54:38.444,4.0,buy,265.27,ETH-28JUN19-500-C,169.23,0.001,4.0,3,1560956078444,4986011,336
2019-06-19 15:00:02.389,10.0,buy,265.63,ETH-28JUN19-500-C,168.82,0.001,10.0,3,1560956402389,4986054,337
