date_utc,amount,direction,indexPrice,instrument,iv,price,quantity,tickDirection,timeStamp,tradeId,tradeSeq
2019-05-03 08:28:49.509,0.5,sell,5570.61,BTC-17MAY19-6250-C,62.4,0.012,0.5,1,1556872129509,18619232,1
2019-05-03 08:40:00.372,0.5,buy,5611.8,BTC-17MAY19-6250-C,58.06,0.011,0.5,2,1556872800372,18622954,2
2019-05-03 09:06:29.482,0.2,buy,5661.84,BTC-17MAY19-6250-C,57.84,0.0125,0.2,0,1556874389482,18638315,3
2019-05-03 09:16:35.141,0.1,buy,5693.73,BTC-17MAY19-6250-C,60.18,0.015,0.1,0,1556874995141,18640571,4
2019-05-03 12:34:24.656,0.1,buy,5738.84,BTC-17MAY19-6250-C,61.62,0.0175,0.1,0,1556886864656,18675139,5
2019-05-03 12:35:20.054,0.1,buy,5738.65,BTC-17MAY19-6250-C,61.64,0.0175,0.1,1,1556886920054,18675157,6
2019-05-03 13:52:16.739,1.0,buy,5748.5,BTC-17MAY19-6250-C,61.1,0.0175,1.0,1,1556891536739,18680642,7
2019-05-03 14:35:48.388,0.3,buy,5756.9,BTC-17MAY19-6250-C,59.81,0.017,0.3,2,1556894148388,18683691,8
2019-05-03 15:00:09.348,0.1,sell,5724.0,BTC-17MAY19-6250-C,58.75,0.015,0.1,2,1556895609348,18686143,9
2019-05-03 20:14:19.768,0.1,sell,5695.14,BTC-17MAY19-6250-C,59.38,0.014,0.1,2,1556914459768,18705774,10
2019-05-04 01:55:00.794,0.8,buy,5810.73,BTC-17MAY19-6250-C,57.97,0.0175,0.8,0,1556934900794,18733836,11
2019-05-04 01:55:08.015,0.1,buy,5818.49,BTC-17MAY19-6250-C,58.22,0.018000000000000002,0.1,0,1556934908015,18734287,12
2019-05-04 13:59:30.956,1.2,buy,5568.01,BTC-17MAY19-6250-C,64.51,0.0115,1.2,2,1556978370956,18776144,13
2019-05-05 20:54:23.158,0.1,buy,5747.47,BTC-17MAY19-6250-C,61.67,0.0145,0.1,0,1557089663158,18899405,15
2019-05-05 20:54:23.158,4.8,buy,5747.47,BTC-17MAY19-6250-C,64.37,0.016,4.8,0,1557089663158,18899406,16
2019-05-05 20:54:23.158,0.1,buy,5747.47,BTC-17MAY19-6250-C,60.75,0.014,0.1,0,1557089663158,18899404,14
2019-05-05 20:59:49.150,3.8,sell,5766.44,BTC-17MAY19-6250-C,63.01,0.016,3.8,1,1557089989150,18899983,17
2019-05-05 20:59:54.404,0.6,sell,5767.35,BTC-17MAY19-6250-C,62.94,0.016,0.6,1,1557089994404,18899987,18
2019-05-05 21:07:36.836,0.1,buy,5776.87,BTC-17MAY19-6250-C,63.14,0.0165,0.1,0,1557090456836,18900963,19
2019-05-05 21:07:36.838,3.9,sell,5776.87,BTC-17MAY19-6250-C,63.14,0.0165,3.9,1,1557090456838,18900964,20
2019-05-05 21:07:44.807,1.0,sell,5775.71,BTC-17MAY19-6250-C,63.23,0.0165,1.0,1,1557090464807,18900982,21
2019-05-05 21:08:52.779,0.2,buy,5773.98,BTC-17MAY19-6250-C,64.22,0.017,0.2,1,1557090532779,18901048,24
2019-05-05 21:08:52.779,0.1,buy,5773.98,BTC-17MAY19-6250-C,64.22,0.017,0.1,0,1557090532779,18901046,22
2019-05-05 21:08:52.779,0.1,buy,5773.98,BTC-17MAY19-6250-C,64.22,0.017,0.1,1,1557090532779,18901047,23
2019-05-06 05:31:47.881,15.0,buy,5656.9,BTC-17MAY19-6250-C,65.18,0.0125,15.0,2,1557120707881,18933641,25
2019-05-06 05:35:33.910,5.5,sell,5651.81,BTC-17MAY19-6250-C,66.54,0.013,5.5,0,1557120933910,18933707,26
2019-05-06 07:12:10.214,0.1,buy,5623.28,BTC-17MAY19-6250-C,66.67,0.012,0.1,2,1557126730214,18938123,27
2019-05-06 09:17:47.754,0.1,sell,5622.6,BTC-17MAY19-6250-C,62.69,0.01,0.1,2,1557134267754,18944855,28
2019-05-06 13:19:01.944,17.7,buy,5628.32,BTC-17MAY19-6250-C,67.1,0.012,17.7,0,1557148741944,18951620,29
2019-05-06 15:09:24.669,0.2,buy,5663.72,BTC-17MAY19-6250-C,67.93,0.0135,0.2,0,1557155364669,18956379,30
2019-05-06 17:05:05.616,10.0,buy,5719.21,BTC-17MAY19-6250-C,66.14,0.0145,10.0,0,1557162305616,18965097,31
2019-05-07 02:35:27.875,0.1,buy,5855.45,BTC-17MAY19-6250-C,62.44,0.0175,0.1,0,1557196527875,19001168,32
2019-05-07 02:35:34.163,0.1,buy,5864.13,BTC-17MAY19-6250-C,62.62,0.018000000000000002,0.1,0,1557196534163,19001347,33
2019-05-07 02:55:51.277,0.2,buy,5879.25,BTC-17MAY19-6250-C,62.3,0.0185,0.2,0,1557197751277,19006779,34
2019-05-07 03:03:38.952,10.0,buy,5886.85,BTC-17MAY19-6250-C,65.11,0.0205,10.0,0,1557198218952,19013633,35
2019-05-07 03:11:03.595,4.0,buy,5900.43,BTC-17MAY19-6250-C,68.17,0.023,4.0,0,1557198663595,19016874,36
2019-05-07 03:28:55.400,2.0,buy,5912.34,BTC-17MAY19-6250-C,67.19,0.023,2.0,1,1557199735400,19019998,37
2019-05-07 04:29:47.019,3.0,buy,5862.66,BTC-17MAY19-6250-C,69.03,0.0215,3.0,2,1557203387019,19024714,38
2019-05-07 05:18:08.303,0.1,buy,5908.66,BTC-17MAY19-6250-C,66.1,0.022,0.1,0,1557206288303,19027068,39
2019-05-07 06:41:44.387,3.0,sell,5888.48,BTC-17MAY19-6250-C,65.47,0.0205,3.0,2,1557211304387,19030884,40
2019-05-07 06:41:52.566,3.2,sell,5888.4,BTC-17MAY19-6250-C,65.47,0.0205,3.2,3,1557211312566,19030885,41
2019-05-07 06:44:49.554,3.0,sell,5887.95,BTC-17MAY19-6250-C,65.52,0.0205,3.0,3,1557211489554,19030931,42
2019-05-07 10:30:21.807,10.0,sell,5902.5,BTC-17MAY19-6250-C,63.94,0.02,10.0,2,1557225021807,19038059,43
2019-05-07 13:05:15.010,0.2,buy,5900.36,BTC-17MAY19-6250-C,67.05,0.0215,0.2,0,1557234315010,19041202,44
2019-05-07 13:34:37.639,10.0,buy,5903.0,BTC-17MAY19-6250-C,66.04,0.021,10.0,2,1557236077639,19042822,45
2019-05-07 13:35:01.466,4.8,buy,5902.24,BTC-17MAY19-6250-C,66.1,0.021,4.8,3,1557236101466,19042831,46
2019-05-07 14:01:22.366,1.0,buy,5961.28,BTC-17MAY19-6250-C,64.34,0.023,1.0,0,1557237682366,19045825,47
2019-05-07 23:57:25.576,24.0,sell,5765.01,BTC-17MAY19-6250-C,65.94,0.013999999999999999,24.0,2,1557273445576,19100043,48
2019-05-08 00:06:18.959,0.5,buy,5718.9,BTC-17MAY19-6250-C,67.48,0.013000000000000001,0.5,2,1557273978959,19109812,49
2019-05-08 03:11:52.616,9.5,buy,5775.06,BTC-17MAY19-6250-C,67.64,0.015,9.5,0,1557285112616,19127732,50
2019-05-08 05:18:29.297,0.1,buy,5791.97,BTC-17MAY19-6250-C,68.57,0.016,0.1,0,1557292709297,19131029,51
2019-05-08 05:21:46.902,20.0,buy,5795.6,BTC-17MAY19-6250-C,68.28,0.016,20.0,1,1557292906902,19131054,52
2019-05-08 06:26:38.112,10.0,buy,5834.49,BTC-17MAY19-6250-C,68.1,0.0175,10.0,0,1557296798112,19132744,53
2019-05-08 18:05:06.321,5.0,sell,5881.96,BTC-17MAY19-6250-C,64.88,0.017,5.0,2,1557338706321,19162834,54
2019-05-08 21:56:07.250,0.1,buy,5903.13,BTC-17MAY19-6250-C,62.65,0.0165,0.1,2,1557352567250,19172060,55
2019-05-09 01:26:35.469,3.5,buy,6041.01,BTC-17MAY19-6250-C,66.26,0.0255,3.5,0,1557365195469,19212280,56
2019-05-09 01:29:37.055,3.0,sell,6031.54,BTC-17MAY19-6250-C,62.88,0.023,3.0,3,1557365377055,19212810,58
2019-05-09 01:29:37.055,2.0,sell,6031.54,BTC-17MAY19-6250-C,62.88,0.023,2.0,2,1557365377055,19212809,57
2019-05-09 01:30:09.770,5.0,sell,6027.13,BTC-17MAY19-6250-C,63.32,0.023,5.0,3,1557365409770,19213052,59
2019-05-09 01:31:20.273,5.5,buy,6022.84,BTC-17MAY19-6250-C,66.4,0.0245,5.5,0,1557365480273,19213505,60
2019-05-09 01:48:19.076,10.0,sell,6050.6,BTC-17MAY19-6250-C,61.85,0.0235,10.0,2,1557366499076,19214665,61
2019-05-09 01:48:44.409,5.0,sell,6053.14,BTC-17MAY19-6250-C,61.59,0.0235,5.0,3,1557366524409,19214722,62
2019-05-09 01:50:38.408,4.9,buy,6054.91,BTC-17MAY19-6250-C,62.28,0.024,4.9,0,1557366638408,19214815,63
2019-05-09 02:21:33.585,1.0,buy,6044.68,BTC-17MAY19-6250-C,64.29,0.0245,1.0,0,1557368493585,19216120,64
2019-05-09 03:31:16.681,1.2,buy,6028.44,BTC-17MAY19-6250-C,65.28,0.024,1.2,2,1557372676681,19218714,65
2019-05-09 09:58:16.842,1.0,sell,6050.78,BTC-17MAY19-6250-C,61.36,0.0225,1.0,2,1557395896842,19233426,66
2019-05-09 10:30:57.315,1.0,buy,6060.24,BTC-17MAY19-6250-C,64.01,0.0245,1.0,0,1557397857315,19233819,67
2019-05-09 11:35:10.820,1.0,buy,6033.85,BTC-17MAY19-6250-C,64.3,0.023,1.0,2,1557401710820,19236358,68
2019-05-09 12:11:52.254,1.0,buy,6026.08,BTC-17MAY19-6250-C,64.3,0.0225,1.0,2,1557403912254,19238354,69
2019-05-09 12:31:06.471,1.0,buy,6016.51,BTC-17MAY19-6250-C,62.61,0.021,1.0,2,1557405066471,19241387,70
2019-05-09 12:48:58.662,1.0,buy,5995.25,BTC-17MAY19-6250-C,62.03,0.0195,1.0,2,1557406138662,19242266,71
2019-05-09 13:25:16.900,0.5,buy,5988.44,BTC-17MAY19-6250-C,62.8,0.0195,0.5,3,1557408316900,19247214,72
2019-05-09 13:26:13.896,0.1,buy,5989.75,BTC-17MAY19-6250-C,63.61,0.02,0.1,0,1557408373896,19247228,73
2019-05-09 13:33:50.480,0.4,buy,5991.81,BTC-17MAY19-6250-C,63.43,0.02,0.4,1,1557408830480,19247616,75
2019-05-09 13:33:50.480,1.0,buy,5991.81,BTC-17MAY19-6250-C,63.43,0.02,1.0,1,1557408830480,19247615,74
2019-05-09 13:34:34.142,2.6,buy,5992.55,BTC-17MAY19-6250-C,64.29,0.0205,2.6,1,1557408874142,19247647,77
2019-05-09 13:34:34.142,1.0,buy,5992.55,BTC-17MAY19-6250-C,64.29,0.0205,1.0,0,1557408874142,19247646,76
2019-05-09 15:28:41.547,1.0,sell,6011.18,BTC-17MAY19-6250-C,58.99,0.0185,1.0,2,1557415721547,19251432,78
2019-05-09 16:24:57.475,0.4,buy,6019.85,BTC-17MAY19-6250-C,63.85,0.0215,0.4,0,1557419097475,19253139,79
2019-05-09 17:23:50.017,2.0,buy,6041.0,BTC-17MAY19-6250-C,60.88,0.021,2.0,2,1557422630017,19255588,80
2019-05-09 20:31:54.260,24.0,sell,6071.93,BTC-17MAY19-6250-C,58.1,0.021,24.0,3,1557433914260,19262349,81
2019-05-09 20:33:52.324,16.0,buy,6075.49,BTC-17MAY19-6250-C,57.72,0.021,16.0,3,1557434032324,19262511,82
2019-05-09 20:39:58.679,10.0,buy,6079.29,BTC-17MAY19-6250-C,57.32,0.021,10.0,3,1557434398679,19262712,83
2019-05-09 20:40:38.082,6.9,buy,6078.27,BTC-17MAY19-6250-C,57.43,0.021,6.9,3,1557434438082,19262726,84
2019-05-09 20:40:40.102,6.9,buy,6078.27,BTC-17MAY19-6250-C,57.43,0.021,6.9,3,1557434440102,19262740,85
2019-05-09 20:53:29.390,6.0,sell,6073.46,BTC-17MAY19-6250-C,58.91,0.0215,6.0,0,1557435209390,19263559,86
2019-05-09 20:54:54.261,2.0,buy,6076.17,BTC-17MAY19-6250-C,58.62,0.0215,2.0,1,1557435294261,19263574,88
2019-05-09 20:54:54.261,4.0,buy,6076.17,BTC-17MAY19-6250-C,58.62,0.0215,4.0,1,1557435294261,19263573,87
2019-05-09 21:03:20.134,6.0,buy,6082.9,BTC-17MAY19-6250-C,57.9,0.0215,6.0,1,1557435800134,19263868,89
2019-05-09 21:14:13.806,0.1,buy,6080.96,BTC-17MAY19-6250-C,55.39,0.02,0.1,2,1557436453806,19264400,90
2019-05-09 21:31:00.128,4.0,buy,6093.44,BTC-17MAY19-6250-C,57.72,0.022000000000000002,4.0,0,1557437460128,19265322,91
2019-05-09 21:36:00.904,0.5,buy,6118.34,BTC-17MAY19-6250-C,58.53,0.024,0.5,0,1557437760904,19267487,92
2019-05-09 22:10:31.801,1.0,buy,6124.9,BTC-17MAY19-6250-C,60.56,0.0255,1.0,0,1557439831801,19271845,93
2019-05-09 22:12:55.181,0.2,sell,6136.13,BTC-17MAY19-6250-C,56.57,0.024,0.2,2,1557439975181,19272183,94
2019-05-09 22:14:40.972,0.1,sell,6133.57,BTC-17MAY19-6250-C,55.98,0.0235,0.1,2,1557440080972,19272338,95
2019-05-09 22:48:32.676,1.0,buy,6159.32,BTC-17MAY19-6250-C,56.58,0.0255,1.0,1,1557442112676,19274864,97
2019-05-09 22:48:32.676,1.0,buy,6159.32,BTC-17MAY19-6250-C,56.58,0.0255,1.0,0,1557442112676,19274863,96
2019-05-09 22:58:16.355,0.2,sell,6152.95,BTC-17MAY19-6250-C,54.69,0.024,0.2,2,1557442696355,19276047,98
2019-05-09 23:23:27.219,0.3,sell,6138.81,BTC-17MAY19-6250-C,56.44,0.024,0.3,3,1557444207219,19279500,99
2019-05-09 23:23:38.409,0.2,sell,6145.8,BTC-17MAY19-6250-C,56.51,0.0245,0.2,0,1557444218409,19279572,100
2019-05-09 23:49:08.362,1.0,sell,6152.92,BTC-17MAY19-6250-C,53.93,0.0235,1.0,2,1557445748362,19280570,101
2019-05-10 01:36:16.992,6.0,sell,6139.61,BTC-17MAY19-6250-C,58.51,0.025,6.0,0,1557452176992,19285825,102
2019-05-10 01:56:42.512,0.2,buy,6162.95,BTC-17MAY19-6250-C,57.54,0.026000000000000002,0.2,0,1557453402512,19287787,103
2019-05-10 01:59:08.881,0.1,sell,6169.37,BTC-17MAY19-6250-C,56.76,0.026000000000000002,0.1,1,1557453548881,19288177,104
2019-05-10 02:13:52.292,1.0,buy,6184.61,BTC-17MAY19-6250-C,59.36,0.0285,1.0,0,1557454432292,19290474,105
2019-05-10 02:28:17.793,4.0,sell,6234.58,BTC-17MAY19-6250-C,57.33,0.031,4.0,0,1557455297793,19294320,106
2019-05-10 02:37:35.137,10.0,buy,6214.71,BTC-17MAY19-6250-C,60.01,0.031,10.0,1,1557455855137,19296256,107
2019-05-10 02:43:52.475,5.4,buy,6236.45,BTC-17MAY19-6250-C,58.9,0.032,5.4,0,1557456232475,19297417,108
2019-05-10 02:48:22.455,3.1,sell,6253.27,BTC-17MAY19-6250-C,59.28,0.0335,3.1,0,1557456502455,19298535,109
2019-05-10 02:49:47.268,3.0,sell,6246.7,BTC-17MAY19-6250-C,58.41,0.0325,3.0,2,1557456587268,19298708,110
2019-05-10 02:49:48.149,1.0,sell,6246.65,BTC-17MAY19-6250-C,58.42,0.0325,1.0,3,1557456588149,19298709,111
2019-05-10 02:50:12.039,6.0,buy,6246.53,BTC-17MAY19-6250-C,60.22,0.0335,6.0,0,1557456612039,19298726,112
2019-05-10 02:50:12.322,0.4,sell,6246.53,BTC-17MAY19-6250-C,59.33,0.033,0.4,2,1557456612322,19298730,113
2019-05-10 02:55:10.390,0.4,buy,6232.66,BTC-17MAY19-6250-C,59.45,0.032,0.4,2,1557456910390,19299560,114
2019-05-10 02:57:48.052,3.0,buy,6230.08,BTC-17MAY19-6250-C,59.8,0.032,3.0,3,1557457068052,19299844,115
2019-05-10 02:58:01.315,4.8,buy,6227.68,BTC-17MAY19-6250-C,59.23,0.0315,4.8,2,1557457081315,19299884,116
2019-05-10 02:59:19.386,6.0,buy,6224.67,BTC-17MAY19-6250-C,59.64,0.0315,6.0,3,1557457159386,19300169,117
2019-05-10 03:11:51.343,6.0,buy,6275.33,BTC-17MAY19-6250-C,59.82,0.0355,6.0,0,1557457911343,19302091,118
2019-05-10 03:23:27.005,1.0,buy,6303.52,BTC-17MAY19-6250-C,59.34,0.0375,1.0,0,1557458607005,19306278,119
2019-05-10 03:26:34.570,4.0,buy,6296.21,BTC-17MAY19-6250-C,60.43,0.0375,4.0,1,1557458794570,19306744,120
2019-05-10 03:26:34.570,5.4,buy,6296.21,BTC-17MAY19-6250-C,60.43,0.0375,5.4,1,1557458794570,19306745,121
2019-05-10 03:30:01.962,3.0,sell,6255.41,BTC-17MAY19-6250-C,60.9,0.0345,3.0,2,1557459001962,19308194,122
2019-05-10 03:40:18.747,3.0,buy,6274.43,BTC-17MAY19-6250-C,60.93,0.036000000000000004,3.0,0,1557459618747,19309560,123
2019-05-10 03:43:47.595,3.0,buy,6265.26,BTC-17MAY19-6250-C,61.35,0.0355,3.0,2,1557459827595,19310052,124
2019-05-10 03:51:16.971,3.0,buy,6276.32,BTC-17MAY19-6250-C,61.59,0.0365,3.0,0,1557460276971,19310799,125
2019-05-10 04:31:34.719,2.0,sell,6244.04,BTC-17MAY19-6250-C,57.28,0.0315,2.0,2,1557462694719,19318076,126
2019-05-10 04:36:31.442,0.5,sell,6237.44,BTC-17MAY19-6250-C,56.4,0.0305,0.5,2,1557462991442,19318306,127
2019-05-10 05:08:39.078,0.5,sell,6280.68,BTC-17MAY19-6250-C,58.49,0.035,0.5,0,1557464919078,19322693,128
2019-05-10 06:26:04.798,1.0,buy,6271.78,BTC-17MAY19-6250-C,63.62,0.037000000000000005,1.0,0,1557469564798,19326605,129
2019-05-10 06:26:04.798,1.0,buy,6271.78,BTC-17MAY19-6250-C,63.62,0.037000000000000005,1.0,1,1557469564798,19326606,130
2019-05-10 07:15:20.247,0.6,buy,6285.64,BTC-17MAY19-6250-C,65.39,0.039,0.6,0,1557472520247,19331223,131
2019-05-10 07:30:13.575,3.0,sell,6307.67,BTC-17MAY19-6250-C,59.44,0.0375,3.0,2,1557473413575,19332048,132
2019-05-10 07:41:10.541,2.0,sell,6319.2,BTC-17MAY19-6250-C,59.54,0.0385,2.0,0,1557474070541,19334180,133
2019-05-10 07:49:38.358,0.3,sell,6311.62,BTC-17MAY19-6250-C,58.89,0.0375,0.3,2,1557474578358,19335706,134
2019-05-10 07:51:06.068,0.1,sell,6315.04,BTC-17MAY19-6250-C,59.29,0.038,0.1,0,1557474666068,19335900,135
2019-05-10 08:00:11.783,0.4,buy,6319.22,BTC-17MAY19-6250-C,62.35,0.04,0.4,0,1557475211783,19336279,136
2019-05-10 08:03:50.335,29.9,buy,6324.58,BTC-17MAY19-6250-C,61.53,0.04,29.9,1,1557475430335,19336500,137
2019-05-10 08:10:59.493,6.0,sell,6308.12,BTC-17MAY19-6250-C,61.32,0.0385,6.0,2,1557475859493,19337284,138
2019-05-10 08:10:59.493,0.1,sell,6308.12,BTC-17MAY19-6250-C,61.32,0.0385,0.1,3,1557475859493,19337285,139
2019-05-10 08:36:52.482,15.0,sell,6288.96,BTC-17MAY19-6250-C,58.78,0.0355,15.0,2,1557477412482,19341832,140
2019-05-10 09:16:03.000,1.0,sell,6274.46,BTC-17MAY19-6250-C,56.47,0.033,1.0,2,1557479763000,19344628,141
2019-05-10 09:33:06.220,0.7000000000000001,sell,6272.06,BTC-17MAY19-6250-C,55.96,0.0325,0.7000000000000001,2,1557480786220,19346522,142
2019-05-10 09:39:18.285,3.0,buy,6283.34,BTC-17MAY19-6250-C,56.14,0.0335,3.0,0,1557481158285,19346720,143
2019-05-10 10:05:55.893,3.0,buy,6314.72,BTC-17MAY19-6250-C,54.19,0.035,3.0,0,1557482755893,19347652,144
2019-05-10 10:07:02.473,1.0,buy,6312.4,BTC-17MAY19-6250-C,55.48,0.0355,1.0,0,1557482822473,19347816,145
2019-05-10 10:23:46.591,0.1,buy,6297.13,BTC-17MAY19-6250-C,55.11,0.034,0.1,2,1557483826591,19348527,146
2019-05-10 10:30:10.734,0.3,sell,6294.89,BTC-17MAY19-6250-C,54.55,0.0335,0.3,2,1557484210734,19348634,147
2019-05-10 10:41:41.223,0.6,sell,6288.22,BTC-17MAY19-6250-C,53.75,0.0325,0.6,2,1557484901223,19349344,148
2019-05-10 10:46:38.594,2.0,buy,6292.96,BTC-17MAY19-6250-C,53.97,0.033,2.0,0,1557485198594,19349556,149
2019-05-10 11:24:09.945,0.5,buy,6271.37,BTC-17MAY19-6250-C,56.37,0.0325,0.5,2,1557487449945,19351015,150
2019-05-10 11:24:35.258,5.5,sell,6272.02,BTC-17MAY19-6250-C,56.28,0.0325,5.5,3,1557487475258,19351016,151
2019-05-10 11:45:46.323,7.0,sell,6288.02,BTC-17MAY19-6250-C,54.88,0.033,7.0,0,1557488746323,19351612,152
2019-05-10 12:03:14.405,0.2,sell,6278.88,BTC-17MAY19-6250-C,54.45,0.032,0.2,2,1557489794405,19352120,153
2019-05-10 13:13:11.617,3.6,buy,6274.69,BTC-17MAY19-6250-C,58.04,0.0335,3.6,0,1557493991617,19357355,154
2019-05-10 13:55:59.449,3.4,sell,6268.15,BTC-17MAY19-6250-C,59.13,0.0335,3.4,1,1557496559449,19358952,155
2019-05-10 14:17:27.407,0.2,sell,6254.38,BTC-17MAY19-6250-C,53.81,0.0295,0.2,2,1557497847407,19360997,156
2019-05-10 14:17:30.485,0.2,sell,6253.86,BTC-17MAY19-6250-C,53.88,0.0295,0.2,3,1557497850485,19360998,157
2019-05-10 14:18:51.648,0.1,sell,6252.8,BTC-17MAY19-6250-C,54.04,0.0295,0.1,3,1557497931648,19361032,158
2019-05-10 14:42:58.986,0.2,sell,6247.92,BTC-17MAY19-6250-C,53.88,0.028999999999999998,0.2,2,1557499378986,19362534,159
2019-05-10 14:43:08.881,0.1,sell,6247.08,BTC-17MAY19-6250-C,54.0,0.028999999999999998,0.1,3,1557499388881,19362536,160
2019-05-10 14:43:17.548,0.1,sell,6247.05,BTC-17MAY19-6250-C,54.01,0.028999999999999998,0.1,3,1557499397548,19362541,161
2019-05-10 14:43:23.934,0.2,sell,6246.94,BTC-17MAY19-6250-C,54.02,0.028999999999999998,0.2,3,1557499403934,19362549,162
2019-05-10 14:43:50.515,0.1,sell,6246.1,BTC-17MAY19-6250-C,54.15,0.028999999999999998,0.1,3,1557499430515,19362581,163
2019-05-10 14:47:17.889,3.0,buy,6240.42,BTC-17MAY19-6250-C,56.81,0.03,3.0,0,1557499637889,19363170,164
2019-05-10 15:16:07.980,0.9,sell,6242.27,BTC-17MAY19-6250-C,53.86,0.0285,0.9,2,1557501367980,19364689,165
2019-05-10 15:45:52.758,0.1,buy,6275.16,BTC-17MAY19-6250-C,53.78,0.031,0.1,0,1557503152758,19365980,166
2019-05-10 15:56:01.887,1.0,buy,6298.48,BTC-17MAY19-6250-C,52.1,0.032,1.0,0,1557503761887,19366799,167
2019-05-10 16:03:10.026,14.0,buy,6321.76,BTC-17MAY19-6250-C,56.89,0.0365,14.0,0,1557504190026,19368288,168
2019-05-10 16:03:26.841,0.8,buy,6315.83,BTC-17MAY19-6250-C,56.9,0.036000000000000004,0.8,2,1557504206841,19368396,169
2019-05-10 16:17:24.739,24.0,buy,6344.34,BTC-17MAY19-6250-C,57.04,0.0385,24.0,0,1557505044739,19371551,170
2019-05-10 16:17:24.739,2.0,buy,6344.34,BTC-17MAY19-6250-C,57.04,0.0385,2.0,1,1557505044739,19371552,171
2019-05-10 16:17:26.472,0.2,sell,6343.99,BTC-17MAY19-6250-C,50.41,0.035,0.2,2,1557505046472,19371560,172
2019-05-10 16:17:40.780,0.2,sell,6340.7,BTC-17MAY19-6250-C,50.97,0.035,0.2,3,1557505060780,19371619,173
2019-05-10 16:42:46.807,4.0,sell,6378.06,BTC-17MAY19-6250-C,54.2,0.04,4.0,0,1557506566807,19375279,174
2019-05-10 16:43:42.773,1.0,sell,6374.88,BTC-17MAY19-6250-C,54.77,0.04,1.0,1,1557506622773,19375531,175
2019-05-10 16:51:21.612,0.2,buy,6413.42,BTC-17MAY19-6250-C,51.62,0.042,0.2,0,1557507081612,19377134,176
2019-05-10 16:56:16.291,2.0,sell,6374.09,BTC-17MAY19-6250-C,51.04,0.038,2.0,2,1557507376291,19380507,177
2019-05-10 16:58:54.081,0.2,sell,6373.85,BTC-17MAY19-6250-C,52.07,0.0385,0.2,0,1557507534081,19381169,178
2019-05-10 17:27:21.627,0.2,sell,6383.15,BTC-17MAY19-6250-C,51.44,0.039,0.2,0,1557509241627,19385248,179
2019-05-10 18:02:33.791,5.0,buy,6409.42,BTC-17MAY19-6250-C,57.6,0.0445,5.0,0,1557511353791,19387173,180
2019-05-10 20:06:06.707,0.1,buy,6370.43,BTC-17MAY19-6250-C,61.04,0.0425,0.1,2,1557518766707,19395533,181
2019-05-10 20:48:10.899,1.0,sell,6287.92,BTC-17MAY19-6250-C,52.68,0.031,1.0,2,1557521290899,19402370,182
2019-05-10 20:52:47.248,1.0,sell,6252.55,BTC-17MAY19-6250-C,53.32,0.0285,1.0,2,1557521567248,19404674,183
2019-05-10 21:08:11.055,2.0,buy,6314.89,BTC-17MAY19-6250-C,61.8,0.038,2.0,0,1557522491055,19407664,184
2019-05-10 21:29:18.969,0.2,sell,6321.14,BTC-17MAY19-6250-C,53.18,0.034,0.2,2,1557523758969,19409862,185
2019-05-10 21:39:28.246,2.0,sell,6331.53,BTC-17MAY19-6250-C,52.44,0.0345,2.0,0,1557524368246,19410623,186
2019-05-10 22:39:58.081,0.1,buy,6362.17,BTC-17MAY19-6250-C,54.14,0.038,0.1,0,1557527998081,19412576,187
2019-05-10 22:44:01.964,0.2,buy,6372.5,BTC-17MAY19-6250-C,54.27,0.039,0.2,0,1557528241964,19412768,188
2019-05-10 23:12:58.821,1.0,sell,6375.2,BTC-17MAY19-6250-C,51.87,0.038,1.0,2,1557529978821,19414651,189
2019-05-11 01:22:09.844,1.0,buy,6375.93,BTC-17MAY19-6250-C,62.12,0.043,1.0,0,1557537729844,19419298,190
2019-05-11 01:53:38.100,0.1,buy,6456.83,BTC-17MAY19-6250-C,54.76,0.047,0.1,0,1557539618100,19423192,191
2019-05-11 02:17:51.325,0.1,buy,6481.54,BTC-17MAY19-6250-C,62.54,0.053,0.1,0,1557541071325,19427753,192
2019-05-11 02:38:24.913,0.1,buy,6473.18,BTC-17MAY19-6250-C,57.88,0.05,0.1,2,1557542304913,19430169,193
2019-05-11 02:47:42.586,15.0,sell,6466.66,BTC-17MAY19-6250-C,52.77,0.047,15.0,2,1557542862586,19430808,194
2019-05-11 03:55:43.504,3.0,sell,6556.13,BTC-17MAY19-6250-C,51.99,0.055999999999999994,3.0,0,1557546943504,19441132,195
2019-05-11 04:51:11.551,0.4,buy,6713.52,BTC-17MAY19-6250-C,59.07,0.076,0.4,0,1557550271551,19455732,196
2019-05-11 04:51:22.102,0.4,sell,6698.28,BTC-17MAY19-6250-C,58.21,0.07400000000000001,0.4,2,1557550282102,19455990,197
2019-05-11 04:51:34.617,0.4,buy,6679.51,BTC-17MAY19-6250-C,64.22,0.07400000000000001,0.4,3,1557550294617,19456109,198
2019-05-11 04:54:13.205,0.4,sell,6680.99,BTC-17MAY19-6250-C,56.56,0.0715,0.4,2,1557550453205,19457895,199
2019-05-11 05:03:18.817,0.4,buy,6659.92,BTC-17MAY19-6250-C,50.1,0.067,0.4,2,1557550998817,19463146,200
2019-05-11 05:03:20.558,0.4,buy,6660.05,BTC-17MAY19-6250-C,50.06,0.067,0.4,3,1557551000558,19463152,201
2019-05-11 05:03:20.586,0.4,buy,6660.05,BTC-17MAY19-6250-C,50.06,0.067,0.4,3,1557551000586,19463154,202
2019-05-11 05:03:22.243,1.8,buy,6659.21,BTC-17MAY19-6250-C,50.37,0.067,1.8,3,1557551002243,19463156,203
2019-05-11 05:09:07.524,0.1,sell,6683.93,BTC-17MAY19-6250-C,69.74,0.0765,0.1,0,1557551347524,19464171,204
2019-05-11 05:09:16.420,0.1,sell,6685.89,BTC-17MAY19-6250-C,69.19,0.0765,0.1,1,1557551356420,19464211,205
2019-05-11 05:09:16.913,0.1,sell,6685.19,BTC-17MAY19-6250-C,69.39,0.0765,0.1,1,1557551356913,19464213,206
2019-05-11 05:09:17.670,0.1,sell,6685.19,BTC-17MAY19-6250-C,69.39,0.0765,0.1,1,1557551357670,19464215,207
2019-05-11 05:09:19.950,0.1,sell,6683.38,BTC-17MAY19-6250-C,69.9,0.0765,0.1,1,1557551359950,19464222,208
2019-05-11 05:09:20.405,0.1,sell,6683.38,BTC-17MAY19-6250-C,69.9,0.0765,0.1,1,1557551360405,19464224,209
2019-05-11 05:09:22.301,0.1,sell,6682.54,BTC-17MAY19-6250-C,70.13,0.0765,0.1,1,1557551362301,19464229,210
2019-05-11 05:10:21.296,1.3,buy,6677.72,BTC-17MAY19-6250-C,67.52,0.075,1.3,2,1557551421296,19464382,211
2019-05-11 05:12:39.417,0.4,sell,6671.38,BTC-17MAY19-6250-C,69.31,0.075,0.4,3,1557551559417,19464748,212
2019-05-11 05:12:41.329,0.1,sell,6671.66,BTC-17MAY19-6250-C,69.23,0.075,0.1,3,1557551561329,19464750,213
2019-05-11 05:14:12.929,0.5,buy,6680.61,BTC-17MAY19-6250-C,68.04,0.0755,0.5,0,1557551652929,19465022,214
2019-05-11 06:24:14.464,0.1,buy,6916.73,BTC-17MAY19-6250-C,61.57,0.1,0.1,0,1557555854464,19493286,215
2019-05-11 06:25:00.271,2.9,buy,6940.37,BTC-17MAY19-6250-C,42.14,0.1,2.9,1,1557555900271,19494338,216
2019-05-11 06:28:17.312,0.4,buy,6953.26,BTC-17MAY19-6250-C,60.23,0.10400000000000001,0.4,0,1557556097312,19497065,217
2019-05-11 06:28:37.868,0.4,buy,6961.5,BTC-17MAY19-6250-C,54.47,0.10400000000000001,0.4,1,1557556117868,19497594,218
2019-05-11 06:28:39.879,0.2,buy,6962.13,BTC-17MAY19-6250-C,53.95,0.10400000000000001,0.2,1,1557556119879,19497640,219
2019-05-11 06:28:55.873,0.5,buy,6954.82,BTC-17MAY19-6250-C,53.15,0.10300000000000001,0.5,2,1557556135873,19497943,220
2019-05-11 08:41:23.347,1.5,buy,6738.45,BTC-17MAY19-6250-C,91.03,0.09,1.5,2,1557564083347,19537041,221
2019-05-11 09:29:25.579,0.1,buy,6743.75,BTC-17MAY19-6250-C,91.21,0.0905,0.1,0,1557566965579,19543947,222
2019-05-11 10:51:54.913,0.2,sell,6831.1,BTC-17MAY19-6250-C,85.16,0.09699999999999999,0.2,0,1557571914913,19553472,223
2019-05-11 10:51:59.839,0.2,sell,6830.93,BTC-17MAY19-6250-C,85.21,0.09699999999999999,0.2,1,1557571919839,19553476,224
2019-05-11 10:52:04.832,0.2,sell,6830.49,BTC-17MAY19-6250-C,85.34,0.09699999999999999,0.2,1,1557571924832,19553483,225
2019-05-11 10:59:27.250,0.2,sell,6839.96,BTC-17MAY19-6250-C,88.31,0.099,0.2,0,1557572367250,19554088,226
2019-05-11 11:23:05.857,1.0,sell,6804.41,BTC-17MAY19-6250-C,86.09,0.0945,1.0,2,1557573785857,19556386,227
2019-05-11 12:43:27.094,0.2,sell,6751.1,BTC-17MAY19-6250-C,85.09,0.0885,0.2,2,1557578607094,19564425,228
2019-05-11 14:27:50.811,0.1,buy,6786.09,BTC-17MAY19-6250-C,85.35,0.092,0.1,0,1557584870811,19572750,229
2019-05-11 15:41:25.831,0.3,buy,6859.76,BTC-17MAY19-6250-C,85.12,0.0995,0.3,0,1557589285831,19583561,230
2019-05-11 17:00:46.047,2.0,buy,6903.57,BTC-17MAY19-6250-C,91.48,0.106,2.0,0,1557594046047,19611229,231
2019-05-11 17:00:46.120,0.2,sell,6903.57,BTC-17MAY19-6250-C,96.07,0.1075,0.2,0,1557594046120,19611230,232
2019-05-11 17:00:46.245,0.8,sell,6903.57,BTC-17MAY19-6250-C,96.07,0.1075,0.8,1,1557594046245,19611233,233
2019-05-11 18:47:29.428,0.2,buy,6986.7,BTC-17MAY19-6250-C,87.78,0.1135,0.2,0,1557600449428,19627293,234
2019-05-11 18:47:29.428,0.8,buy,6986.7,BTC-17MAY19-6250-C,93.1,0.115,0.8,0,1557600449428,19627294,235
2019-05-11 19:16:58.942,0.2,sell,6930.16,BTC-17MAY19-6250-C,79.14,0.105,0.2,2,1557602218942,19630392,236
2019-05-11 19:16:58.942,4.8,sell,6930.16,BTC-17MAY19-6250-C,75.26,0.10400000000000001,4.8,2,1557602218942,19630393,237
2019-05-11 19:48:06.873,1.0,sell,6943.7,BTC-17MAY19-6250-C,90.13,0.1095,1.0,0,1557604086873,19633655,238
2019-05-11 19:48:19.313,0.2,buy,6940.97,BTC-17MAY19-6250-C,91.09,0.1095,0.2,1,1557604099313,19633666,239
2019-05-11 19:48:25.221,0.8,sell,6939.95,BTC-17MAY19-6250-C,91.45,0.1095,0.8,1,1557604105221,19633669,240
2019-05-11 19:51:17.667,1.0,sell,6942.51,BTC-17MAY19-6250-C,88.87,0.109,1.0,2,1557604277667,19633840,241
2019-05-11 19:51:50.590,1.0,sell,6938.73,BTC-17MAY19-6250-C,90.23,0.109,1.0,3,1557604310590,19633865,242
2019-05-11 19:52:38.279,1.0,sell,6934.55,BTC-17MAY19-6250-C,90.04,0.1085,1.0,2,1557604358279,19633930,243
2019-05-11 19:53:20.381,1.0,sell,6932.75,BTC-17MAY19-6250-C,90.67,0.1085,1.0,3,1557604400381,19633965,244
2019-05-11 20:15:39.455,0.4,sell,6950.8,BTC-17MAY19-6250-C,84.09,0.1085,0.4,3,1557605739455,19635431,245
2019-05-11 20:27:42.001,0.1,sell,6940.39,BTC-17MAY19-6250-C,89.85,0.109,0.1,0,1557606462001,19636033,246
2019-05-11 20:28:48.839,0.1,buy,6931.43,BTC-17MAY19-6250-C,92.98,0.109,0.1,1,1557606528839,19636246,247
2019-05-11 20:32:27.263,0.1,buy,6915.85,BTC-17MAY19-6250-C,90.17,0.1065,0.1,2,1557606747263,19636493,248
2019-05-11 21:49:53.275,0.1,buy,7038.44,BTC-17MAY19-6250-C,92.52,0.12,0.1,0,1557611393275,19643246,249
2019-05-11 21:49:55.301,0.1,buy,7038.89,BTC-17MAY19-6250-C,92.34,0.12,0.1,1,1557611395301,19643249,250
2019-05-11 21:58:59.420,2.8000000000000003,buy,7075.22,BTC-17MAY19-6250-C,74.5,0.12,2.8000000000000003,1,1557611939420,19646404,251
2019-05-11 22:05:01.652,3.0,buy,7169.89,BTC-17MAY19-6250-C,69.17,0.13,3.0,0,1557612301652,19650589,252
2019-05-11 22:07:52.361,0.1,sell,7139.84,BTC-17MAY19-6250-C,84.16,0.129,0.1,2,1557612472361,19656502,253
2019-05-11 22:07:52.361,3.9,sell,7139.84,BTC-17MAY19-6250-C,75.73,0.1275,3.9,2,1557612472361,19656503,254
2019-05-11 22:42:47.684,0.4,sell,7260.54,BTC-17MAY19-6250-C,106.49,0.1465,0.4,0,1557614567684,19681951,255
2019-05-11 22:43:07.085,0.4,sell,7251.8,BTC-17MAY19-6250-C,108.17,0.146,0.4,2,1557614587085,19682188,256
2019-05-11 22:46:54.635,0.1,sell,7230.99,BTC-17MAY19-6250-C,116.55,0.146,0.1,3,1557614814635,19684344,257
2019-05-11 22:53:31.488,0.1,sell,7271.59,BTC-17MAY19-6250-C,101.38,0.1465,0.1,0,1557615211488,19687812,258
2019-05-11 23:11:01.672,0.4,buy,7369.27,BTC-17MAY19-6250-C,108.61,0.158,0.4,0,1557616261672,19696070,259
2019-05-11 23:11:13.691,0.4,buy,7388.37,BTC-17MAY19-6250-C,108.92,0.16,0.4,0,1557616273691,19696281,260
2019-05-11 23:11:36.142,0.4,buy,7401.0,BTC-17MAY19-6250-C,102.02,0.16,0.4,1,1557616296142,19696657,261
2019-05-11 23:30:46.276,0.2,buy,7405.8,BTC-17MAY19-6250-C,99.2,0.16,0.2,1,1557617446276,19711487,262
2019-05-11 23:30:48.052,0.2,buy,7405.84,BTC-17MAY19-6250-C,99.18,0.16,0.2,1,1557617448052,19711489,263
2019-05-11 23:30:58.089,0.2,buy,7413.87,BTC-17MAY19-6250-C,93.69,0.16,0.2,1,1557617458089,19711815,264
2019-05-11 23:30:58.478,1.6,buy,7413.87,BTC-17MAY19-6250-C,93.69,0.16,1.6,1,1557617458478,19711837,265
2019-05-12 02:31:36.048,0.4,sell,7254.09,BTC-17MAY19-6250-C,104.32,0.145,0.4,2,1557628296048,19788277,266
2019-05-12 02:31:39.079,0.4,sell,7251.91,BTC-17MAY19-6250-C,105.35,0.145,0.4,3,1557628299079,19788291,267
2019-05-12 02:31:39.548,0.2,sell,7251.91,BTC-17MAY19-6250-C,105.35,0.145,0.2,3,1557628299548,19788324,268
2019-05-12 03:37:56.959,0.4,sell,7157.45,BTC-17MAY19-6250-C,100.59,0.134,0.4,2,1557632276959,19798811,269
2019-05-12 04:29:35.097,1.2,sell,7217.78,BTC-17MAY19-6250-C,97.01,0.1395,1.2,0,1557635375097,19805651,270
2019-05-12 06:57:25.689,0.1,sell,7404.07,BTC-17MAY19-6250-C,119.47,0.163,0.1,0,1557644245689,19827276,271
2019-05-12 07:25:36.640,0.4,sell,7509.36,BTC-17MAY19-6250-C,127.85,0.175,0.4,0,1557645936640,19835551,272
2019-05-12 07:25:38.640,0.2,sell,7508.19,BTC-17MAY19-6250-C,128.41,0.175,0.2,1,1557645938640,19835569,273
2019-05-12 07:56:22.873,0.6,sell,7512.5,BTC-17MAY19-6250-C,88.67,0.1695,0.6,2,1557647782873,19841661,274
2019-05-12 07:56:35.687,4.0,sell,7513.2,BTC-17MAY19-6250-C,71.38,0.1685,4.0,2,1557647795687,19841668,275
2019-05-12 08:03:52.749,0.4,sell,7550.36,BTC-17MAY19-6250-C,0.0,0.1715,0.4,0,1557648232749,19843040,276
2019-05-12 08:04:18.202,0.4,sell,7563.39,BTC-17MAY19-6250-C,0.0,0.1705,0.4,2,1557648258202,19843366,277
2019-05-12 08:04:37.337,0.4,sell,7572.22,BTC-17MAY19-6250-C,0.0,0.1705,0.4,3,1557648277337,19843476,278
2019-05-12 08:04:47.665,0.2,sell,7574.81,BTC-17MAY19-6250-C,0.0,0.171,0.2,0,1557648287665,19843601,279
2019-05-12 08:24:08.570,0.1,buy,7267.48,BTC-17MAY19-6250-C,99.85,0.145,0.1,2,1557649448570,19860184,280
2019-05-12 08:24:40.786,0.3,buy,7274.59,BTC-17MAY19-6250-C,95.65,0.145,0.3,3,1557649480786,19860426,281
2019-05-12 08:24:43.851,0.1,buy,7285.92,BTC-17MAY19-6250-C,87.84,0.145,0.1,3,1557649483851,19860447,282
2019-05-12 08:24:44.106,0.1,buy,7285.92,BTC-17MAY19-6250-C,87.84,0.145,0.1,3,1557649484106,19860450,283
2019-05-12 09:46:42.834,0.1,sell,7389.59,BTC-17MAY19-6250-C,107.52,0.159,0.1,0,1557654402834,19884494,284
2019-05-12 14:10:08.888,1.0,buy,7120.64,BTC-17MAY19-6250-C,122.16,0.1345,1.0,2,1557670208888,19982884,285
2019-05-12 15:03:56.273,0.2,sell,6982.8,BTC-17MAY19-6250-C,84.44,0.1105,0.2,2,1557673436273,20001067,286
2019-05-12 15:46:21.675,0.1,sell,6823.5,BTC-17MAY19-6250-C,91.55,0.095,0.1,2,1557675981675,20014526,287
2019-05-12 19:16:20.239,1.0,buy,6985.85,BTC-17MAY19-6250-C,107.13,0.11599999999999999,1.0,0,1557688580239,20058999,288
2019-05-12 19:30:24.790,0.1,buy,7025.66,BTC-17MAY19-6250-C,108.66,0.1205,0.1,0,1557689424790,20063462,289
2019-05-13 09:57:01.835,1.0,buy,7087.65,BTC-17MAY19-6250-C,107.74,0.125,1.0,0,1557741421835,20151309,290
2019-05-13 10:43:05.045,1.0,buy,7087.95,BTC-17MAY19-6250-C,102.97,0.124,1.0,2,1557744185045,20153616,291
2019-05-13 14:51:50.986,4.0,buy,7541.34,BTC-17MAY19-6250-C,123.53,0.1745,4.0,0,1557759110986,20200618,292
2019-05-13 14:54:54.728,4.0,buy,7520.0,BTC-17MAY19-6250-C,120.81,0.172,4.0,2,1557759294728,20201812,293
2019-05-13 15:00:37.629,4.0,buy,7497.86,BTC-17MAY19-6250-C,126.98,0.1705,4.0,2,1557759637629,20203935,294
2019-05-13 15:08:39.509,4.0,buy,7662.98,BTC-17MAY19-6250-C,107.18,0.1855,4.0,0,1557760119509,20208315,295
2019-05-13 15:13:02.219,1.0,sell,7785.43,BTC-17MAY19-6250-C,140.5,0.2005,1.0,0,1557760382219,20216937,296
2019-05-13 15:13:05.351,1.0,sell,7792.71,BTC-17MAY19-6250-C,133.51,0.2005,1.0,1,1557760385351,20217039,297
2019-05-13 15:13:09.946,1.0,sell,7794.75,BTC-17MAY19-6250-C,145.96,0.20199999999999999,1.0,0,1557760389946,20217160,298
2019-05-13 15:23:33.629,2.0,sell,7795.2,BTC-17MAY19-6250-C,149.95,0.2025,2.0,0,1557761013629,20231516,299
2019-05-13 15:35:38.175,0.1,buy,7826.84,BTC-17MAY19-6250-C,162.04,0.207,0.1,0,1557761738175,20237297,300
2019-05-13 15:40:53.156,0.1,sell,7774.5,BTC-17MAY19-6250-C,145.72,0.2,0.1,2,1557762053156,20238923,301
2019-05-13 21:16:08.479,0.3,sell,8006.53,BTC-17MAY19-6250-C,195.86,0.22699999999999998,0.3,0,1557782168479,20313001,302
2019-05-13 23:32:01.146,2.0,buy,7810.77,BTC-17MAY19-6250-C,94.16,0.2,2.0,2,1557790321146,20364979,303
2019-05-14 00:04:06.783,1.1,sell,7803.08,BTC-17MAY19-6250-C,0.0,0.042,1.1,3,1557792246783,20371411,305
2019-05-14 00:04:06.783,0.1,sell,7803.08,BTC-17MAY19-6250-C,0.0,0.042,0.1,2,1557792246783,20371410,304
2019-05-14 00:04:06.783,3.2,sell,7803.08,BTC-17MAY19-6250-C,0.0,0.0415,3.2,2,1557792246783,20371412,306
2019-05-14 00:04:06.783,0.1,sell,7803.08,BTC-17MAY19-6250-C,0.0,0.04,0.1,2,1557792246783,20371413,307
2019-05-14 00:04:06.783,0.9,sell,7803.08,BTC-17MAY19-6250-C,0.0,0.009000000000000001,0.9,2,1557792246783,20371415,309
2019-05-14 00:04:06.783,0.1,sell,7803.08,BTC-17MAY19-6250-C,0.0,0.018000000000000002,0.1,2,1557792246783,20371414,308
2019-05-14 00:08:14.109,0.3,sell,7837.87,BTC-17MAY19-6250-C,128.78,0.204,0.3,0,1557792494109,20371722,310
2019-05-14 00:12:07.417,0.3,sell,7853.55,BTC-17MAY19-6250-C,103.8,0.2045,0.3,0,1557792727417,20372063,311
2019-05-14 00:17:17.084,0.1,sell,7906.49,BTC-17MAY19-6250-C,0.0,0.209,0.1,0,1557793037084,20373223,312
2019-05-14 00:20:07.819,0.1,buy,7878.71,BTC-17MAY19-6250-C,119.21,0.2075,0.1,2,1557793207819,20374244,313
2019-05-14 00:20:21.659,0.1,buy,7885.77,BTC-17MAY19-6250-C,125.78,0.2085,0.1,0,1557793221659,20374277,314
2019-05-14 00:20:55.678,0.1,buy,7891.92,BTC-17MAY19-6250-C,132.88,0.2095,0.1,0,1557793255678,20374356,315
2019-05-14 00:21:16.199,0.1,buy,7896.35,BTC-17MAY19-6250-C,125.19,0.2095,0.1,1,1557793276199,20374378,316
2019-05-14 00:22:05.464,0.1,buy,7904.92,BTC-17MAY19-6250-C,136.77,0.21100000000000002,0.1,0,1557793325464,20374477,317
2019-05-14 06:19:14.292,0.3,sell,8021.18,BTC-17MAY19-6250-C,129.82,0.2215,0.3,0,1557814754292,20434566,318
2019-05-14 06:21:13.856,0.3,sell,8021.05,BTC-17MAY19-6250-C,141.68,0.222,0.3,0,1557814873856,20434725,319
2019-05-14 06:23:59.896,0.3,buy,8028.25,BTC-17MAY19-6250-C,147.69,0.223,0.3,0,1557815039896,20435259,320
2019-05-14 06:58:44.658,0.1,buy,8057.1,BTC-17MAY19-6250-C,153.63,0.226,0.1,0,1557817124658,20438286,321
2019-05-14 13:44:54.944,0.1,sell,8171.67,BTC-17MAY19-6250-C,0.0,0.235,0.1,0,1557841494944,20523381,322
2019-05-15 17:25:18.032,1.3,buy,8067.55,BTC-17MAY19-6250-C,0.0,0.225,1.3,2,1557941118032,20743911,323
2019-05-15 17:25:18.382,1.2,buy,8066.4,BTC-17MAY19-6250-C,0.0,0.225,1.2,3,1557941118382,20743913,324
2019-05-16 11:39:44.153,0.5,buy,7883.12,BTC-17MAY19-6250-C,209.87,0.2075,0.5,2,1558006784153,20919457,325
2019-05-16 11:43:27.538,2.5,buy,7868.93,BTC-17MAY19-6250-C,202.5,0.20600000000000002,2.5,2,1558007007538,20919777,326
2019-05-17 03:00:12.547,2.5,sell,7430.15,BTC-17MAY19-6250-C,466.96,0.1615,2.5,2,1558062012547,21025503,327
2019-05-17 03:09:24.932,0.2,sell,6796.71,BTC-17MAY19-6250-C,500.0,0.1055,0.2,2,1558062564932,21047406,328
2019-05-17 03:09:28.033,0.1,sell,6800.46,BTC-17MAY19-6250-C,500.0,0.105,0.1,2,1558062568033,21047595,329
2019-05-17 04:29:35.620,2.0,buy,7370.98,BTC-17MAY19-6250-C,386.89,0.1525,2.0,0,1558067375620,21098388,330
2019-05-17 04:47:08.149,0.2,sell,7284.48,BTC-17MAY19-6250-C,0.0,0.1395,0.2,2,1558068428149,21102973,331
