date_utc,amount,direction,indexPrice,instrument,iv,price,quantity,tickDirection,timeStamp,tradeId,tradeSeq
2019-04-10 05:35:01.016,0.1,sell,5241.28,BTC-31MAY19-5500-P,58.75,0.1165,0.1,1,1554874501016,17592016,1
2019-04-10 05:35:29.431,0.1,buy,5239.21,BTC-31MAY19-5500-P,63.96,0.1245,0.1,0,1554874529431,17592017,2
2019-04-10 19:20:51.313,6.0,sell,5388.36,BTC-31MAY19-5500-P,65.03,0.10800000000000001,6.0,2,1554924051313,17624189,3
2019-04-10 19:21:09.080,6.0,buy,5387.06,BTC-31MAY19-5500-P,64.94,0.10800000000000001,6.0,3,1554924069080,17624203,4
2019-04-10 20:36:14.935,9.6,buy,5367.68,BTC-31MAY19-5500-P,65.2,0.1105,9.6,0,1554928574935,17629382,5
2019-04-10 21:24:25.837,9.6,buy,5295.64,BTC-31MAY19-5500-P,66.68,0.121,9.6,0,1554931465837,17643972,6
2019-04-10 21:24:37.945,9.6,buy,5296.0,BTC-31MAY19-5500-P,67.72,0.1225,9.6,0,1554931477945,17643981,7
2019-04-10 21:25:12.575,9.6,buy,5296.98,BTC-31MAY19-5500-P,68.81,0.124,9.6,0,1554931512575,17644012,9
2019-04-10 21:25:12.575,2.0,buy,5296.98,BTC-31MAY19-5500-P,68.47,0.1235,2.0,0,1554931512575,17644011,8
2019-04-10 21:35:04.903,0.1,sell,5288.46,BTC-31MAY19-5500-P,62.05,0.115,0.1,2,1554932104903,17645811,10
2019-04-10 21:57:38.046,7.8,buy,5292.23,BTC-31MAY19-5500-P,67.77,0.12300000000000001,7.8,0,1554933458046,17647388,11
2019-04-11 09:49:08.257,2.0,buy,5118.2,BTC-31MAY19-5500-P,61.25,0.1355,2.0,0,1554976148257,17677094,12
2019-04-12 14:52:53.059,2.0,sell,5079.42,BTC-31MAY19-5500-P,55.6,0.132,2.0,2,1555080773059,17750537,13
2019-04-12 14:53:00.465,5.2,sell,5079.6,BTC-31MAY19-5500-P,54.19,0.13,5.2,3,1555080780465,17750540,15
2019-04-12 14:53:00.465,9.6,sell,5079.6,BTC-31MAY19-5500-P,54.19,0.13,9.6,2,1555080780465,17750539,14
2019-04-12 14:55:35.934,5.3,sell,5083.11,BTC-31MAY19-5500-P,53.84,0.129,5.3,2,1555080935934,17750628,16
2019-04-12 14:55:39.083,9.6,buy,5083.11,BTC-31MAY19-5500-P,53.48,0.1285,9.6,2,1555080939083,17750630,17
2019-04-12 14:55:42.887,9.6,sell,5084.23,BTC-31MAY19-5500-P,53.24,0.128,9.6,3,1555080942887,17750633,19
2019-04-12 14:55:42.887,5.6000000000000005,sell,5084.23,BTC-31MAY19-5500-P,53.24,0.128,5.6000000000000005,2,1555080942887,17750632,18
2019-04-12 14:55:51.693,5.5,sell,5084.11,BTC-31MAY19-5500-P,53.59,0.1285,5.5,0,1555080951693,17750644,20
2019-04-12 14:56:00.032,5.5,sell,5084.08,BTC-31MAY19-5500-P,52.14,0.1265,5.5,2,1555080960032,17750649,21
2019-04-12 14:56:11.591,2.3000000000000003,sell,5082.48,BTC-31MAY19-5500-P,52.33,0.127,2.3000000000000003,0,1555080971591,17750658,22
2019-04-14 12:06:53.594,2.0,buy,5061.46,BTC-31MAY19-5500-P,56.96,0.135,2.0,0,1555243613594,17795500,23
2019-04-18 09:31:31.989,0.1,sell,5248.55,BTC-31MAY19-5500-P,51.85,0.099,0.1,2,1555579891989,17921000,24
2019-04-20 05:05:50.165,0.1,sell,5320.44,BTC-31MAY19-5500-P,49.47,0.0855,0.1,2,1555736750165,17976068,25
2019-04-20 13:49:19.979,0.1,sell,5319.64,BTC-31MAY19-5500-P,49.62,0.0855,0.1,3,1555768159979,17983626,26
2019-04-21 09:42:04.211,0.1,buy,5248.29,BTC-31MAY19-5500-P,51.05,0.0955,0.1,0,1555839724211,18004956,27
2019-04-23 04:00:07.934,9.6,buy,5432.2,BTC-31MAY19-5500-P,54.06,0.0765,9.6,2,1555992007934,18077287,28
2019-04-23 04:02:41.097,20.4,buy,5439.27,BTC-31MAY19-5500-P,55.02,0.077,20.4,1,1555992161097,18077411,30
2019-04-23 04:02:41.097,9.6,buy,5439.27,BTC-31MAY19-5500-P,55.02,0.077,9.6,0,1555992161097,18077410,29
2019-04-23 04:03:46.074,4.4,buy,5441.42,BTC-31MAY19-5500-P,55.19,0.077,4.4,1,1555992226074,18077441,32
2019-04-23 04:03:46.074,0.6,buy,5441.42,BTC-31MAY19-5500-P,55.19,0.077,0.6,1,1555992226074,18077440,31
2019-04-23 04:05:04.946,0.4,sell,5447.15,BTC-31MAY19-5500-P,55.27,0.0765,0.4,2,1555992304946,18077527,33
2019-04-23 04:22:58.930,1.2,buy,5490.26,BTC-31MAY19-5500-P,55.55,0.0725,1.2,2,1555993378930,18081901,34
2019-04-23 04:32:23.082,0.2,sell,5536.54,BTC-31MAY19-5500-P,56.29,0.069,0.2,2,1555993943082,18090974,35
2019-04-23 10:26:09.596,1.0,sell,5548.86,BTC-31MAY19-5500-P,55.41,0.0665,1.0,2,1556015169596,18105881,36
2019-04-23 17:02:28.332,0.3,buy,5573.77,BTC-31MAY19-5500-P,59.38,0.069,0.3,0,1556038948332,18116146,37
2019-04-23 20:23:58.973,9.0,sell,5583.0,BTC-31MAY19-5500-P,56.97,0.065,9.0,2,1556051038973,18122470,38
2019-04-23 20:25:00.684,3.0,buy,5581.01,BTC-31MAY19-5500-P,56.43,0.0645,3.0,2,1556051100684,18122478,39
2019-04-23 22:09:15.818,0.4,buy,5550.97,BTC-31MAY19-5500-P,57.9,0.069,0.4,0,1556057355818,18124956,40
2019-04-23 22:09:16.067,0.2,sell,5550.97,BTC-31MAY19-5500-P,57.9,0.069,0.2,1,1556057356067,18124962,41
2019-04-24 01:16:55.765,0.2,buy,5507.51,BTC-31MAY19-5500-P,56.73,0.0715,0.2,0,1556068615765,18135738,42
2019-04-24 06:23:55.651,4.2,buy,5605.36,BTC-31MAY19-5500-P,60.06,0.0665,4.2,0,1556087035651,18147479,45
2019-04-24 06:23:55.651,0.1,buy,5605.36,BTC-31MAY19-5500-P,59.26,0.0655,0.1,2,1556087035651,18147477,43
2019-04-24 06:23:55.651,0.7000000000000001,buy,5605.36,BTC-31MAY19-5500-P,59.66,0.066,0.7000000000000001,0,1556087035651,18147478,44
2019-04-24 06:49:16.151,0.1,buy,5590.56,BTC-31MAY19-5500-P,58.64,0.066,0.1,2,1556088556151,18148363,46
2019-04-24 06:49:28.405,0.1,buy,5587.74,BTC-31MAY19-5500-P,58.84,0.0665,0.1,1,1556088568405,18148473,48
2019-04-24 06:49:28.405,0.4,buy,5587.74,BTC-31MAY19-5500-P,58.84,0.0665,0.4,0,1556088568405,18148472,47
2019-04-24 07:36:37.688,0.1,buy,5557.84,BTC-31MAY19-5500-P,57.91,0.068,0.1,0,1556091397688,18149925,49
2019-04-24 07:47:44.361,0.1,buy,5515.58,BTC-31MAY19-5500-P,57.95,0.07200000000000001,0.1,0,1556092064361,18151823,50
2019-04-24 07:48:32.630,0.1,buy,5470.17,BTC-31MAY19-5500-P,58.37,0.077,0.1,0,1556092112630,18152795,51
2019-04-24 07:48:32.789,0.1,sell,5470.17,BTC-31MAY19-5500-P,58.37,0.077,0.1,1,1556092112789,18152798,52
2019-04-24 07:48:32.840,0.1,sell,5470.17,BTC-31MAY19-5500-P,58.37,0.077,0.1,1,1556092112840,18152799,53
2019-04-24 07:48:32.898,0.1,sell,5470.17,BTC-31MAY19-5500-P,58.37,0.077,0.1,1,1556092112898,18152802,54
2019-04-24 09:16:19.816,2.0,buy,5477.07,BTC-31MAY19-5500-P,59.36,0.0775,2.0,0,1556097379816,18165051,55
2019-04-24 12:41:18.384,0.2,buy,5460.5,BTC-31MAY19-5500-P,59.73,0.0795,0.2,0,1556109678384,18176542,56
2019-04-24 16:33:20.839,0.7000000000000001,buy,5435.88,BTC-31MAY19-5500-P,58.24,0.08,0.7000000000000001,0,1556123600839,18182519,57
2019-04-25 02:12:17.791,0.1,sell,5455.45,BTC-31MAY19-5500-P,57.39,0.0765,0.1,2,1556158337791,18202395,58
2019-04-25 11:01:53.454,14.4,sell,5457.73,BTC-31MAY19-5500-P,56.67,0.075,14.4,2,1556190113454,18218054,59
2019-04-25 11:03:12.567,14.4,buy,5456.54,BTC-31MAY19-5500-P,56.58,0.075,14.4,3,1556190192567,18218107,60
2019-04-25 11:06:22.419,14.4,buy,5450.19,BTC-31MAY19-5500-P,56.06,0.075,14.4,3,1556190382419,18218297,61
2019-04-25 11:07:53.367,6.0,buy,5445.08,BTC-31MAY19-5500-P,55.64,0.075,6.0,3,1556190473367,18218417,62
2019-04-25 11:07:55.681,10.3,buy,5444.1,BTC-31MAY19-5500-P,55.55,0.075,10.3,3,1556190475681,18218451,63
2019-04-25 11:07:55.810,14.4,buy,5444.1,BTC-31MAY19-5500-P,55.55,0.075,14.4,3,1556190475810,18218452,64
2019-04-25 11:07:55.868,1.4,buy,5444.1,BTC-31MAY19-5500-P,55.55,0.075,1.4,3,1556190475868,18218455,65
2019-04-25 11:07:59.902,14.4,buy,5442.65,BTC-31MAY19-5500-P,55.43,0.075,14.4,3,1556190479902,18218479,66
2019-04-25 11:08:04.599,10.3,buy,5442.28,BTC-31MAY19-5500-P,55.4,0.075,10.3,3,1556190484599,18218487,67
2019-04-25 22:11:11.705,1.0,buy,5003.64,BTC-31MAY19-5500-P,61.75,0.1395,1.0,0,1556230271705,18255380,68
2019-04-25 22:12:06.792,1.0,sell,4999.51,BTC-31MAY19-5500-P,51.8,0.129,1.0,2,1556230326792,18257440,69
2019-04-25 22:12:10.070,1.0,buy,4999.16,BTC-31MAY19-5500-P,55.82,0.1335,1.0,0,1556230330070,18257536,70
2019-04-26 12:15:11.477,2.0,buy,5131.89,BTC-31MAY19-5500-P,62.44,0.1205,2.0,2,1556280911477,18327478,71
2019-04-26 14:09:33.819,8.0,buy,5154.02,BTC-31MAY19-5500-P,61.33,0.116,8.0,2,1556287773819,18330512,72
2019-04-26 14:10:45.970,8.0,buy,5153.2,BTC-31MAY19-5500-P,62.49,0.1175,8.0,0,1556287845970,18330547,73
2019-04-26 15:11:38.788,0.7000000000000001,buy,5153.99,BTC-31MAY19-5500-P,61.78,0.1165,0.7000000000000001,2,1556291498788,18331552,74
2019-04-26 15:14:18.688,0.3,buy,5142.11,BTC-31MAY19-5500-P,62.49,0.119,0.3,0,1556291658688,18331863,75
2019-04-26 17:57:18.779,0.7000000000000001,sell,5104.89,BTC-31MAY19-5500-P,65.73,0.128,0.7000000000000001,0,1556301438779,18342705,76
2019-04-26 19:59:45.707,12.0,sell,5079.84,BTC-31MAY19-5500-P,60.99,0.126,12.0,2,1556308785707,18346246,77
2019-04-26 21:14:26.875,0.3,sell,5096.84,BTC-31MAY19-5500-P,60.19,0.1225,0.3,2,1556313266875,18348833,78
2019-04-26 21:14:26.875,11.7,sell,5096.84,BTC-31MAY19-5500-P,60.19,0.1225,11.7,3,1556313266875,18348834,79
2019-04-27 09:11:03.608,12.0,sell,5163.44,BTC-31MAY19-5500-P,59.33,0.1115,12.0,2,1556356263608,18361622,80
2019-04-27 15:37:04.349,0.3,buy,5165.87,BTC-31MAY19-5500-P,60.7,0.1125,0.3,0,1556379424349,18366363,81
2019-04-28 09:57:19.016,12.0,sell,5178.17,BTC-31MAY19-5500-P,59.41,0.1085,12.0,2,1556445439016,18382450,82
2019-04-28 20:40:35.078,0.1,sell,5155.64,BTC-31MAY19-5500-P,60.59,0.1125,0.1,0,1556484035078,18400617,83
2019-04-28 22:38:19.293,0.6,buy,5145.09,BTC-31MAY19-5500-P,62.44,0.116,0.6,0,1556491099293,18403645,84
2019-04-29 01:19:59.942,5.7,buy,5172.79,BTC-31MAY19-5500-P,62.4,0.11199999999999999,5.7,2,1556500799942,18406721,85
2019-04-30 11:27:06.025,1.9,sell,5183.98,BTC-31MAY19-5500-P,61.62,0.108,1.9,3,1556623626025,18459524,87
2019-04-30 11:27:06.025,0.3,sell,5183.98,BTC-31MAY19-5500-P,61.62,0.108,0.3,2,1556623626025,18459523,86
2019-04-30 13:22:55.233,0.2,buy,5256.29,BTC-31MAY19-5500-P,64.29,0.1015,0.2,2,1556630575233,18468390,88
2019-04-30 15:27:03.222,0.3,buy,5255.5,BTC-31MAY19-5500-P,64.29,0.1015,0.3,3,1556638023222,18477205,89
2019-04-30 15:27:03.362,0.3,buy,5255.5,BTC-31MAY19-5500-P,63.86,0.101,0.3,2,1556638023362,18477215,90
2019-04-30 15:27:03.438,0.3,buy,5255.5,BTC-31MAY19-5500-P,64.29,0.1015,0.3,0,1556638023438,18477218,91
2019-04-30 15:27:03.458,0.3,buy,5255.5,BTC-31MAY19-5500-P,64.29,0.1015,0.3,1,1556638023458,18477220,92
2019-04-30 15:27:03.491,0.3,buy,5255.5,BTC-31MAY19-5500-P,64.29,0.1015,0.3,1,1556638023491,18477221,93
2019-04-30 15:27:03.507,0.3,buy,5255.5,BTC-31MAY19-5500-P,64.29,0.1015,0.3,1,1556638023507,18477222,94
2019-04-30 15:27:04.345,0.3,buy,5255.78,BTC-31MAY19-5500-P,64.33,0.1015,0.3,1,1556638024345,18477228,95
2019-04-30 15:27:04.452,0.3,buy,5255.78,BTC-31MAY19-5500-P,64.33,0.1015,0.3,1,1556638024452,18477238,96
2019-04-30 15:27:04.500,0.3,buy,5255.78,BTC-31MAY19-5500-P,64.33,0.1015,0.3,1,1556638024500,18477249,97
2019-04-30 15:27:04.603,0.3,buy,5255.78,BTC-31MAY19-5500-P,64.76,0.102,0.3,0,1556638024603,18477258,98
2019-04-30 15:27:05.055,0.3,buy,5255.78,BTC-31MAY19-5500-P,66.51,0.104,0.3,0,1556638025055,18477266,99
2019-04-30 15:27:05.139,0.3,buy,5255.78,BTC-31MAY19-5500-P,66.51,0.104,0.3,1,1556638025139,18477274,100
2019-04-30 15:27:05.802,0.3,sell,5255.76,BTC-31MAY19-5500-P,70.43,0.1085,0.3,0,1556638025802,18477292,101
2019-05-01 00:25:13.563,12.0,buy,5309.09,BTC-31MAY19-5500-P,65.19,0.0955,12.0,2,1556670313563,18491390,102
2019-05-01 00:25:13.563,0.3,buy,5309.09,BTC-31MAY19-5500-P,65.19,0.0955,0.3,3,1556670313563,18491391,103
2019-05-01 08:20:10.826,0.1,buy,5296.34,BTC-31MAY19-5500-P,61.11,0.092,0.1,2,1556698810826,18500809,104
2019-05-01 11:33:31.409,12.0,sell,5314.85,BTC-31MAY19-5500-P,61.89,0.0905,12.0,2,1556710411409,18504772,105
2019-05-01 11:39:17.326,0.3,sell,5316.12,BTC-31MAY19-5500-P,59.82,0.08800000000000001,0.3,2,1556710757326,18504817,106
2019-05-01 11:45:06.435,5.7,sell,5314.05,BTC-31MAY19-5500-P,60.05,0.0885,5.7,0,1556711106435,18504910,107
2019-05-01 12:02:19.946,0.1,buy,5308.2,BTC-31MAY19-5500-P,61.21,0.0905,0.1,0,1556712139946,18505183,108
2019-05-01 12:02:19.958,0.2,sell,5308.2,BTC-31MAY19-5500-P,61.21,0.0905,0.2,1,1556712139958,18505184,109
2019-05-01 12:31:14.430,12.0,sell,5292.16,BTC-31MAY19-5500-P,59.96,0.091,12.0,0,1556713874430,18506415,110
2019-05-01 12:36:50.674,12.0,sell,5283.88,BTC-31MAY19-5500-P,59.95,0.092,12.0,0,1556714210674,18507081,111
2019-05-01 12:37:05.839,12.0,sell,5283.75,BTC-31MAY19-5500-P,59.49,0.0915,12.0,2,1556714225839,18507087,112
2019-05-02 04:04:09.232,0.1,buy,5318.66,BTC-31MAY19-5500-P,63.02,0.0905,0.1,2,1556769849232,18530649,113
2019-05-02 04:10:31.384,0.1,buy,5309.49,BTC-31MAY19-5500-P,63.39,0.092,0.1,0,1556770231384,18531688,114
2019-05-02 07:22:51.752,0.1,buy,5338.32,BTC-31MAY19-5500-P,63.44,0.0885,0.1,2,1556781771752,18535954,115
2019-05-02 07:46:00.739,0.1,sell,5342.1,BTC-31MAY19-5500-P,62.96,0.0875,0.1,2,1556783160739,18536987,116
2019-05-02 08:59:41.731,0.1,sell,5374.75,BTC-31MAY19-5500-P,63.64,0.0845,0.1,2,1556787581731,18540562,117
2019-05-02 13:13:54.719,1.0,buy,5340.92,BTC-31MAY19-5500-P,64.87,0.0895,1.0,0,1556802834719,18549616,118
2019-05-02 13:41:01.959,0.2,sell,5354.14,BTC-31MAY19-5500-P,62.67,0.0855,0.2,2,1556804461959,18550987,119
2019-05-03 02:46:30.478,0.1,sell,5456.13,BTC-31MAY19-5500-P,61.95,0.073,0.1,2,1556851590478,18587997,120
2019-05-03 02:46:30.543,0.1,sell,5456.13,BTC-31MAY19-5500-P,61.95,0.073,0.1,3,1556851590543,18588013,121
2019-05-03 02:46:30.592,0.1,sell,5456.13,BTC-31MAY19-5500-P,61.95,0.073,0.1,3,1556851590592,18588020,122
2019-05-03 02:46:30.643,0.1,sell,5456.13,BTC-31MAY19-5500-P,61.95,0.073,0.1,3,1556851590643,18588027,123
2019-05-03 03:13:33.865,0.1,buy,5455.92,BTC-31MAY19-5500-P,64.21,0.0755,0.1,0,1556853213865,18592660,124
2019-05-03 04:37:33.891,1.0,sell,5487.95,BTC-31MAY19-5500-P,62.21,0.07,1.0,2,1556858253891,18595291,125
2019-05-03 04:37:33.891,0.1,sell,5487.95,BTC-31MAY19-5500-P,62.21,0.07,0.1,3,1556858253891,18595292,126
2019-05-03 05:47:49.160,0.1,sell,5492.29,BTC-31MAY19-5500-P,60.83,0.068,0.1,2,1556862469160,18598936,127
2019-05-03 07:15:47.187,0.3,sell,5539.4,BTC-31MAY19-5500-P,60.89,0.0635,0.3,2,1556867747187,18610686,128
2019-05-03 08:43:33.661,0.1,sell,5625.43,BTC-31MAY19-5500-P,61.02,0.056,0.1,2,1556873013661,18624108,129
2019-05-03 08:44:54.401,1.0,sell,5608.26,BTC-31MAY19-5500-P,58.76,0.055,1.0,2,1556873094401,18624486,130
2019-05-03 08:49:50.970,6.3,sell,5639.87,BTC-31MAY19-5500-P,60.28,0.054000000000000006,6.3,2,1556873390970,18626266,131
2019-05-03 08:50:39.027,0.3,sell,5674.67,BTC-31MAY19-5500-P,62.89,0.054000000000000006,0.3,3,1556873439027,18627427,132
2019-05-03 08:50:46.980,0.3,sell,5683.56,BTC-31MAY19-5500-P,63.55,0.054000000000000006,0.3,3,1556873446980,18627781,133
2019-05-03 08:50:51.256,0.3,sell,5687.81,BTC-31MAY19-5500-P,63.86,0.054000000000000006,0.3,3,1556873451256,18627942,134
2019-05-03 10:12:01.728,6.9,buy,5721.48,BTC-31MAY19-5500-P,62.57,0.05,6.9,2,1556878321728,18659646,135
2019-05-03 12:15:20.232,0.2,buy,5713.67,BTC-31MAY19-5500-P,64.49,0.0525,0.2,0,1556885720232,18673763,136
2019-05-03 17:22:32.355,1.0,buy,5632.27,BTC-31MAY19-5500-P,60.55,0.0545,1.0,0,1556904152355,18698551,137
2019-05-03 17:23:41.975,5.0,sell,5633.89,BTC-31MAY19-5500-P,58.8,0.0525,5.0,2,1556904221975,18699174,138
2019-05-03 17:28:47.238,3.0,buy,5641.58,BTC-31MAY19-5500-P,62.2,0.0555,3.0,0,1556904527238,18699787,139
2019-05-03 18:45:07.705,10.0,buy,5681.15,BTC-31MAY19-5500-P,58.63,0.0485,10.0,2,1556909107705,18702674,140
2019-05-03 18:49:11.511,1.4,sell,5687.55,BTC-31MAY19-5500-P,58.15,0.0475,1.4,3,1556909351511,18702819,142
2019-05-03 18:49:11.511,8.6,sell,5687.55,BTC-31MAY19-5500-P,58.15,0.0475,8.6,2,1556909351511,18702818,141
2019-05-03 18:50:03.007,6.0,sell,5689.22,BTC-31MAY19-5500-P,58.27,0.0475,6.0,3,1556909403007,18702835,143
2019-05-03 18:56:58.112,9.0,sell,5698.98,BTC-31MAY19-5500-P,58.03,0.0465,9.0,2,1556909818112,18703257,144
2019-05-03 20:16:21.128,0.1,sell,5699.52,BTC-31MAY19-5500-P,58.12,0.0465,0.1,3,1556914581128,18705808,145
2019-05-04 01:53:52.438,0.1,sell,5790.24,BTC-31MAY19-5500-P,61.25,0.043,0.1,2,1556934832438,18733207,146
2019-05-04 01:53:52.438,0.2,sell,5790.24,BTC-31MAY19-5500-P,61.25,0.043,0.2,3,1556934832438,18733208,147
2019-05-04 01:55:01.048,0.4,buy,5810.73,BTC-31MAY19-5500-P,61.12,0.0415,0.4,2,1556934901048,18733849,148
2019-05-04 01:55:01.130,0.4,buy,5810.73,BTC-31MAY19-5500-P,61.12,0.0415,0.4,3,1556934901130,18733852,149
2019-05-04 02:04:34.786,0.1,buy,5754.99,BTC-31MAY19-5500-P,58.39,0.0425,0.1,0,1556935474786,18736940,150
2019-05-04 02:04:36.065,0.1,sell,5749.32,BTC-31MAY19-5500-P,58.49,0.043,0.1,0,1556935476065,18736983,151
2019-05-04 02:04:36.182,0.1,sell,5749.32,BTC-31MAY19-5500-P,58.49,0.043,0.1,1,1556935476182,18736990,152
2019-05-04 02:04:36.368,0.1,sell,5749.32,BTC-31MAY19-5500-P,58.49,0.043,0.1,1,1556935476368,18736997,153
2019-05-04 02:04:36.442,0.1,sell,5749.32,BTC-31MAY19-5500-P,58.49,0.043,0.1,1,1556935476442,18737002,154
2019-05-04 02:04:36.513,0.1,sell,5749.32,BTC-31MAY19-5500-P,58.49,0.043,0.1,1,1556935476513,18737003,155
2019-05-04 02:04:36.555,0.1,sell,5749.32,BTC-31MAY19-5500-P,58.49,0.043,0.1,1,1556935476555,18737006,156
2019-05-04 03:46:11.587,0.1,buy,5704.87,BTC-31MAY19-5500-P,57.4,0.045,0.1,0,1556941571587,18742782,157
2019-05-04 04:07:24.549,0.1,buy,5709.26,BTC-31MAY19-5500-P,58.69,0.046,0.1,0,1556942844549,18745029,158
2019-05-04 04:07:28.469,0.1,buy,5707.54,BTC-31MAY19-5500-P,59.05,0.0465,0.1,1,1556942848469,18745051,160
2019-05-04 04:07:28.469,0.4,buy,5707.54,BTC-31MAY19-5500-P,59.05,0.0465,0.4,0,1556942848469,18745050,159
2019-05-04 04:07:28.575,0.1,sell,5707.54,BTC-31MAY19-5500-P,59.05,0.0465,0.1,1,1556942848575,18745052,161
2019-05-04 04:07:28.630,0.1,sell,5707.54,BTC-31MAY19-5500-P,59.05,0.0465,0.1,1,1556942848630,18745053,162
2019-05-04 11:37:10.982,12.8,buy,5733.5,BTC-31MAY19-5500-P,62.22,0.0475,12.8,0,1556969830982,18760803,163
2019-05-04 11:38:03.160,12.8,buy,5734.05,BTC-31MAY19-5500-P,63.24,0.0485,12.8,0,1556969883160,18760804,164
2019-05-04 13:01:38.356,0.1,buy,5706.72,BTC-31MAY19-5500-P,61.82,0.049,0.1,0,1556974898356,18763623,165
2019-05-04 13:13:35.788,0.1,buy,5706.85,BTC-31MAY19-5500-P,62.81,0.05,0.1,0,1556975615788,18763917,166
2019-05-04 13:15:32.302,1.1,buy,5708.97,BTC-31MAY19-5500-P,63.45,0.0505,1.1,0,1556975732302,18763932,167
2019-05-04 13:46:06.249,0.1,buy,5650.33,BTC-31MAY19-5500-P,59.57,0.051,0.1,0,1556977566249,18766825,168
2019-05-04 13:46:06.684,0.1,sell,5650.21,BTC-31MAY19-5500-P,59.56,0.051,0.1,1,1556977566684,18766826,169
2019-05-04 13:46:06.721,0.1,sell,5650.21,BTC-31MAY19-5500-P,59.56,0.051,0.1,1,1556977566721,18766827,170
2019-05-04 13:48:38.147,0.1,buy,5615.98,BTC-31MAY19-5500-P,59.27,0.0535,0.1,0,1556977718147,18768952,171
2019-05-04 13:48:38.216,0.1,sell,5615.98,BTC-31MAY19-5500-P,59.27,0.0535,0.1,1,1556977718216,18768953,172
2019-05-04 13:48:38.270,0.1,sell,5615.98,BTC-31MAY19-5500-P,59.27,0.0535,0.1,1,1556977718270,18768955,173
2019-05-04 13:48:38.324,0.1,sell,5615.98,BTC-31MAY19-5500-P,59.27,0.0535,0.1,1,1556977718324,18768956,174
2019-05-04 13:50:17.764,0.1,sell,5564.78,BTC-31MAY19-5500-P,59.34,0.058,0.1,0,1556977817764,18772148,175
2019-05-04 14:12:58.495,0.1,buy,5530.22,BTC-31MAY19-5500-P,59.68,0.0615,0.1,0,1556979178495,18779187,176
2019-05-04 14:12:58.589,0.1,sell,5530.22,BTC-31MAY19-5500-P,59.68,0.0615,0.1,1,1556979178589,18779188,177
2019-05-04 14:13:02.895,0.1,buy,5525.52,BTC-31MAY19-5500-P,59.73,0.062,0.1,1,1556979182895,18779280,179
2019-05-04 14:13:02.895,0.4,buy,5525.52,BTC-31MAY19-5500-P,59.73,0.062,0.4,0,1556979182895,18779279,178
2019-05-04 14:13:02.957,0.1,sell,5525.52,BTC-31MAY19-5500-P,59.73,0.062,0.1,1,1556979182957,18779281,180
2019-05-04 14:13:02.980,0.3,buy,5525.52,BTC-31MAY19-5500-P,59.73,0.062,0.3,1,1556979182980,18779282,181
2019-05-04 14:13:03.016,0.1,sell,5525.52,BTC-31MAY19-5500-P,59.73,0.062,0.1,1,1556979183016,18779283,182
2019-05-04 16:06:05.840,0.1,buy,5545.48,BTC-31MAY19-5500-P,60.62,0.061,0.1,2,1556985965840,18786526,183
2019-05-04 16:31:47.564,3.5,sell,5582.5,BTC-31MAY19-5500-P,49.16,0.0455,3.5,2,1556987507564,18787392,187
2019-05-04 16:31:47.564,8.8,sell,5582.5,BTC-31MAY19-5500-P,59.52,0.0565,8.8,2,1556987507564,18787391,186
2019-05-04 16:31:47.564,0.1,sell,5582.5,BTC-31MAY19-5500-P,60.0,0.057,0.1,2,1556987507564,18787389,184
2019-05-04 16:31:47.564,9.6,sell,5582.5,BTC-31MAY19-5500-P,60.0,0.057,9.6,3,1556987507564,18787390,185
2019-05-04 16:31:47.564,0.1,sell,5582.5,BTC-31MAY19-5500-P,25.0,0.02,0.1,2,1556987507564,18787394,189
2019-05-04 16:31:47.564,0.3,sell,5582.5,BTC-31MAY19-5500-P,4.2,0.0005,0.3,2,1556987507564,18787395,190
2019-05-04 16:31:47.564,5.0,sell,5582.5,BTC-31MAY19-5500-P,4.2,0.0005,5.0,3,1556987507564,18787396,191
2019-05-04 16:31:47.564,1.0,sell,5582.5,BTC-31MAY19-5500-P,44.92,0.041,1.0,2,1556987507564,18787393,188
2019-05-04 16:33:35.308,0.3,sell,5585.75,BTC-31MAY19-5500-P,58.85,0.0555,0.3,0,1556987615308,18787402,192
2019-05-04 16:42:53.277,3.0,sell,5585.86,BTC-31MAY19-5500-P,59.34,0.055999999999999994,3.0,1,1556988173277,18787719,194
2019-05-04 16:42:53.277,9.6,sell,5585.86,BTC-31MAY19-5500-P,59.34,0.055999999999999994,9.6,0,1556988173277,18787718,193
2019-05-04 17:10:49.899,3.0,sell,5578.73,BTC-31MAY19-5500-P,58.77,0.056,3.0,1,1556989849899,18788419,196
2019-05-04 17:10:49.899,9.6,sell,5578.73,BTC-31MAY19-5500-P,58.77,0.056,9.6,1,1556989849899,18788418,195
2019-05-04 17:43:57.263,9.6,sell,5587.06,BTC-31MAY19-5500-P,58.54,0.055,9.6,2,1556991837263,18789443,197
2019-05-04 19:38:30.617,0.1,sell,5594.13,BTC-31MAY19-5500-P,58.73,0.0545,0.1,2,1556998710617,18792475,198
2019-05-04 19:44:24.327,0.1,sell,5596.73,BTC-31MAY19-5500-P,58.47,0.054000000000000006,0.1,2,1556999064327,18792708,199
2019-05-04 19:53:37.336,0.1,sell,5614.44,BTC-31MAY19-5500-P,59.43,0.0535,0.1,2,1556999617336,18793795,200
2019-05-04 20:36:17.505,0.1,sell,5654.56,BTC-31MAY19-5500-P,61.65,0.0525,0.1,2,1557002177505,18796723,201
2019-05-04 20:51:43.258,0.1,sell,5668.85,BTC-31MAY19-5500-P,62.76,0.0525,0.1,3,1557003103258,18798053,202
2019-05-04 20:51:43.325,0.1,buy,5668.85,BTC-31MAY19-5500-P,62.76,0.0525,0.1,3,1557003103325,18798068,203
2019-05-04 20:51:43.384,0.1,buy,5668.85,BTC-31MAY19-5500-P,62.76,0.0525,0.1,3,1557003103384,18798069,204
2019-05-04 21:06:24.050,0.1,sell,5745.18,BTC-31MAY19-5500-P,62.53,0.0465,0.1,2,1557003984050,18802287,205
2019-05-04 21:13:39.122,0.1,sell,5753.8,BTC-31MAY19-5500-P,58.19,0.0415,0.1,2,1557004419122,18806466,206
2019-05-04 21:21:06.716,0.1,sell,5809.2,BTC-31MAY19-5500-P,59.92,0.0395,0.1,2,1557004866716,18809120,207
2019-05-04 21:22:12.313,1.0,sell,5801.41,BTC-31MAY19-5500-P,57.88,0.038,1.0,2,1557004932313,18810385,208
2019-05-04 21:46:20.768,0.1,sell,5805.65,BTC-31MAY19-5500-P,59.7,0.0395,0.1,0,1557006380768,18817143,209
2019-05-04 22:16:28.290,0.1,sell,5810.78,BTC-31MAY19-5500-P,60.06,0.0395,0.1,1,1557008188290,18821637,210
2019-05-04 22:18:23.612,0.1,sell,5832.59,BTC-31MAY19-5500-P,59.44,0.0375,0.1,2,1557008303612,18822690,211
2019-05-04 22:40:09.383,0.1,sell,5811.82,BTC-31MAY19-5500-P,60.15,0.0395,0.1,0,1557009609383,18827067,212
2019-05-04 22:47:09.081,0.1,sell,5811.07,BTC-31MAY19-5500-P,59.6,0.039,0.1,2,1557010029081,18827538,213
2019-05-05 00:12:57.772,5.0,buy,5748.55,BTC-31MAY19-5500-P,58.46,0.042,5.0,0,1557015177772,18836018,214
2019-05-05 00:12:57.784,0.3,sell,5748.55,BTC-31MAY19-5500-P,58.46,0.042,0.3,1,1557015177784,18836020,215
2019-05-05 00:34:27.546,0.1,sell,5726.59,BTC-31MAY19-5500-P,58.91,0.044,0.1,0,1557016467546,18842863,216
2019-05-05 02:42:37.013,0.1,sell,5753.62,BTC-31MAY19-5500-P,60.92,0.044,0.1,1,1557024157013,18848155,217
2019-05-05 05:52:59.849,0.1,sell,5753.49,BTC-31MAY19-5500-P,61.07,0.044,0.1,1,1557035579849,18854736,218
2019-05-05 05:54:00.275,0.1,sell,5752.29,BTC-31MAY19-5500-P,59.48,0.0425,0.1,2,1557035640275,18854876,219
2019-05-05 06:54:54.560,0.1,buy,5739.88,BTC-31MAY19-5500-P,62.15,0.046,0.1,0,1557039294560,18857216,220
2019-05-05 06:55:00.277,0.7000000000000001,buy,5739.49,BTC-31MAY19-5500-P,62.62,0.0465,0.7000000000000001,0,1557039300277,18857224,221
2019-05-05 06:56:06.992,1.0,buy,5740.29,BTC-31MAY19-5500-P,63.67,0.0475,1.0,0,1557039366992,18857257,222
2019-05-05 06:56:12.926,0.5,buy,5740.18,BTC-31MAY19-5500-P,63.16,0.047,0.5,2,1557039372926,18857260,223
2019-05-05 07:00:55.149,0.3,buy,5739.66,BTC-31MAY19-5500-P,63.13,0.047,0.3,3,1557039655149,18857359,224
2019-05-05 07:01:04.793,0.4,buy,5739.42,BTC-31MAY19-5500-P,63.61,0.0475,0.4,0,1557039664793,18857360,225
2019-05-05 08:53:23.576,0.1,sell,5724.67,BTC-31MAY19-5500-P,58.67,0.0435,0.1,2,1557046403576,18864914,226
2019-05-05 10:38:00.769,0.1,sell,5716.55,BTC-31MAY19-5500-P,58.66,0.044,0.1,0,1557052680769,18868196,227
2019-05-05 10:43:56.663,0.1,sell,5729.82,BTC-31MAY19-5500-P,58.63,0.043,0.1,2,1557053036663,18868667,228
2019-05-05 13:04:02.908,0.2,sell,5746.33,BTC-31MAY19-5500-P,58.91,0.042,0.2,2,1557061442908,18873650,229
2019-05-05 21:11:55.416,4.0,buy,5772.33,BTC-31MAY19-5500-P,61.12,0.042,4.0,3,1557090715416,18901268,230
2019-05-06 00:35:01.266,2.0,sell,5680.33,BTC-31MAY19-5500-P,63.59,0.051,2.0,0,1557102901266,18910143,231
2019-05-06 00:57:12.967,0.7000000000000001,buy,5658.5,BTC-31MAY19-5500-P,61.42,0.0505,0.7000000000000001,2,1557104232967,18913394,232
2019-05-06 00:57:13.066,0.2,buy,5658.5,BTC-31MAY19-5500-P,61.42,0.0505,0.2,3,1557104233066,18913395,233
2019-05-06 01:14:32.914,0.2,buy,5636.25,BTC-31MAY19-5500-P,62.62,0.0535,0.2,0,1557105272914,18916781,234
2019-05-06 01:36:15.752,0.1,sell,5602.1,BTC-31MAY19-5500-P,60.34,0.054000000000000006,0.1,0,1557106575752,18924133,235
2019-05-06 04:22:42.940,1.0,buy,5632.83,BTC-31MAY19-5500-P,67.4,0.0585,1.0,0,1557116562940,18931435,236
2019-05-06 05:00:57.859,0.1,sell,5655.82,BTC-31MAY19-5500-P,65.36,0.0545,0.1,2,1557118857859,18933088,237
2019-05-06 07:56:48.014,0.1,buy,5582.31,BTC-31MAY19-5500-P,64.83,0.06,0.1,0,1557129408014,18940970,238
2019-05-06 10:05:08.764,4.0,sell,5629.19,BTC-31MAY19-5500-P,66.93,0.058,4.0,2,1557137108764,18946546,239
2019-05-06 10:06:57.812,1.0,sell,5629.21,BTC-31MAY19-5500-P,66.93,0.058,1.0,3,1557137217812,18946584,240
2019-05-06 10:11:18.310,1.0,sell,5636.25,BTC-31MAY19-5500-P,66.53,0.057,1.0,2,1557137478310,18946780,241
2019-05-06 10:12:01.206,4.0,sell,5643.0,BTC-31MAY19-5500-P,67.08,0.057,4.0,3,1557137521206,18946847,242
2019-05-06 11:28:37.394,4.0,sell,5638.89,BTC-31MAY19-5500-P,66.82,0.057,4.0,3,1557142117394,18949036,243
2019-05-06 11:40:21.019,1.0,sell,5637.89,BTC-31MAY19-5500-P,66.75,0.057,1.0,3,1557142821019,18949278,244
2019-05-06 14:13:59.877,7.1000000000000005,sell,5659.53,BTC-31MAY19-5500-P,66.16,0.0545,7.1000000000000005,2,1557152039877,18952882,245
2019-05-06 14:38:33.690,0.1,sell,5648.41,BTC-31MAY19-5500-P,65.29,0.0545,0.1,3,1557153513690,18954247,246
2019-05-06 14:38:56.015,0.1,sell,5647.75,BTC-31MAY19-5500-P,65.24,0.0545,0.1,3,1557153536015,18954254,247
2019-05-06 14:47:31.859,1.0,sell,5664.02,BTC-31MAY19-5500-P,66.55,0.0545,1.0,3,1557154051859,18954713,248
2019-05-06 14:47:33.900,1.0,sell,5665.85,BTC-31MAY19-5500-P,66.7,0.0545,1.0,3,1557154053900,18954719,249
2019-05-06 14:47:35.003,0.6,sell,5665.65,BTC-31MAY19-5500-P,66.68,0.0545,0.6,3,1557154055003,18954729,250
2019-05-06 15:12:47.797,0.1,sell,5655.72,BTC-31MAY19-5500-P,65.41,0.054000000000000006,0.1,2,1557155567797,18956761,251
2019-05-06 16:00:53.071,4.9,sell,5665.33,BTC-31MAY19-5500-P,66.23,0.054000000000000006,4.9,3,1557158453071,18957742,252
2019-05-06 16:10:41.060,0.1,sell,5684.55,BTC-31MAY19-5500-P,63.74,0.05,0.1,2,1557159041060,18959483,253
2019-05-06 16:11:33.428,0.2,sell,5684.36,BTC-31MAY19-5500-P,63.73,0.05,0.2,3,1557159093428,18959572,254
2019-05-06 16:21:37.035,0.2,sell,5686.32,BTC-31MAY19-5500-P,62.89,0.049,0.2,2,1557159697035,18960195,255
2019-05-06 16:47:15.874,0.1,sell,5718.87,BTC-31MAY19-5500-P,62.86,0.0465,0.1,2,1557161235874,18963833,256
2019-05-06 18:39:09.740,0.1,sell,5734.27,BTC-31MAY19-5500-P,62.06,0.0445,0.1,2,1557167949740,18969859,257
2019-05-06 18:45:35.964,0.1,buy,5740.79,BTC-31MAY19-5500-P,62.03,0.044,0.1,2,1557168335964,18970532,258
2019-05-06 19:03:09.290,0.1,sell,5751.09,BTC-31MAY19-5500-P,61.76,0.043,0.1,2,1557169389290,18972339,259
2019-05-06 19:12:53.533,1.0,buy,5730.33,BTC-31MAY19-5500-P,65.88,0.0485,1.0,0,1557169973533,18973414,260
2019-05-06 19:48:19.913,8.0,sell,5741.53,BTC-31MAY19-5500-P,61.62,0.0435,8.0,2,1557172099913,18975527,261
2019-05-06 23:27:24.717,5.0,buy,5696.26,BTC-31MAY19-5500-P,63.53,0.0485,5.0,0,1557185244717,18986379,262
2019-05-07 02:56:32.708,0.1,sell,5886.97,BTC-31MAY19-5500-P,61.27,0.0335,0.1,2,1557197792708,19007655,263
2019-05-07 02:56:53.003,0.1,sell,5885.51,BTC-31MAY19-5500-P,61.18,0.0335,0.1,3,1557197813003,19007959,264
2019-05-07 03:23:01.328,0.1,sell,5901.46,BTC-31MAY19-5500-P,63.33,0.0345,0.1,0,1557199381328,19019189,265
2019-05-07 05:10:12.824,8.9,buy,5893.02,BTC-31MAY19-5500-P,63.44,0.035,8.9,0,1557205812824,19026447,266
2019-05-07 05:10:47.885,1.0,sell,5894.06,BTC-31MAY19-5500-P,62.95,0.0345,1.0,2,1557205847885,19026465,267
2019-05-07 05:10:47.885,19.2,sell,5894.06,BTC-31MAY19-5500-P,62.95,0.0345,19.2,3,1557205847885,19026466,268
2019-05-07 05:11:42.220,0.1,sell,5896.78,BTC-31MAY19-5500-P,62.57,0.034,0.1,2,1557205902220,19026480,269
2019-05-07 10:16:25.843,1.2,buy,5900.13,BTC-31MAY19-5500-P,64.18,0.035,1.2,0,1557224185843,19037367,270
2019-05-07 10:38:54.855,1.0,buy,5901.51,BTC-31MAY19-5500-P,67.62,0.038,1.0,0,1557225534855,19038125,271
2019-05-07 10:39:08.269,1.0,buy,5901.45,BTC-31MAY19-5500-P,67.62,0.038,1.0,1,1557225548269,19038127,272
2019-05-07 13:40:15.293,1.0,sell,5919.65,BTC-31MAY19-5500-P,64.49,0.034,1.0,2,1557236415293,19043291,273
2019-05-07 14:01:36.045,0.4,sell,5965.99,BTC-31MAY19-5500-P,63.95,0.031,0.4,2,1557237696045,19046067,274
2019-05-07 14:01:36.047,1.6,buy,5965.99,BTC-31MAY19-5500-P,63.95,0.031,1.6,3,1557237696047,19046068,275
2019-05-07 16:01:05.310,3.0,sell,5861.64,BTC-31MAY19-5500-P,62.54,0.0355,3.0,0,1557244865310,19065240,276
2019-05-07 19:47:38.890,0.1,buy,5840.84,BTC-31MAY19-5500-P,64.1,0.038,0.1,0,1557258458890,19078512,277
2019-05-07 22:15:01.773,6.0,sell,5885.73,BTC-31MAY19-5500-P,63.36,0.0345,6.0,2,1557267301773,19082814,278
2019-05-08 05:52:27.904,2.0,sell,5799.43,BTC-31MAY19-5500-P,63.97,0.04,2.0,0,1557294747904,19131446,279
2019-05-08 15:25:51.762,0.4,sell,5880.64,BTC-31MAY19-5500-P,65.15,0.0355,0.4,2,1557329151762,19152659,280
2019-05-08 15:33:50.675,4.0,sell,5898.78,BTC-31MAY19-5500-P,64.65,0.034,4.0,2,1557329630675,19154042,281
2019-05-08 16:51:46.133,1.0,buy,5889.66,BTC-31MAY19-5500-P,68.11,0.0375,1.0,0,1557334306133,19159363,282
2019-05-08 19:36:56.284,1.0,sell,5905.09,BTC-31MAY19-5500-P,64.15,0.033,1.0,2,1557344216284,19166655,283
2019-05-08 23:18:03.332,0.4,sell,5929.35,BTC-31MAY19-5500-P,63.0,0.0305,0.4,2,1557357483332,19178352,284
2019-05-08 23:18:03.334,3.6,buy,5929.35,BTC-31MAY19-5500-P,63.0,0.0305,3.6,3,1557357483334,19178353,285
2019-05-09 01:27:04.410,0.1,buy,6039.83,BTC-31MAY19-5500-P,69.36,0.03,0.1,2,1557365224410,19212321,286
2019-05-09 01:35:10.668,0.4,sell,6039.63,BTC-31MAY19-5500-P,65.61,0.027000000000000003,0.4,2,1557365710668,19213857,287
2019-05-09 01:35:16.953,0.8,buy,6037.73,BTC-31MAY19-5500-P,65.5,0.027000000000000003,0.8,3,1557365716953,19213874,288
2019-05-09 04:30:49.896,14.6,sell,6041.86,BTC-31MAY19-5500-P,64.65,0.026,14.6,3,1557376249896,19219988,290
2019-05-09 04:30:49.896,0.4,sell,6041.86,BTC-31MAY19-5500-P,64.65,0.026,0.4,2,1557376249896,19219987,289
2019-05-09 11:36:37.586,0.3,sell,6037.18,BTC-31MAY19-5500-P,67.98,0.0285,0.3,0,1557401797586,19236375,291
2019-05-09 17:43:05.423,1.0,sell,6052.26,BTC-31MAY19-5500-P,64.78,0.025,1.0,2,1557423785423,19256178,292
2019-05-09 21:21:01.620,1.6,sell,6090.47,BTC-31MAY19-5500-P,63.2,0.022000000000000002,1.6,3,1557436861620,19264731,294
2019-05-09 21:21:01.620,0.4,sell,6090.47,BTC-31MAY19-5500-P,63.2,0.022000000000000002,0.4,2,1557436861620,19264730,293
2019-05-09 22:16:14.328,1.0,buy,6142.92,BTC-31MAY19-5500-P,64.07,0.0205,1.0,2,1557440174328,19272484,295
2019-05-10 02:11:48.842,1.0,sell,6190.19,BTC-31MAY19-5500-P,65.41,0.0195,1.0,2,1557454308842,19290017,296
2019-05-10 02:12:25.078,0.6,sell,6188.16,BTC-31MAY19-5500-P,65.3,0.0195,0.6,3,1557454345078,19290111,298
2019-05-10 02:12:25.078,0.4,sell,6188.16,BTC-31MAY19-5500-P,65.3,0.0195,0.4,3,1557454345078,19290110,297
2019-05-10 02:21:48.098,0.4,sell,6203.3,BTC-31MAY19-5500-P,65.37,0.019,0.4,2,1557454908098,19291963,299
2019-05-10 02:21:48.098,0.6,sell,6203.3,BTC-31MAY19-5500-P,65.37,0.019,0.6,3,1557454908098,19291964,300
2019-05-10 02:27:40.283,0.4,sell,6232.16,BTC-31MAY19-5500-P,66.13,0.0185,0.4,2,1557455260283,19294144,301
2019-05-10 02:27:40.286,0.6,buy,6232.16,BTC-31MAY19-5500-P,66.13,0.0185,0.6,3,1557455260286,19294145,302
2019-05-10 04:33:41.981,0.4,sell,6241.97,BTC-31MAY19-5500-P,68.27,0.0195,0.4,0,1557462821981,19318231,303
2019-05-10 04:33:46.994,2.0,buy,6242.64,BTC-31MAY19-5500-P,68.31,0.0195,2.0,1,1557462826994,19318232,304
2019-05-10 04:33:48.815,2.0,buy,6242.59,BTC-31MAY19-5500-P,68.31,0.0195,2.0,1,1557462828815,19318233,305
2019-05-10 04:33:52.791,0.6,buy,6242.59,BTC-31MAY19-5500-P,68.31,0.0195,0.6,1,1557462832791,19318234,306
2019-05-10 04:34:43.203,0.4,sell,6238.02,BTC-31MAY19-5500-P,68.07,0.0195,0.4,1,1557462883203,19318266,307
2019-05-10 04:36:36.468,4.6000000000000005,buy,6238.26,BTC-31MAY19-5500-P,68.09,0.0195,4.6000000000000005,1,1557462996468,19318308,308
2019-05-10 04:56:11.695,0.4,buy,6287.95,BTC-31MAY19-5500-P,71.43,0.02,0.4,0,1557464171695,19320900,309
2019-05-10 04:56:53.147,0.4,sell,6288.49,BTC-31MAY19-5500-P,68.39,0.018000000000000002,0.4,2,1557464213147,19320906,310
2019-05-10 04:56:53.225,4.6000000000000005,buy,6288.49,BTC-31MAY19-5500-P,68.39,0.018000000000000002,4.6000000000000005,3,1557464213225,19320907,311
2019-05-10 04:57:14.114,5.0,buy,6289.58,BTC-31MAY19-5500-P,68.44,0.018000000000000002,5.0,3,1557464234114,19320916,312
2019-05-10 04:57:33.060,0.4,buy,6291.9,BTC-31MAY19-5500-P,71.64,0.02,0.4,0,1557464253060,19320969,313
2019-05-10 05:14:07.663,3.0,buy,6281.5,BTC-31MAY19-5500-P,71.87,0.0205,3.0,0,1557465247663,19322940,314
2019-05-10 07:26:43.525,12.0,buy,6298.04,BTC-31MAY19-5500-P,72.13,0.02,12.0,2,1557473203525,19331696,315
2019-05-10 07:34:10.114,1.0,sell,6315.69,BTC-31MAY19-5500-P,69.93,0.018000000000000002,1.0,2,1557473650114,19332719,316
2019-05-10 07:36:57.819,0.4,sell,6312.13,BTC-31MAY19-5500-P,68.96,0.0175,0.4,2,1557473817819,19333599,317
2019-05-10 07:37:02.383,0.6,buy,6313.01,BTC-31MAY19-5500-P,69.01,0.0175,0.6,3,1557473822383,19333609,318
2019-05-10 07:41:31.548,0.2,buy,6322.44,BTC-31MAY19-5500-P,68.68,0.017,0.2,2,1557474091548,19334201,319
2019-05-10 12:36:01.867,1.0,sell,6271.99,BTC-31MAY19-5500-P,69.62,0.019,1.0,0,1557491761867,19355873,320
2019-05-10 12:36:01.867,0.4,sell,6271.99,BTC-31MAY19-5500-P,69.62,0.019,0.4,1,1557491761867,19355874,321
2019-05-10 12:36:11.727,1.6,buy,6271.71,BTC-31MAY19-5500-P,69.61,0.019,1.6,1,1557491771727,19355878,322
2019-05-10 16:11:45.575,2.5,sell,6329.84,BTC-31MAY19-5500-P,68.0,0.016,2.5,2,1557504705575,19370009,323
2019-05-10 17:46:10.805,1.0,buy,6384.95,BTC-31MAY19-5500-P,74.1,0.018000000000000002,1.0,0,1557510370805,19386416,324
2019-05-10 17:46:49.116,1.0,buy,6386.1,BTC-31MAY19-5500-P,74.16,0.018000000000000002,1.0,1,1557510409116,19386420,325
2019-05-10 20:08:47.889,0.1,buy,6365.64,BTC-31MAY19-5500-P,73.32,0.018000000000000002,0.1,1,1557518927889,19395720,326
2019-05-10 20:41:47.514,0.4,buy,6312.03,BTC-31MAY19-5500-P,70.67,0.018000000000000002,0.4,1,1557520907514,19398635,327
2019-05-10 20:42:04.124,0.4,buy,6285.46,BTC-31MAY19-5500-P,69.32,0.018000000000000002,0.4,1,1557520924124,19399280,328
2019-05-10 20:42:11.483,1.2,buy,6277.11,BTC-31MAY19-5500-P,68.89,0.018000000000000002,1.2,1,1557520931483,19399425,329
2019-05-10 20:50:52.117,2.0,buy,6269.14,BTC-31MAY19-5500-P,70.83,0.0195,2.0,0,1557521452117,19403101,330
2019-05-10 21:39:50.268,6.6000000000000005,sell,6331.46,BTC-31MAY19-5500-P,69.28,0.0165,6.6000000000000005,2,1557524390268,19410641,332
2019-05-10 21:39:50.268,0.4,sell,6331.46,BTC-31MAY19-5500-P,70.1,0.017,0.4,2,1557524390268,19410640,331
2019-05-10 22:39:11.832,5.0,sell,6357.52,BTC-31MAY19-5500-P,69.8,0.016,5.0,2,1557527951832,19412518,333
2019-05-11 02:00:48.887,2.0,sell,6489.01,BTC-31MAY19-5500-P,74.56,0.015,2.0,2,1557540048887,19425020,334
2019-05-11 02:42:44.781,20.0,buy,6468.28,BTC-31MAY19-5500-P,76.3,0.0165,20.0,0,1557542564781,19430416,335
2019-05-11 05:09:33.836,0.5,buy,6686.19,BTC-31MAY19-5500-P,82.77,0.0145,0.5,2,1557551373836,19464262,336
2019-05-11 05:09:33.836,1.5,buy,6686.19,BTC-31MAY19-5500-P,82.77,0.0145,1.5,3,1557551373836,19464263,337
2019-05-11 05:16:25.586,2.0,sell,6691.74,BTC-31MAY19-5500-P,77.95,0.012,2.0,2,1557551785586,19465304,338
2019-05-11 05:28:48.679,1.0,buy,6687.59,BTC-31MAY19-5500-P,81.87,0.013999999999999999,1.0,0,1557552528679,19468622,339
2019-05-11 12:29:10.324,0.5,sell,6780.57,BTC-31MAY19-5500-P,90.53,0.016,0.5,0,1557577750324,19563468,340
2019-05-11 12:39:05.032,0.5,sell,6770.76,BTC-31MAY19-5500-P,90.11,0.016,0.5,1,1557578345032,19564197,341
2019-05-11 12:52:13.610,0.5,sell,6763.71,BTC-31MAY19-5500-P,89.82,0.016,0.5,1,1557579133610,19565268,342
2019-05-11 12:57:47.679,0.5,sell,6786.86,BTC-31MAY19-5500-P,90.85,0.016,0.5,1,1557579467679,19565830,343
2019-05-11 12:57:55.097,3.0,sell,6789.08,BTC-31MAY19-5500-P,90.95,0.016,3.0,1,1557579475097,19565836,344
2019-05-11 13:01:36.781,0.1,buy,6781.33,BTC-31MAY19-5500-P,92.56,0.017,0.1,0,1557579696781,19566326,345
2019-05-11 13:04:15.823,1.6,sell,6779.65,BTC-31MAY19-5500-P,90.54,0.016,1.6,2,1557579855823,19566452,346
2019-05-11 14:55:27.608,0.1,buy,6792.45,BTC-31MAY19-5500-P,84.07,0.0125,0.1,2,1557586527608,19575830,347
2019-05-11 15:58:32.776,1.0,buy,6937.33,BTC-31MAY19-5500-P,87.85,0.0115,1.0,2,1557590312776,19588565,348
2019-05-11 18:05:21.306,0.5,sell,6976.02,BTC-31MAY19-5500-P,87.18,0.0105,0.5,2,1557597921306,19618682,349
2019-05-11 18:53:30.060,0.5,buy,6958.24,BTC-31MAY19-5500-P,86.56,0.0105,0.5,3,1557600810060,19627985,350
2019-05-11 18:53:30.594,0.5,buy,6958.24,BTC-31MAY19-5500-P,86.56,0.0105,0.5,3,1557600810594,19627986,351
2019-05-11 18:53:30.606,0.5,buy,6958.24,BTC-31MAY19-5500-P,86.56,0.0105,0.5,3,1557600810606,19627987,352
2019-05-11 18:53:30.628,0.5,buy,6958.24,BTC-31MAY19-5500-P,86.56,0.0105,0.5,3,1557600810628,19627988,353
2019-05-11 18:53:30.641,0.5,buy,6958.24,BTC-31MAY19-5500-P,86.56,0.0105,0.5,3,1557600810641,19627989,354
2019-05-11 18:53:30.663,0.5,buy,6958.24,BTC-31MAY19-5500-P,86.56,0.0105,0.5,3,1557600810663,19627990,355
2019-05-11 18:53:30.681,0.5,buy,6958.24,BTC-31MAY19-5500-P,86.56,0.0105,0.5,3,1557600810681,19627991,356
2019-05-11 18:53:30.699,0.5,buy,6958.24,BTC-31MAY19-5500-P,86.56,0.0105,0.5,3,1557600810699,19627992,357
2019-05-11 18:53:30.721,0.5,buy,6958.24,BTC-31MAY19-5500-P,86.56,0.0105,0.5,3,1557600810721,19627993,358
2019-05-11 18:53:30.771,0.5,buy,6958.24,BTC-31MAY19-5500-P,86.56,0.0105,0.5,3,1557600810771,19627994,359
2019-05-11 18:53:30.785,0.5,buy,6958.24,BTC-31MAY19-5500-P,86.56,0.0105,0.5,3,1557600810785,19627995,360
2019-05-11 18:53:30.799,0.5,buy,6958.24,BTC-31MAY19-5500-P,86.56,0.0105,0.5,3,1557600810799,19627996,361
2019-05-11 18:53:30.853,0.5,buy,6958.27,BTC-31MAY19-5500-P,86.56,0.0105,0.5,3,1557600810853,19627997,362
2019-05-11 18:55:34.237,0.5,buy,6954.72,BTC-31MAY19-5500-P,86.43,0.0105,0.5,3,1557600934237,19628226,363
2019-05-11 19:04:08.014,2.5,buy,6919.27,BTC-31MAY19-5500-P,85.04,0.0105,2.5,3,1557601448014,19629316,364
2019-05-11 19:28:47.184,0.7000000000000001,sell,6924.02,BTC-31MAY19-5500-P,84.05,0.01,0.7000000000000001,3,1557602927184,19631430,366
2019-05-11 19:28:47.184,1.3,sell,6924.02,BTC-31MAY19-5500-P,84.05,0.01,1.3,2,1557602927184,19631429,365
2019-05-11 20:55:06.214,0.5,buy,6969.76,BTC-31MAY19-5500-P,88.42,0.011000000000000001,0.5,0,1557608106214,19637983,367
2019-05-11 20:55:06.245,0.5,buy,6969.76,BTC-31MAY19-5500-P,88.42,0.011000000000000001,0.5,1,1557608106245,19637984,368
2019-05-11 21:46:42.863,0.3,sell,6999.78,BTC-31MAY19-5500-P,87.21,0.01,0.3,2,1557611202863,19641632,369
2019-05-11 21:54:07.425,2.0,sell,7037.03,BTC-31MAY19-5500-P,87.36,0.0095,2.0,2,1557611647425,19644677,370
2019-05-11 21:56:16.429,1.0,sell,7041.5,BTC-31MAY19-5500-P,87.53,0.0095,1.0,3,1557611776429,19644997,371
2019-05-11 21:58:30.210,1.0,sell,7069.96,BTC-31MAY19-5500-P,88.61,0.0095,1.0,3,1557611910210,19646174,372
2019-05-11 22:09:21.483,0.5,sell,7129.21,BTC-31MAY19-5500-P,90.85,0.0095,0.5,3,1557612561483,19657372,373
2019-05-11 22:23:15.536,1.1,sell,7181.49,BTC-31MAY19-5500-P,92.81,0.0095,1.1,3,1557613395536,19663514,374
2019-05-11 23:09:58.084,1.1,sell,7344.56,BTC-31MAY19-5500-P,101.59,0.0105,1.1,0,1557616198084,19694861,375
2019-05-11 23:17:08.785,0.5,buy,7367.46,BTC-31MAY19-5500-P,103.78,0.011000000000000001,0.5,0,1557616628785,19703299,376
2019-05-11 23:17:16.725,0.2,sell,7364.81,BTC-31MAY19-5500-P,100.96,0.01,0.2,2,1557616636725,19703407,377
2019-05-11 23:36:36.450,8.5,buy,7386.71,BTC-31MAY19-5500-P,104.53,0.011000000000000001,8.5,0,1557617796450,19716023,378
2019-05-11 23:50:30.157,0.5,buy,7322.07,BTC-31MAY19-5500-P,113.27,0.0155,0.5,0,1557618630157,19724199,379
2019-05-11 23:51:01.836,0.5,buy,7308.41,BTC-31MAY19-5500-P,113.88,0.016,0.5,0,1557618661836,19724566,380
2019-05-12 01:02:07.751,2.0,buy,7088.88,BTC-31MAY19-5500-P,107.2,0.017,2.0,0,1557622927751,19768031,381
2019-05-12 01:02:07.753,3.0,sell,7088.88,BTC-31MAY19-5500-P,107.2,0.017,3.0,1,1557622927753,19768032,382
2019-05-12 06:31:28.607,0.5,buy,7402.27,BTC-31MAY19-5500-P,121.91,0.0175,0.5,0,1557642688607,19822784,383
2019-05-12 06:31:30.406,0.5,sell,7403.8,BTC-31MAY19-5500-P,121.97,0.0175,0.5,1,1557642690406,19822790,384
2019-05-12 06:31:30.462,0.5,sell,7403.8,BTC-31MAY19-5500-P,121.97,0.0175,0.5,1,1557642690462,19822791,385
2019-05-12 06:31:30.491,0.5,sell,7403.8,BTC-31MAY19-5500-P,121.97,0.0175,0.5,1,1557642690491,19822792,386
2019-05-12 06:31:34.376,0.5,sell,7405.26,BTC-31MAY19-5500-P,122.03,0.0175,0.5,1,1557642694376,19822805,387
2019-05-12 06:31:34.417,0.5,sell,7405.26,BTC-31MAY19-5500-P,122.03,0.0175,0.5,1,1557642694417,19822806,388
2019-05-12 06:31:34.446,0.5,sell,7405.26,BTC-31MAY19-5500-P,122.03,0.0175,0.5,1,1557642694446,19822807,389
2019-05-12 06:31:34.899,0.5,sell,7404.73,BTC-31MAY19-5500-P,122.01,0.0175,0.5,1,1557642694899,19822819,390
2019-05-12 06:31:35.545,0.5,sell,7404.73,BTC-31MAY19-5500-P,122.01,0.0175,0.5,1,1557642695545,19822824,391
2019-05-12 06:31:36.144,0.5,sell,7408.16,BTC-31MAY19-5500-P,122.15,0.0175,0.5,1,1557642696144,19822825,392
2019-05-12 06:31:36.776,0.5,sell,7408.16,BTC-31MAY19-5500-P,122.15,0.0175,0.5,1,1557642696776,19822830,393
2019-05-12 07:27:41.709,0.5,sell,7532.0,BTC-31MAY19-5500-P,114.8,0.0125,0.5,2,1557646061709,19835953,394
2019-05-12 07:40:42.926,4.4,sell,7543.26,BTC-31MAY19-5500-P,106.78,0.0095,4.4,2,1557646842926,19838378,395
2019-05-12 07:40:42.926,0.5,sell,7543.26,BTC-31MAY19-5500-P,106.78,0.0095,0.5,3,1557646842926,19838379,396
2019-05-12 07:40:48.521,0.5,sell,7538.89,BTC-31MAY19-5500-P,105.11,0.009000000000000001,0.5,2,1557646848521,19838424,397
2019-05-12 07:46:34.416,0.5,sell,7510.99,BTC-31MAY19-5500-P,104.15,0.009000000000000001,0.5,3,1557647194416,19840032,398
2019-05-12 07:47:23.152,0.5,sell,7519.65,BTC-31MAY19-5500-P,102.9,0.0085,0.5,2,1557647243152,19840272,399
2019-05-12 07:47:41.045,0.5,sell,7524.65,BTC-31MAY19-5500-P,99.84,0.0075,0.5,2,1557647261045,19840318,400
2019-05-12 07:49:44.406,0.5,sell,7523.6,BTC-31MAY19-5500-P,98.12,0.006999999999999999,0.5,2,1557647384406,19840685,401
2019-05-12 07:49:44.451,0.5,sell,7523.6,BTC-31MAY19-5500-P,98.12,0.006999999999999999,0.5,3,1557647384451,19840687,402
2019-05-12 07:51:27.922,0.5,buy,7522.03,BTC-31MAY19-5500-P,98.07,0.006999999999999999,0.5,3,1557647487922,19840891,403
2019-05-12 08:18:33.303,0.5,sell,7370.94,BTC-31MAY19-5500-P,99.29,0.009000000000000001,0.5,0,1557649113303,19855202,404
2019-05-12 12:52:07.811,0.2,buy,7138.8,BTC-31MAY19-5500-P,99.17,0.012,0.2,0,1557665527811,19968828,405
2019-05-12 12:56:09.590,0.1,sell,7172.55,BTC-31MAY19-5500-P,100.51,0.012,0.1,1,1557665769590,19969713,406
2019-05-12 15:07:44.234,0.1,sell,6985.41,BTC-31MAY19-5500-P,87.01,0.0095,0.1,2,1557673664234,20002613,407
2019-05-12 15:47:10.094,0.5,buy,6784.44,BTC-31MAY19-5500-P,80.26,0.01,0.5,0,1557676030094,20014881,408
2019-05-12 15:47:39.709,1.5,buy,6799.26,BTC-31MAY19-5500-P,80.87,0.01,1.5,1,1557676059709,20015274,409
2019-05-12 15:47:39.709,3.0,buy,6799.26,BTC-31MAY19-5500-P,80.87,0.01,3.0,1,1557676059709,20015275,410
2019-05-12 16:36:16.259,1.0,buy,6869.17,BTC-31MAY19-5500-P,83.8,0.01,1.0,1,1557678976259,20029068,411
2019-05-12 16:53:59.954,1.1,buy,6818.87,BTC-31MAY19-5500-P,81.78,0.01,1.1,1,1557680039954,20033124,412
2019-05-12 23:57:50.205,1.0,buy,6986.57,BTC-31MAY19-5500-P,93.01,0.0115,1.0,0,1557705470205,20108867,413
2019-05-12 23:57:50.205,30.0,buy,6986.57,BTC-31MAY19-5500-P,93.01,0.0115,30.0,1,1557705470205,20108868,414
2019-05-13 00:03:48.543,30.0,buy,6937.43,BTC-31MAY19-5500-P,93.38,0.0125,30.0,0,1557705828543,20109732,415
2019-05-13 13:42:39.820,0.5,sell,7381.76,BTC-31MAY19-5500-P,98.27,0.0075,0.5,2,1557754959820,20185552,416
2019-05-13 16:03:33.819,1.2,buy,7866.71,BTC-31MAY19-5500-P,118.74,0.0085,1.2,0,1557763413819,20249207,417
2019-05-13 16:05:14.878,1.0,sell,7899.42,BTC-31MAY19-5500-P,110.26,0.006,1.0,2,1557763514878,20250170,418
2019-05-13 16:05:14.878,1.0,sell,7899.42,BTC-31MAY19-5500-P,105.87,0.005,1.0,2,1557763514878,20250171,419
2019-05-13 16:32:42.313,0.5,buy,7865.62,BTC-31MAY19-5500-P,115.15,0.0075,0.5,0,1557765162313,20262063,420
2019-05-13 16:45:39.436,1.0,buy,7923.3,BTC-31MAY19-5500-P,113.17,0.0065,1.0,2,1557765939436,20265706,421
2019-05-13 16:45:43.683,6.6000000000000005,sell,7919.16,BTC-31MAY19-5500-P,113.03,0.0065,6.6000000000000005,3,1557765943683,20265746,422
2019-05-13 16:58:40.034,0.5,buy,7908.22,BTC-31MAY19-5500-P,114.7,0.006999999999999999,0.5,0,1557766720034,20270741,423
2019-05-13 17:03:05.580,0.4,sell,7898.37,BTC-31MAY19-5500-P,101.09,0.004,0.4,2,1557766985580,20272083,424
2019-05-13 17:27:12.340,0.5,sell,7877.28,BTC-31MAY19-5500-P,111.79,0.0065,0.5,0,1557768432340,20279700,425
2019-05-13 21:36:54.244,1.0,sell,8094.63,BTC-31MAY19-5500-P,110.0,0.0045,1.0,2,1557783414244,20325406,426
2019-05-13 21:48:59.396,1.0,buy,8101.02,BTC-31MAY19-5500-P,115.05,0.0055,1.0,0,1557784139396,20328623,427
2019-05-14 00:10:38.094,0.5,sell,7840.66,BTC-31MAY19-5500-P,109.46,0.006,0.5,0,1557792638094,20371914,428
2019-05-14 06:48:28.389,0.5,buy,8027.13,BTC-31MAY19-5500-P,116.27,0.006,0.5,1,1557816508389,20437452,429
2019-05-14 06:55:54.758,0.5,sell,8047.74,BTC-31MAY19-5500-P,114.69,0.0055,0.5,2,1557816954758,20437917,430
2019-05-14 06:57:46.957,0.5,sell,8053.83,BTC-31MAY19-5500-P,114.88,0.0055,0.5,3,1557817066957,20438207,431
2019-05-14 07:02:05.910,0.5,sell,8075.26,BTC-31MAY19-5500-P,113.18,0.005,0.5,2,1557817325910,20439141,432
2019-05-14 07:08:52.417,0.5,sell,8151.41,BTC-31MAY19-5500-P,115.49,0.005,0.5,3,1557817732417,20441460,433
2019-05-14 08:13:44.824,1.0,sell,8233.87,BTC-31MAY19-5500-P,118.1,0.005,1.0,3,1557821624824,20465814,434
2019-05-14 08:13:53.170,1.0,sell,8244.1,BTC-31MAY19-5500-P,115.81,0.0045,1.0,2,1557821633170,20465881,435
2019-05-14 08:15:17.471,2.0,sell,8256.54,BTC-31MAY19-5500-P,113.42,0.004,2.0,2,1557821717471,20466099,436
2019-05-14 08:30:47.095,0.1,buy,8203.87,BTC-31MAY19-5500-P,124.23,0.0065,0.1,0,1557822647095,20469511,437
2019-05-15 17:09:58.363,0.5,sell,8018.57,BTC-31MAY19-5500-P,111.11,0.004,0.5,2,1557940198363,20742835,438
2019-05-15 17:32:21.749,0.5,sell,8115.58,BTC-31MAY19-5500-P,114.13,0.004,0.5,3,1557941541749,20745435,439
2019-05-15 17:32:21.821,0.5,sell,8115.58,BTC-31MAY19-5500-P,114.13,0.004,0.5,3,1557941541821,20745436,440
2019-05-15 17:32:21.843,0.5,sell,8115.58,BTC-31MAY19-5500-P,114.13,0.004,0.5,3,1557941541843,20745437,441
2019-05-15 17:32:21.901,0.3,sell,8115.58,BTC-31MAY19-5500-P,114.13,0.004,0.3,3,1557941541901,20745438,442
2019-05-16 09:16:49.501,10.0,buy,8046.99,BTC-31MAY19-5500-P,124.85,0.006,10.0,0,1557998209501,20892364,443
2019-05-16 09:17:19.596,25.0,buy,8050.64,BTC-31MAY19-5500-P,127.28,0.0065,25.0,1,1557998239596,20892449,445
2019-05-16 09:17:19.596,10.0,buy,8050.64,BTC-31MAY19-5500-P,127.28,0.0065,10.0,0,1557998239596,20892448,444
2019-05-16 09:17:19.596,20.0,buy,8050.64,BTC-31MAY19-5500-P,127.28,0.0065,20.0,1,1557998239596,20892450,446
2019-05-16 09:17:19.606,11.3,sell,8050.64,BTC-31MAY19-5500-P,127.28,0.0065,11.3,1,1557998239606,20892451,447
2019-05-16 09:17:48.735,11.2,sell,8048.81,BTC-31MAY19-5500-P,127.22,0.0065,11.2,1,1557998268735,20892486,448
2019-05-16 09:17:49.370,20.0,sell,8048.67,BTC-31MAY19-5500-P,127.21,0.0065,20.0,1,1557998269370,20892487,449
2019-05-16 09:17:53.299,92.7,sell,8048.99,BTC-31MAY19-5500-P,127.22,0.0065,92.7,1,1557998273299,20892493,450
2019-05-16 10:57:45.433,0.1,sell,7860.63,BTC-31MAY19-5500-P,111.52,0.0045,0.1,2,1558004265433,20914628,451
2019-05-16 15:31:00.765,3.2,sell,7988.29,BTC-31MAY19-5500-P,99.75,0.002,3.2,2,1558020660765,20943657,452
2019-05-16 17:30:33.916,2.0,buy,7935.37,BTC-31MAY19-5500-P,109.26,0.0035,2.0,0,1558027833916,20957913,453
2019-05-17 03:12:18.911,0.5,buy,7003.17,BTC-31MAY19-5500-P,118.24,0.016,0.5,0,1558062738911,21055217,454
2019-05-17 03:12:20.230,0.5,sell,7006.13,BTC-31MAY19-5500-P,120.83,0.017,0.5,0,1558062740230,21055269,455
2019-05-17 03:12:20.257,0.1,sell,7006.13,BTC-31MAY19-5500-P,120.83,0.017,0.1,1,1558062740257,21055271,456
2019-05-17 04:34:06.548,3.3000000000000003,buy,7346.92,BTC-31MAY19-5500-P,106.86,0.006999999999999999,3.3000000000000003,2,1558067646548,21099433,457
2019-05-17 04:34:07.807,0.1,buy,7347.35,BTC-31MAY19-5500-P,106.88,0.006999999999999999,0.1,3,1558067647807,21099435,458
2019-05-17 04:34:07.813,0.1,buy,7347.35,BTC-31MAY19-5500-P,106.88,0.006999999999999999,0.1,3,1558067647813,21099436,459
2019-05-17 04:34:13.810,0.1,buy,7345.43,BTC-31MAY19-5500-P,106.8,0.006999999999999999,0.1,3,1558067653810,21099439,460
2019-05-17 04:34:15.271,0.1,buy,7343.57,BTC-31MAY19-5500-P,106.73,0.006999999999999999,0.1,3,1558067655271,21099460,461
2019-05-17 04:34:15.340,0.1,buy,7343.57,BTC-31MAY19-5500-P,106.73,0.006999999999999999,0.1,3,1558067655340,21099461,462
2019-05-17 04:34:15.539,0.1,buy,7343.57,BTC-31MAY19-5500-P,106.73,0.006999999999999999,0.1,3,1558067655539,21099464,463
2019-05-17 04:34:15.638,0.1,buy,7343.57,BTC-31MAY19-5500-P,106.73,0.006999999999999999,0.1,3,1558067655638,21099466,464
2019-05-17 04:39:57.728,1.0,buy,7309.53,BTC-31MAY19-5500-P,105.39,0.006999999999999999,1.0,3,1558067997728,21101457,465
2019-05-17 04:39:57.728,4.0,buy,7309.53,BTC-31MAY19-5500-P,107.25,0.0075,4.0,0,1558067997728,21101458,466
2019-05-17 05:59:06.114,0.6,buy,7140.42,BTC-31MAY19-5500-P,100.51,0.0075,0.6,1,1558072746114,21116587,467
2019-05-17 06:01:37.655,4.1,buy,7103.05,BTC-31MAY19-5500-P,100.66,0.008,4.1,0,1558072897655,21117640,468
2019-05-17 07:38:39.000,0.9,buy,7309.12,BTC-31MAY19-5500-P,109.52,0.008,0.9,1,1558078719000,21127665,469
2019-05-17 11:45:51.748,20.0,buy,7143.17,BTC-31MAY19-5500-P,117.19,0.0125,20.0,0,1558093551748,21153316,470
2019-05-17 11:45:51.748,20.0,buy,7143.17,BTC-31MAY19-5500-P,117.19,0.0125,20.0,1,1558093551748,21153317,471
2019-05-17 11:47:05.239,4.5,buy,7124.26,BTC-31MAY19-5500-P,117.72,0.013000000000000001,4.5,1,1558093625239,21153479,473
2019-05-17 11:47:05.239,0.8,buy,7124.26,BTC-31MAY19-5500-P,117.72,0.013000000000000001,0.8,1,1558093625239,21153480,474
2019-05-17 11:47:05.239,10.0,buy,7124.26,BTC-31MAY19-5500-P,117.72,0.013000000000000001,10.0,0,1558093625239,21153478,472
2019-05-18 02:10:55.398,1.0,sell,7311.29,BTC-31MAY19-5500-P,116.33,0.009000000000000001,1.0,2,1558145455398,21260431,475
2019-05-18 17:06:57.076,2.0,sell,7265.37,BTC-31MAY19-5500-P,109.68,0.006999999999999999,2.0,2,1558199217076,21308750,476
2019-05-19 05:27:11.724,5.0,sell,7970.49,BTC-31MAY19-5500-P,130.49,0.005,5.0,2,1558243631724,21375464,477
2019-05-19 12:48:22.430,3.0,sell,7933.75,BTC-31MAY19-5500-P,124.8,0.004,3.0,2,1558270102430,21412541,478
2019-05-20 08:21:17.640,10.0,sell,7911.24,BTC-31MAY19-5500-P,117.33,0.0025,10.0,2,1558340477640,21547136,479
2019-05-20 22:02:11.509,10.0,buy,8077.45,BTC-31MAY19-5500-P,134.63,0.0035,10.0,0,1558389731509,21639091,480
2019-05-20 22:46:58.295,10.0,buy,7971.67,BTC-31MAY19-5500-P,130.93,0.0035,10.0,1,1558392418295,21643946,481
2019-05-22 15:48:49.005,1.0,sell,7976.01,BTC-31MAY19-5500-P,115.73,0.001,1.0,2,1558540129005,21785907,482
2019-05-23 02:29:31.941,25.0,sell,7655.15,BTC-31MAY19-5500-P,120.11,0.002,25.0,0,1558578571941,21862355,483
2019-05-23 02:29:48.082,25.0,sell,7652.53,BTC-31MAY19-5500-P,120.01,0.002,25.0,1,1558578588082,21862363,484
2019-05-23 03:03:31.163,27.0,sell,7651.61,BTC-31MAY19-5500-P,120.14,0.002,27.0,1,1558580611163,21863825,485
2019-05-23 04:50:36.149,3.0,sell,7658.84,BTC-31MAY19-5500-P,115.18,0.0015,3.0,2,1558587036149,21867230,486
2019-05-23 07:04:44.875,0.1,buy,7634.58,BTC-31MAY19-5500-P,120.69,0.002,0.1,0,1558595084875,21876321,487
2019-05-23 07:06:26.323,2.0,sell,7635.1,BTC-31MAY19-5500-P,114.91,0.0015,2.0,2,1558595186323,21876418,488
2019-05-23 07:23:32.020,0.8,sell,7629.02,BTC-31MAY19-5500-P,114.76,0.0015,0.8,3,1558596212020,21876754,489
2019-05-23 09:34:10.248,1.0,buy,7540.74,BTC-31MAY19-5500-P,122.46,0.0025,1.0,0,1558604050248,21887986,490
2019-05-23 14:11:32.548,0.1,sell,7728.38,BTC-31MAY19-5500-P,120.82,0.0015,0.1,2,1558620692548,21903404,491
2019-05-23 15:12:54.624,0.1,sell,7771.28,BTC-31MAY19-5500-P,122.85,0.0015,0.1,3,1558624374624,21909353,492
2019-05-23 20:48:39.238,0.9,buy,7809.3,BTC-31MAY19-5500-P,126.28,0.0015,0.9,3,1558644519238,21932534,493
2019-05-23 20:48:39.238,1.0,buy,7809.3,BTC-31MAY19-5500-P,132.58,0.002,1.0,0,1558644519238,21932535,494
2019-05-23 20:48:39.238,3.1,buy,7809.3,BTC-31MAY19-5500-P,132.58,0.002,3.1,1,1558644519238,21932536,495
2019-05-24 14:01:19.203,0.1,buy,7991.51,BTC-31MAY19-5500-P,131.8,0.001,0.1,2,1558706479203,21990527,496
2019-05-24 14:34:53.330,0.8,sell,8009.23,BTC-31MAY19-5500-P,132.72,0.001,0.8,3,1558708493330,21991497,497
2019-05-24 14:38:52.141,1.0,buy,8024.47,BTC-31MAY19-5500-P,141.98,0.0015,1.0,0,1558708732141,21991651,498
2019-05-24 15:16:21.964,0.1,sell,8139.54,BTC-31MAY19-5500-P,138.02,0.001,0.1,2,1558710981964,21996580,499
2019-05-24 19:06:07.245,1.0,sell,8047.94,BTC-31MAY19-5500-P,123.68,0.0005,1.0,2,1558724767245,22012351,500
2019-05-26 09:17:24.165,10.0,sell,8023.83,BTC-31MAY19-5500-P,155.42,0.001,10.0,0,1558862244165,22093120,501
2019-05-26 13:26:27.949,1.0,buy,7960.82,BTC-31MAY19-5500-P,141.03,0.0005,1.0,2,1558877187949,22103430,502
2019-05-26 13:27:30.746,5.8,buy,7959.34,BTC-31MAY19-5500-P,140.98,0.0005,5.8,3,1558877250746,22103441,503
2019-05-26 20:49:41.187,2.0,buy,8664.14,BTC-31MAY19-5500-P,175.51,0.0005,2.0,3,1558903781187,22194753,504
2019-05-27 12:13:14.361,2.0,buy,8833.38,BTC-31MAY19-5500-P,196.94,0.0005,2.0,3,1558959194361,22295118,505
2019-05-28 17:42:01.367,5.0,sell,8774.11,BTC-31MAY19-5500-P,258.97,0.001,5.0,0,1559065321367,22432720,506
