date_utc,amount,direction,indexPrice,instrument,iv,price,quantity,tickDirection,timeStamp,tradeId,tradeSeq
2019-03-21 14:05:59.078,24.0,buy,137.09,ETH-28JUN19-110-P,94.87,0.094,24.0,1,1553177159078,84968,1
2019-03-21 14:25:00.394,10.0,sell,136.47,ETH-28JUN19-110-P,90.72,0.08900000000000001,10.0,2,1553178300394,85775,2
2019-03-21 14:48:39.080,28.0,sell,135.57,ETH-28JUN19-110-P,86.06,0.083,28.0,2,1553179719080,87448,3
2019-03-21 15:07:39.553,78.0,sell,134.11,ETH-28JUN19-110-P,81.83,0.08,78.0,2,1553180859553,91303,4
2019-03-21 15:07:39.553,22.0,sell,134.11,ETH-28JUN19-110-P,81.83,0.08,22.0,3,1553180859553,91304,5
2019-03-22 09:36:45.467,10.0,buy,135.54,ETH-28JUN19-110-P,73.35,0.063,10.0,2,1553247405467,99109,6
2019-03-22 09:37:07.102,20.0,sell,135.54,ETH-28JUN19-110-P,73.35,0.063,20.0,3,1553247427102,99110,7
2019-03-22 09:37:19.923,77.0,sell,135.54,ETH-28JUN19-110-P,72.71,0.062,77.0,2,1553247439923,99112,8
2019-03-22 09:37:19.923,3.0,sell,135.54,ETH-28JUN19-110-P,72.71,0.062,3.0,3,1553247439923,99113,9
2019-03-22 10:43:43.041,77.0,sell,135.66,ETH-28JUN19-110-P,71.65,0.06,77.0,2,1553251423041,99457,10
2019-03-22 10:48:59.916,82.0,sell,135.71,ETH-28JUN19-110-P,72.95,0.062,82.0,0,1553251739916,99490,11
2019-03-22 12:03:50.135,10.0,sell,135.43,ETH-28JUN19-110-P,71.46,0.061,10.0,2,1553256230135,100116,12
2019-03-22 12:26:15.428,5.0,sell,135.38,ETH-28JUN19-110-P,70.87,0.06,5.0,2,1553257575428,100255,13
2019-03-22 20:52:00.682,1.0,sell,136.4,ETH-28JUN19-110-P,70.15,0.057,1.0,2,1553287920682,104698,14
2019-03-23 11:07:29.788,1.0,sell,136.69,ETH-28JUN19-110-P,68.04,0.052000000000000005,1.0,2,1553339249788,112462,15
2019-03-23 11:08:40.158,1.0,sell,136.45,ETH-28JUN19-110-P,68.53,0.053,1.0,0,1553339320158,112502,16
2019-03-23 16:13:29.652,95.0,sell,136.23,ETH-28JUN19-110-P,69.74,0.055,95.0,0,1553357609652,114726,17
2019-03-23 16:13:29.652,1.0,sell,136.23,ETH-28JUN19-110-P,21.25,0.001,1.0,2,1553357609652,114728,19
2019-03-23 16:13:29.652,24.0,sell,136.23,ETH-28JUN19-110-P,69.09,0.054000000000000006,24.0,2,1553357609652,114727,18
2019-03-25 11:16:41.360,1.0,sell,135.11,ETH-28JUN19-110-P,69.08,0.054000000000000006,1.0,0,1553512601360,134791,20
2019-03-25 12:21:19.392,15.0,buy,134.79,ETH-28JUN19-110-P,69.94,0.055999999999999994,15.0,0,1553516479392,135906,21
2019-03-25 14:43:31.713,8.0,buy,134.58,ETH-28JUN19-110-P,69.65,0.055999999999999994,8.0,1,1553525011713,137849,23
2019-03-25 14:43:31.713,5.0,buy,134.58,ETH-28JUN19-110-P,69.65,0.055999999999999994,5.0,1,1553525011713,137848,22
2019-03-26 20:47:35.992,100.0,sell,133.39,ETH-28JUN19-110-P,67.45,0.054000000000000006,100.0,2,1553633255992,160664,24
2019-03-26 21:35:43.987,120.0,sell,132.98,ETH-28JUN19-110-P,64.83,0.05,120.0,2,1553636143987,161412,25
2019-03-26 21:35:43.987,132.0,sell,132.98,ETH-28JUN19-110-P,64.83,0.05,132.0,3,1553636143987,161413,26
2019-03-29 03:14:35.688,1.0,sell,137.93,ETH-28JUN19-110-P,62.2,0.036000000000000004,1.0,2,1553829275688,190905,27
2019-03-29 06:14:22.159,2.0,buy,137.19,ETH-28JUN19-110-P,67.2,0.044000000000000004,2.0,0,1553840062159,192542,28
2019-03-29 16:14:53.513,1.0,sell,140.3,ETH-28JUN19-110-P,62.65,0.032,1.0,2,1553876093513,201701,29
2019-03-30 03:03:23.720,1.0,buy,143.92,ETH-28JUN19-110-P,66.58,0.032,1.0,3,1553915003720,211307,30
2019-03-30 11:32:18.238,9.0,buy,141.7,ETH-28JUN19-110-P,64.89,0.032,9.0,3,1553945538238,216203,31
2019-03-30 11:32:18.238,100.0,buy,141.7,ETH-28JUN19-110-P,64.89,0.032,100.0,3,1553945538238,216204,32
2019-03-31 15:12:32.017,1.0,sell,141.45,ETH-28JUN19-110-P,64.76,0.031,1.0,2,1554045152017,229103,33
2019-04-02 00:58:53.600,1.0,buy,141.18,ETH-28JUN19-110-P,65.18,0.032,1.0,0,1554166733600,251215,34
2019-04-02 04:35:15.229,30.0,sell,144.0,ETH-28JUN19-110-P,67.78,0.031,30.0,2,1554179715229,254676,35
2019-04-02 04:35:59.944,69.0,sell,144.55,ETH-28JUN19-110-P,68.22,0.031,69.0,3,1554179759944,255011,36
2019-04-02 04:35:59.944,11.0,sell,144.55,ETH-28JUN19-110-P,68.22,0.031,11.0,3,1554179759944,255012,37
2019-04-02 04:36:00.607,81.0,sell,144.55,ETH-28JUN19-110-P,68.22,0.031,81.0,3,1554179760607,255018,38
2019-04-02 18:46:50.196,400.0,sell,158.04,ETH-28JUN19-110-P,65.96,0.015,400.0,2,1554230810196,312750,39
2019-04-04 18:33:34.383,1.0,buy,155.1,ETH-28JUN19-110-P,87.04,0.035,1.0,0,1554402814383,453264,40
2019-04-04 21:58:03.967,10.0,buy,158.6,ETH-28JUN19-110-P,87.62,0.032,10.0,2,1554415083967,459939,41
2019-04-08 13:14:20.781,10.0,sell,179.32,ETH-28JUN19-110-P,82.72,0.012,10.0,2,1554729260781,634486,42
2019-04-09 04:59:10.261,90.0,sell,177.08,ETH-28JUN19-110-P,85.6,0.013999999999999999,90.0,0,1554785950261,679345,43
2019-04-11 19:06:27.459,51.0,buy,166.24,ETH-28JUN19-110-P,77.83,0.016,51.0,0,1555009587459,841775,44
2019-04-12 09:29:44.877,2.0,sell,162.39,ETH-28JUN19-110-P,69.65,0.012,2.0,2,1555061384877,871823,45
2019-04-12 09:32:56.782,51.0,buy,162.8,ETH-28JUN19-110-P,75.86,0.016,51.0,0,1555061576782,872004,46
2019-04-14 12:36:25.948,2.0,sell,163.79,ETH-28JUN19-110-P,72.03,0.013000000000000001,2.0,2,1555245385948,925074,47
2019-04-14 16:53:28.767,76.0,buy,164.1,ETH-28JUN19-110-P,70.88,0.012,76.0,2,1555260808767,929041,48
2019-04-16 11:38:19.357,5.0,buy,162.48,ETH-28JUN19-110-P,76.14,0.016,5.0,0,1555414699357,1008796,49
2019-04-16 17:30:05.755,5.0,sell,166.78,ETH-28JUN19-110-P,75.94,0.013,5.0,2,1555435805755,1016239,50
