date_utc,amount,direction,indexPrice,instrument,iv,price,quantity,tickDirection,timeStamp,tradeId,tradeSeq
2019-04-02 09:39:00.734,0.1,buy,4813.38,BTC-12APR19-5250-C,64.56,0.013000000000000001,0.1,1,1554197940734,17099949,1
2019-04-02 14:10:21.645,5.0,sell,4702.58,BTC-12APR19-5250-C,72.75,0.012,5.0,2,1554214221645,17114073,2
2019-04-02 19:53:53.679,0.1,buy,4760.19,BTC-12APR19-5250-C,64.11,0.01,0.1,2,1554234833679,17128013,3
2019-04-02 21:29:57.350,0.1,buy,4817.23,BTC-12APR19-5250-C,65.88,0.013000000000000001,0.1,0,1554240597350,17138924,4
2019-04-03 01:18:04.588,4.0,buy,4944.88,BTC-12APR19-5250-C,76.17,0.025,4.0,0,1554254284588,17164471,5
2019-04-03 02:18:30.144,4.0,buy,4987.67,BTC-12APR19-5250-C,85.09,0.033,4.0,0,1554257910144,17168575,6
2019-04-03 02:21:11.435,5.0,buy,4997.07,BTC-12APR19-5250-C,87.31,0.035,5.0,0,1554258071435,17168666,7
2019-04-03 09:25:44.245,24.0,buy,4950.1,BTC-12APR19-5250-C,86.56,0.0305,24.0,2,1554283544245,17192833,8
2019-04-03 09:59:26.320,13.0,sell,4975.53,BTC-12APR19-5250-C,79.5,0.027999999999999997,13.0,2,1554285566320,17193137,9
2019-04-03 10:13:14.892,7.7,sell,4975.32,BTC-12APR19-5250-C,81.28,0.028999999999999998,7.7,0,1554286394892,17193340,10
2019-04-03 16:10:03.229,2.0,buy,5133.99,BTC-12APR19-5250-C,87.86,0.044000000000000004,2.0,0,1554307803229,17207789,11
2019-04-03 16:11:06.643,0.1,sell,5092.9,BTC-12APR19-5250-C,84.19,0.0385,0.1,2,1554307866643,17208618,12
2019-04-03 17:56:38.064,4.6000000000000005,sell,5133.84,BTC-12APR19-5250-C,80.04,0.039,4.6000000000000005,2,1554314198064,17221062,14
2019-04-03 17:56:38.064,0.3,sell,5133.84,BTC-12APR19-5250-C,79.22,0.0385,0.3,2,1554314198064,17221063,15
2019-04-03 17:56:38.064,0.1,sell,5133.84,BTC-12APR19-5250-C,80.86,0.0395,0.1,0,1554314198064,17221061,13
2019-04-03 19:01:17.081,2.0,buy,5148.98,BTC-12APR19-5250-C,88.1,0.045,2.0,0,1554318077081,17225320,16
2019-04-03 19:01:42.248,1.0,buy,5150.63,BTC-12APR19-5250-C,89.52,0.046,1.0,0,1554318102248,17225371,17
2019-04-03 20:01:16.275,0.4,buy,5146.59,BTC-12APR19-5250-C,89.46,0.0455,0.4,2,1554321676275,17227894,18
2019-04-03 20:23:32.038,2.9,sell,5305.29,BTC-12APR19-5250-C,86.21,0.0575,2.9,0,1554323012038,17233031,19
2019-04-03 20:24:01.850,2.2,sell,5312.44,BTC-12APR19-5250-C,85.09,0.0575,2.2,1,1554323041850,17233535,20
2019-04-03 20:25:27.749,1.0,sell,5261.94,BTC-12APR19-5250-C,82.95,0.0515,1.0,2,1554323127749,17234338,21
2019-04-03 21:12:48.369,3.4,sell,5311.73,BTC-12APR19-5250-C,85.37,0.0575,3.4,0,1554325968369,17240164,22
2019-04-03 21:15:19.132,0.3,sell,5305.89,BTC-12APR19-5250-C,82.97,0.0555,0.3,2,1554326119132,17240328,23
2019-04-03 21:26:41.084,0.3,sell,5310.96,BTC-12APR19-5250-C,82.21,0.0555,0.3,3,1554326801084,17241136,24
2019-04-03 21:32:47.714,0.3,sell,5333.94,BTC-12APR19-5250-C,84.39,0.059000000000000004,0.3,0,1554327167714,17241482,25
2019-04-03 22:42:25.618,0.1,sell,5186.37,BTC-12APR19-5250-C,82.05,0.044000000000000004,0.1,2,1554331345618,17249751,26
2019-04-04 01:18:22.498,3.0,sell,5070.59,BTC-12APR19-5250-C,85.6,0.0365,3.0,2,1554340702498,17283212,27
2019-04-04 02:14:15.033,0.1,sell,5029.3,BTC-12APR19-5250-C,80.65,0.0305,0.1,2,1554344055033,17286459,28
2019-04-04 05:12:27.651,0.1,buy,5031.04,BTC-12APR19-5250-C,90.64,0.036000000000000004,0.1,0,1554354747651,17292504,29
2019-04-04 05:22:01.938,0.1,buy,5038.64,BTC-12APR19-5250-C,90.58,0.0365,0.1,0,1554355321938,17292664,30
2019-04-04 06:20:12.275,0.1,buy,5051.91,BTC-12APR19-5250-C,84.78,0.034,0.1,2,1554358812275,17293649,31
2019-04-04 11:19:21.121,0.1,buy,4932.17,BTC-12APR19-5250-C,84.23,0.025,0.1,2,1554376761121,17303446,32
2019-04-04 12:51:59.793,0.2,buy,5013.43,BTC-12APR19-5250-C,84.01,0.03,0.2,0,1554382319793,17306699,33
2019-04-04 17:56:03.419,2.0,sell,4913.84,BTC-12APR19-5250-C,78.08,0.02,2.0,2,1554400563419,17318595,34
2019-04-04 18:07:35.332,4.0,sell,4857.12,BTC-12APR19-5250-C,84.47,0.02,4.0,3,1554401255332,17320335,35
2019-04-04 18:08:34.007,2.0,sell,4875.59,BTC-12APR19-5250-C,82.42,0.02,2.0,3,1554401314007,17320711,36
2019-04-04 18:08:39.494,2.0,sell,4877.54,BTC-12APR19-5250-C,82.21,0.02,2.0,3,1554401319494,17320720,37
2019-04-05 03:06:22.315,24.0,buy,4922.47,BTC-12APR19-5250-C,83.18,0.022,24.0,0,1554433582315,17346064,38
2019-04-05 03:23:11.321,0.1,sell,4915.48,BTC-12APR19-5250-C,77.94,0.019,0.1,2,1554434591321,17346222,39
2019-04-05 04:11:49.702,1.0,buy,4929.03,BTC-12APR19-5250-C,78.61,0.02,1.0,0,1554437509702,17347567,40
2019-04-05 04:11:54.452,4.0,buy,4933.06,BTC-12APR19-5250-C,78.13,0.02,4.0,1,1554437514452,17347591,41
2019-04-05 08:29:59.548,2.0,buy,4962.92,BTC-12APR19-5250-C,83.6,0.024,2.0,0,1554452999548,17355785,42
2019-04-05 10:34:49.561,3.5,buy,4962.11,BTC-12APR19-5250-C,80.21,0.022,3.5,2,1554460489561,17357879,43
2019-04-05 11:22:41.629,3.0,sell,4977.72,BTC-12APR19-5250-C,76.44,0.021,3.0,2,1554463361629,17358664,44
2019-04-05 12:15:37.105,0.3,sell,4997.48,BTC-12APR19-5250-C,76.2,0.022,0.3,0,1554466537105,17361268,45
2019-04-05 13:07:09.080,1.0,sell,5023.85,BTC-12APR19-5250-C,76.0,0.0235,1.0,0,1554469629080,17363553,46
2019-04-05 14:33:10.518,1.0,buy,5017.14,BTC-12APR19-5250-C,80.17,0.025,1.0,0,1554474790518,17368156,47
2019-04-05 14:33:10.518,7.0,buy,5017.14,BTC-12APR19-5250-C,80.17,0.025,7.0,1,1554474790518,17368157,48
2019-04-05 15:15:41.731,1.0,buy,4986.02,BTC-12APR19-5250-C,79.37,0.0225,1.0,2,1554477341731,17369730,49
2019-04-05 15:20:46.605,0.3,sell,4975.56,BTC-12APR19-5250-C,76.62,0.0205,0.3,2,1554477646605,17370023,50
2019-04-05 16:27:10.255,1.0,sell,5010.52,BTC-12APR19-5250-C,76.52,0.0225,1.0,0,1554481630255,17372626,51
2019-04-05 16:27:27.105,1.0,sell,5009.97,BTC-12APR19-5250-C,75.59,0.022000000000000002,1.0,2,1554481647105,17372639,52
2019-04-05 17:07:24.042,0.1,buy,5019.55,BTC-12APR19-5250-C,79.51,0.0245,0.1,0,1554484044042,17374603,53
2019-04-05 17:18:10.304,0.1,buy,5017.87,BTC-12APR19-5250-C,81.76,0.0255,0.1,0,1554484690304,17374877,54
2019-04-05 17:54:51.576,3.0,sell,5030.16,BTC-12APR19-5250-C,74.31,0.0225,3.0,2,1554486891576,17376754,55
2019-04-05 20:29:13.532,0.5,buy,5020.53,BTC-12APR19-5250-C,80.23,0.0245,0.5,0,1554496153532,17381840,56
2019-04-06 00:54:52.392,2.0,buy,5016.33,BTC-12APR19-5250-C,78.89,0.023,2.0,2,1554512092392,17386969,57
2019-04-06 01:27:27.593,2.0,sell,5008.33,BTC-12APR19-5250-C,73.85,0.02,2.0,2,1554514047593,17387196,58
2019-04-06 01:31:46.178,1.0,sell,4998.37,BTC-12APR19-5250-C,79.37,0.022,1.0,0,1554514306178,17387322,59
2019-04-06 01:32:03.341,3.0,sell,4998.63,BTC-12APR19-5250-C,73.01,0.019,3.0,2,1554514323341,17387331,60
2019-04-06 01:48:44.379,4.0,sell,4990.79,BTC-12APR19-5250-C,73.01,0.0185,4.0,2,1554515324379,17387841,61
2019-04-06 02:51:54.021,5.0,sell,5003.18,BTC-12APR19-5250-C,72.74,0.019,5.0,0,1554519114021,17388577,62
2019-04-06 04:43:04.618,2.0,sell,5008.84,BTC-12APR19-5250-C,73.53,0.0195,2.0,0,1554525784618,17389332,63
2019-04-06 04:43:21.317,2.0,sell,5009.64,BTC-12APR19-5250-C,73.42,0.0195,2.0,1,1554525801317,17389338,64
2019-04-06 04:54:25.013,0.4,sell,5011.97,BTC-12APR19-5250-C,73.16,0.0195,0.4,1,1554526465013,17389384,65
2019-04-06 12:02:58.159,2.5,buy,5000.97,BTC-12APR19-5250-C,76.49,0.0195,2.5,1,1554552178159,17393048,66
2019-04-06 15:00:19.280,4.0,buy,5059.17,BTC-12APR19-5250-C,74.62,0.022000000000000002,4.0,0,1554562819280,17396625,67
2019-04-06 15:00:30.527,6.0,buy,5065.85,BTC-12APR19-5250-C,73.66,0.022000000000000002,6.0,1,1554562830527,17396885,68
2019-04-06 16:20:14.014,0.3,buy,5148.6,BTC-12APR19-5250-C,74.88,0.0285,0.3,0,1554567614014,17405241,69
2019-04-06 16:25:10.708,3.7,buy,5165.06,BTC-12APR19-5250-C,78.32,0.0315,3.7,1,1554567910708,17405654,71
2019-04-06 16:25:10.708,0.3,buy,5165.06,BTC-12APR19-5250-C,78.32,0.0315,0.3,0,1554567910708,17405653,70
2019-04-06 16:27:24.267,0.2,buy,5163.77,BTC-12APR19-5250-C,78.54,0.0315,0.2,1,1554568044267,17405813,72
2019-04-06 16:27:24.845,0.1,sell,5163.77,BTC-12APR19-5250-C,78.54,0.0315,0.1,1,1554568044845,17405814,73
2019-04-06 16:27:24.893,0.3,sell,5163.77,BTC-12APR19-5250-C,78.54,0.0315,0.3,1,1554568044893,17405815,74
2019-04-06 16:27:24.910,0.1,sell,5163.77,BTC-12APR19-5250-C,78.54,0.0315,0.1,1,1554568044910,17405816,75
2019-04-06 16:27:24.918,0.3,sell,5163.77,BTC-12APR19-5250-C,78.54,0.0315,0.3,1,1554568044918,17405817,76
2019-04-06 16:27:24.925,0.1,sell,5163.77,BTC-12APR19-5250-C,78.54,0.0315,0.1,1,1554568044925,17405818,77
2019-04-06 16:27:24.934,0.3,sell,5163.77,BTC-12APR19-5250-C,78.54,0.0315,0.3,1,1554568044934,17405819,78
2019-04-06 16:27:24.942,0.2,sell,5163.77,BTC-12APR19-5250-C,78.54,0.0315,0.2,1,1554568044942,17405820,79
2019-04-06 16:27:24.951,0.1,sell,5163.77,BTC-12APR19-5250-C,78.54,0.0315,0.1,1,1554568044951,17405821,80
2019-04-06 16:27:24.956,0.2,sell,5163.77,BTC-12APR19-5250-C,78.54,0.0315,0.2,1,1554568044956,17405822,81
2019-04-06 16:27:24.966,0.1,sell,5163.77,BTC-12APR19-5250-C,78.54,0.0315,0.1,1,1554568044966,17405823,82
2019-04-06 16:27:24.979,0.1,sell,5163.77,BTC-12APR19-5250-C,78.54,0.0315,0.1,1,1554568044979,17405824,83
2019-04-06 16:27:24.986,0.2,sell,5163.77,BTC-12APR19-5250-C,78.54,0.0315,0.2,1,1554568044986,17405825,84
2019-04-06 16:27:24.995,0.1,sell,5163.77,BTC-12APR19-5250-C,78.54,0.0315,0.1,1,1554568044995,17405826,85
2019-04-06 16:27:25.004,0.2,sell,5163.77,BTC-12APR19-5250-C,78.54,0.0315,0.2,1,1554568045004,17405827,86
2019-04-06 16:27:25.013,0.1,sell,5163.77,BTC-12APR19-5250-C,78.54,0.0315,0.1,1,1554568045013,17405828,87
2019-04-06 16:27:25.022,0.2,sell,5163.77,BTC-12APR19-5250-C,78.54,0.0315,0.2,1,1554568045022,17405829,88
2019-04-06 16:27:25.030,0.2,sell,5163.77,BTC-12APR19-5250-C,78.54,0.0315,0.2,1,1554568045030,17405830,89
2019-04-06 16:27:25.037,0.2,sell,5163.77,BTC-12APR19-5250-C,78.54,0.0315,0.2,1,1554568045037,17405831,90
2019-04-06 16:27:25.045,0.2,sell,5163.77,BTC-12APR19-5250-C,78.54,0.0315,0.2,1,1554568045045,17405832,91
2019-04-06 16:27:25.081,0.2,sell,5163.75,BTC-12APR19-5250-C,78.55,0.0315,0.2,1,1554568045081,17405833,92
2019-04-06 16:43:09.315,0.2,sell,5216.78,BTC-12APR19-5250-C,72.6,0.033,0.2,0,1554568989315,17409341,93
2019-04-06 17:18:23.609,0.4,sell,5125.28,BTC-12APR19-5250-C,75.79,0.027000000000000003,0.4,2,1554571103609,17412539,94
2019-04-06 17:47:49.158,2.0,buy,5161.29,BTC-12APR19-5250-C,76.28,0.03,2.0,0,1554572869158,17414985,95
2019-04-06 18:07:54.584,0.5,buy,5156.91,BTC-12APR19-5250-C,79.15,0.031,0.5,0,1554574074584,17416571,96
2019-04-06 19:23:15.482,1.5,buy,5184.88,BTC-12APR19-5250-C,74.81,0.031,1.5,1,1554578595482,17419691,97
2019-04-06 19:31:41.060,2.0,sell,5187.27,BTC-12APR19-5250-C,72.4,0.03,2.0,2,1554579101060,17420008,98
2019-04-06 20:04:30.849,1.0,sell,5156.47,BTC-12APR19-5250-C,70.5,0.0265,1.0,2,1554581070849,17421309,99
2019-04-06 20:05:21.369,1.0,sell,5159.82,BTC-12APR19-5250-C,70.99,0.027000000000000003,1.0,0,1554581121369,17421314,100
2019-04-06 20:49:43.150,0.1,buy,5138.8,BTC-12APR19-5250-C,76.71,0.028,0.1,0,1554583783150,17422795,101
2019-04-06 21:12:00.625,0.9,buy,4976.66,BTC-12APR19-5250-C,77.83,0.0175,0.9,2,1554585120625,17430969,102
2019-04-07 05:54:52.112,1.0,sell,5128.54,BTC-12APR19-5250-C,82.31,0.0285,1.0,0,1554616492112,17456659,103
2019-04-07 05:55:41.956,0.1,sell,5119.98,BTC-12APR19-5250-C,83.74,0.0285,0.1,1,1554616541956,17456817,104
2019-04-07 05:55:56.156,0.9,sell,5102.18,BTC-12APR19-5250-C,86.66,0.0285,0.9,1,1554616556156,17457109,105
2019-04-07 06:01:10.806,4.0,buy,5095.55,BTC-12APR19-5250-C,87.77,0.0285,4.0,1,1554616870806,17457499,106
2019-04-07 11:48:43.238,0.2,buy,5104.96,BTC-12APR19-5250-C,82.77,0.026,0.2,2,1554637723238,17465963,107
2019-04-07 11:48:43.238,0.8,buy,5104.96,BTC-12APR19-5250-C,87.25,0.028,0.8,0,1554637723238,17465964,108
2019-04-07 13:56:33.611,0.1,sell,5143.03,BTC-12APR19-5250-C,74.83,0.025,0.1,2,1554645393611,17467671,109
2019-04-07 19:06:16.093,0.3,sell,5144.96,BTC-12APR19-5250-C,78.52,0.026,0.3,0,1554663976093,17476759,110
2019-04-07 19:13:38.884,0.4,buy,5164.4,BTC-12APR19-5250-C,78.49,0.0275,0.4,0,1554664418884,17477058,111
2019-04-07 19:13:42.118,0.6,buy,5164.69,BTC-12APR19-5250-C,78.43,0.0275,0.6,1,1554664422118,17477061,112
2019-04-07 19:14:08.461,1.0,buy,5160.15,BTC-12APR19-5250-C,80.4,0.028,1.0,0,1554664448461,17477112,113
2019-04-07 19:51:28.625,0.2,sell,5136.94,BTC-12APR19-5250-C,76.76,0.0245,0.2,2,1554666688625,17477638,114
2019-04-07 20:26:58.979,1.0,buy,5157.82,BTC-12APR19-5250-C,82.42,0.0285,1.0,0,1554668818979,17479477,117
2019-04-07 20:26:58.979,0.5,buy,5157.82,BTC-12APR19-5250-C,83.57,0.029,0.5,0,1554668818979,17479478,118
2019-04-07 20:26:58.979,0.4,buy,5157.82,BTC-12APR19-5250-C,81.28,0.028,0.4,0,1554668818979,17479475,115
2019-04-07 20:26:58.979,0.1,buy,5157.82,BTC-12APR19-5250-C,81.28,0.028,0.1,1,1554668818979,17479476,116
2019-04-07 22:26:40.993,1.5,buy,5192.1,BTC-12APR19-5250-C,77.89,0.029,1.5,1,1554676000993,17484022,119
2019-04-07 22:26:42.920,0.2,sell,5189.04,BTC-12APR19-5250-C,78.48,0.029,0.2,1,1554676002920,17484048,120
2019-04-07 22:47:56.958,0.2,buy,5247.27,BTC-12APR19-5250-C,79.51,0.0345,0.2,0,1554677276958,17487171,121
2019-04-07 22:47:56.958,0.1,buy,5247.27,BTC-12APR19-5250-C,79.51,0.0345,0.1,1,1554677276958,17487172,122
2019-04-07 22:49:31.550,3.8,buy,5225.5,BTC-12APR19-5250-C,84.01,0.0345,3.8,1,1554677371550,17487676,123
2019-04-07 22:49:31.550,4.2,buy,5225.5,BTC-12APR19-5250-C,87.44,0.036000000000000004,4.2,0,1554677371550,17487677,124
2019-04-07 22:52:18.903,3.9,buy,5138.59,BTC-12APR19-5250-C,79.9,0.0255,3.9,2,1554677538903,17489315,125
2019-04-07 22:52:58.461,1.6,sell,5179.38,BTC-12APR19-5250-C,81.63,0.0295,1.6,0,1554677578461,17490037,126
2019-04-07 23:33:39.718,0.2,sell,5192.49,BTC-12APR19-5250-C,79.38,0.0295,0.2,1,1554680019718,17494264,127
2019-04-07 23:33:39.765,0.2,sell,5192.49,BTC-12APR19-5250-C,79.38,0.0295,0.2,1,1554680019765,17494266,128
2019-04-08 00:19:34.791,0.1,buy,5206.81,BTC-12APR19-5250-C,75.7,0.029,0.1,2,1554682774791,17496372,129
2019-04-08 00:26:51.734,1.0,buy,5213.8,BTC-12APR19-5250-C,83.58,0.033,1.0,0,1554683211734,17496995,130
2019-04-08 01:11:10.617,0.2,buy,5313.65,BTC-12APR19-5250-C,86.63,0.0435,0.2,0,1554685870617,17500917,131
2019-04-08 01:11:10.617,0.3,buy,5313.65,BTC-12APR19-5250-C,90.15,0.045,0.3,0,1554685870617,17500918,132
2019-04-08 02:06:20.620,2.5,buy,5305.59,BTC-12APR19-5250-C,87.71,0.043,2.5,2,1554689180620,17504745,133
2019-04-08 02:59:45.961,3.7,sell,5288.34,BTC-12APR19-5250-C,86.16,0.0405,3.7,2,1554692385961,17508951,134
2019-04-08 05:26:25.248,1.0,buy,5277.7,BTC-12APR19-5250-C,97.95,0.044000000000000004,1.0,0,1554701185248,17514253,135
2019-04-08 06:46:06.569,0.1,buy,5270.96,BTC-12APR19-5250-C,85.8,0.038,0.1,2,1554705966569,17516065,136
2019-04-08 09:08:15.689,0.8,buy,5248.46,BTC-12APR19-5250-C,87.08,0.036000000000000004,0.8,2,1554714495689,17522075,137
2019-04-08 11:42:12.370,0.2,sell,5170.22,BTC-12APR19-5250-C,81.58,0.0265,0.2,2,1554723732370,17528136,138
2019-04-08 11:42:12.370,0.3,sell,5170.22,BTC-12APR19-5250-C,81.58,0.0265,0.3,3,1554723732370,17528137,139
2019-04-08 11:55:17.546,0.5,buy,5159.23,BTC-12APR19-5250-C,87.56,0.028,0.5,0,1554724517546,17528739,140
