date_utc,amount,direction,indexPrice,instrument,iv,price,quantity,tickDirection,timeStamp,tradeId,tradeSeq
2019-04-02 09:39:00.734,0.1,buy,4813.38,BTC-12APR19-5250-C,64.56,0.013,0.1,1,1554197940734,17099949,1
2019-04-02 14:10:21.645,5.0,sell,4702.58,BTC-12APR19-5250-C,72.75,0.012,5.0,2,1554214221645,17114073,2
2019-04-02 19:53:53.679,0.1,buy,4760.19,BTC-12APR19-5250-C,64.11,0.01,0.1,2,1554234833679,17128013,3
2019-04-02 21:29:57.350,0.1,buy,4817.23,BTC-12APR19-5250-C,65.88,0.013,0.1,0,1554240597350,17138924,4
2019-04-03 01:18:04.588,4.0,buy,4944.88,BTC-12APR19-5250-C,76.17,0.025,4.0,0,1554254284588,17164471,5
2019-04-03 02:18:30.144,4.0,buy,4987.67,BTC-12APR19-5250-C,85.09,0.033,4.0,0,1554257910144,17168575,6
2019-04-03 02:21:11.435,5.0,buy,4997.07,BTC-12APR19-5250-C,87.31,0.035,5.0,0,1554258071435,17168666,7
2019-04-03 09:25:44.245,24.0,buy,4950.1,BTC-12APR19-5250-C,86.56,0.0305,24.0,2,1554283544245,17192833,8
2019-04-03 09:59:26.320,13.0,sell,4975.53,BTC-12APR19-5250-C,79.5,0.028,13.0,2,1554285566320,17193137,9
2019-04-03 10:13:14.892,7.7,sell,4975.32,BTC-12APR19-5250-C,81.28,0.029,7.7,0,1554286394892,17193340,10
2019-04-03 16:10:03.229,2.0,buy,5133.99,BTC-12APR19-5250-C,87.86,0.044,2.0,0,1554307803229,17207789,11
2019-04-03 16:11:06.643,0.1,sell,5092.9,BTC-12APR19-5250-C,84.19,0.0385,0.1,2,1554307866643,17208618,12
2019-04-03 17:56:38.064,4.6000000000000005,sell,5133.84,BTC-12APR19-5250-C,80.04,0.039,4.6000000000000005,2,1554314198064,17221062,14
2019-04-03 17:56:38.064,0.3,sell,5133.84,BTC-12APR19-5250-C,79.22,0.0385,0.3,2,1554314198064,17221063,15
2019-04-03 17:56:38.064,0.1,sell,5133.84,BTC-12APR19-5250-C,80.86,0.0395,0.1,0,1554314198064,17221061,13
2019-04-03 19:01:17.081,2.0,buy,5148.98,BTC-12APR19-5250-C,88.1,0.045,2.0,0,1554318077081,17225320,16
2019-04-03 19:01:42.248,1.0,buy,5150.63,BTC-12APR19-5250-C,89.52,0.046,1.0,0,1554318102248,17225371,17
2019-04-03 20:01:16.275,0.4,buy,5146.59,BTC-12APR19-5250-C,89.46,0.0455,0.4,2,1554321676275,17227894,18
2019-04-03 20:23:32.038,2.9,sell,5305.29,BTC-12APR19-5250-C,86.21,0.0575,2.9,0,1554323012038,17233031,19
2019-04-03 20:24:01.850,2.2,sell,5312.44,BTC-12APR19-5250-C,85.09,0.0575,2.2,1,1554323041850,17233535,20
2019-04-03 20:25:27.749,1.0,sell,5261.94,BTC-12APR19-5250-C,82.95,0.0515,1.0,2,1554323127749,17234338,21
2019-04-03 21:12:48.369,3.4,sell,5311.73,BTC-12APR19-5250-C,85.37,0.0575,3.4,0,1554325968369,17240164,22
2019-04-03 21:15:19.132,0.3,sell,5305.89,BTC-12APR19-5250-C,82.97,0.0555,0.3,2,1554326119132,17240328,23
2019-04-03 21:26:41.084,0.3,sell,5310.96,BTC-12APR19-5250-C,82.21,0.0555,0.3,3,1554326801084,17241136,24
2019-04-03 21:32:47.714,0.3,sell,5333.94,BTC-12APR19-5250-C,84.39,0.059,0.3,0,1554327167714,17241482,25
2019-04-03 22:42:25.618,0.1,sell,5186.37,BTC-12APR19-5250-C,82.05,0.044,0.1,2,1554331345618,17249751,26
2019-04-04 01:18:22.498,3.0,sell,5070.59,BTC-12APR19-5250-C,85.6,0.0365,3.0,2,1554340702498,17283212,27
2019-04-04 02:14:15.033,0.1,sell,5029.3,BTC-12APR19-5250-C,80.65,0.0305,0.1,2,1554344055033,17286459,28
2019-04-04 05:12:27.651,0.1,buy,5031.04,BTC-12APR19-5250-C,90.64,0.036000000000000004,0.1,0,1554354747651,17292504,29
2019-04-04 05:22:01.938,0.1,buy,5038.64,BTC-12APR19-5250-C,90.58,0.0365,0.1,0,1554355321938,17292664,30
2019-04-04 06:20:12.275,0.1,buy,5051.91,BTC-12APR19-5250-C,84.78,0.034,0.1,2,1554358812275,17293649,31
2019-04-04 11:19:21.121,0.1,buy,4932.17,BTC-12APR19-5250-C,84.23,0.025,0.1,2,1554376761121,17303446,32
2019-04-04 12:51:59.793,0.2,buy,5013.43,BTC-12APR19-5250-C,84.01,0.03,0.2,0,1554382319793,17306699,33
2019-04-04 17:56:03.419,2.0,sell,4913.84,BTC-12APR19-5250-C,78.08,0.02,2.0,2,1554400563419,17318595,34
2019-04-04 18:07:35.332,4.0,sell,4857.12,BTC-12APR19-5250-C,84.47,0.02,4.0,3,1554401255332,17320335,35
2019-04-04 18:08:34.007,2.0,sell,4875.59,BTC-12APR19-5250-C,82.42,0.02,2.0,3,1554401314007,17320711,36
2019-04-04 18:08:39.494,2.0,sell,4877.54,BTC-12APR19-5250-C,82.21,0.02,2.0,3,1554401319494,17320720,37
2019-04-05 03:06:22.315,24.0,buy,4922.47,BTC-12APR19-5250-C,83.18,0.022000000000000002,24.0,0,1554433582315,17346064,38
2019-04-05 03:23:11.321,0.1,sell,4915.48,BTC-12APR19-5250-C,77.94,0.019,0.1,2,1554434591321,17346222,39
2019-04-05 04:11:49.702,1.0,buy,4929.03,BTC-12APR19-5250-C,78.61,0.02,1.0,0,1554437509702,17347567,40
2019-04-05 04:11:54.452,4.0,buy,4933.06,BTC-12APR19-5250-C,78.13,0.02,4.0,1,1554437514452,17347591,41
2019-04-05 08:29:59.548,2.0,buy,4962.92,BTC-12APR19-5250-C,83.6,0.024,2.0,0,1554452999548,17355785,42
2019-04-05 10:34:49.561,3.5,buy,4962.11,BTC-12APR19-5250-C,80.21,0.022000000000000002,3.5,2,1554460489561,17357879,43
2019-04-05 11:22:41.629,3.0,sell,4977.72,BTC-12APR19-5250-C,76.44,0.021,3.0,2,1554463361629,17358664,44
2019-04-05 12:15:37.105,0.3,sell,4997.48,BTC-12APR19-5250-C,76.2,0.022000000000000002,0.3,0,1554466537105,17361268,45
2019-04-05 13:07:09.080,1.0,sell,5023.85,BTC-12APR19-5250-C,76.0,0.0235,1.0,0,1554469629080,17363553,46
2019-04-05 14:33:10.518,1.0,buy,5017.14,BTC-12APR19-5250-C,80.17,0.025,1.0,0,1554474790518,17368156,47
2019-04-05 14:33:10.518,7.0,buy,5017.14,BTC-12APR19-5250-C,80.17,0.025,7.0,1,1554474790518,17368157,48
2019-04-05 15:15:41.731,1.0,buy,4986.02,BTC-12APR19-5250-C,79.37,0.0225,1.0,2,1554477341731,17369730,49
2019-04-05 15:20:46.605,0.3,sell,4975.56,BTC-12APR19-5250-C,76.62,0.0205,0.3,2,1554477646605,17370023,50
2019-04-05 16:27:10.255,1.0,sell,5010.52,BTC-12APR19-5250-C,76.52,0.0225,1.0,0,1554481630255,17372626,51
2019-04-05 16:27:27.105,1.0,sell,5009.97,BTC-12APR19-5250-C,75.59,0.022,1.0,2,1554481647105,17372639,52
2019-04-05 17:07:24.042,0.1,buy,5019.55,BTC-12APR19-5250-C,79.51,0.0245,0.1,0,1554484044042,17374603,53
2019-04-05 17:18:10.304,0.1,buy,5017.87,BTC-12APR19-5250-C,81.76,0.0255,0.1,0,1554484690304,17374877,54
2019-04-05 17:54:51.576,3.0,sell,5030.16,BTC-12APR19-5250-C,74.31,0.0225,3.0,2,1554486891576,17376754,55
2019-04-05 20:29:13.532,0.5,buy,5020.53,BTC-12APR19-5250-C,80.23,0.0245,0.5,0,1554496153532,17381840,56
2019-04-06 00:54:52.392,2.0,buy,5016.33,BTC-12APR19-5250-C,78.89,0.023,2.0,2,1554512092392,17386969,57
2019-04-06 01:27:27.593,2.0,sell,5008.33,BTC-12APR19-5250-C,73.85,0.02,2.0,2,1554514047593,17387196,58
2019-04-06 01:31:46.178,1.0,sell,4998.37,BTC-12APR19-5250-C,79.37,0.022000000000000002,1.0,0,1554514306178,17387322,59
2019-04-06 01:32:03.341,3.0,sell,4998.63,BTC-12APR19-5250-C,73.01,0.019,3.0,2,1554514323341,17387331,60
2019-04-06 01:48:44.379,4.0,sell,4990.79,BTC-12APR19-5250-C,73.01,0.0185,4.0,2,1554515324379,17387841,61
2019-04-06 02:51:54.021,5.0,sell,5003.18,BTC-12APR19-5250-C,72.74,0.019,5.0,0,1554519114021,17388577,62
2019-04-06 04:43:04.618,2.0,sell,5008.84,BTC-12APR19-5250-C,73.53,0.0195,2.0,0,1554525784618,17389332,63
2019-04-06 04:43:21.317,2.0,sell,5009.64,BTC-12APR19-5250-C,73.42,0.0195,2.0,1,1554525801317,17389338,64
2019-04-06 04:54:25.013,0.4,sell,5011.97,BTC-12APR19-5250-C,73.16,0.0195,0.4,1,1554526465013,17389384,65
2019-04-06 12:02:58.159,2.5,buy,5000.97,BTC-12APR19-5250-C,76.49,0.0195,2.5,1,1554552178159,17393048,66
2019-04-06 15:00:19.280,4.0,buy,5059.17,BTC-12APR19-5250-C,74.62,0.022,4.0,0,1554562819280,17396625,67
2019-04-06 15:00:30.527,6.0,buy,5065.85,BTC-12APR19-5250-C,73.66,0.022,6.0,1,1554562830527,17396885,68
2019-04-06 16:20:14.014,0.3,buy,5148.6,BTC-12APR19-5250-C,74.88,0.0285,0.3,0,1554567614014,17405241,69
2019-04-06 16:25:10.708,0.3,buy,5165.06,BTC-12APR19-5250-C,78.32,0.0315,0.3,0,1554567910708,17405653,70
2019-04-06 16:25:10.708,3.7,buy,5165.06,BTC-12APR19-5250-C,78.32,0.0315,3.7,1,1554567910708,17405654,71
2019-04-06 16:27:24.267,0.2,buy,5163.77,BTC-12APR19-5250-C,78.54,0.0315,0.2,1,1554568044267,17405813,72
2019-04-06 16:27:24.845,0.1,sell,5163.77,BTC-12APR19-5250-C,78.54,0.0315,0.1,1,1554568044845,17405814,73
2019-04-06 16:27:24.893,0.3,sell,5163.77,BTC-12APR19-5250-C,78.54,0.0315,0.3,1,1554568044893,17405815,74
2019-04-06 16:27:24.910,0.1,sell,5163.77,BTC-12APR19-5250-C,78.54,0.0315,0.1,1,1554568044910,17405816,75
2019-04-06 16:27:24.918,0.3,sell,5163.77,BTC-12APR19-5250-C,78.54,0.0315,0.3,1,1554568044918,17405817,76
2019-04-06 16:27:24.925,0.1,sell,5163.77,BTC-12APR19-5250-C,78.54,0.0315,0.1,1,1554568044925,17405818,77
2019-04-06 16:27:24.934,0.3,sell,5163.77,BTC-12APR19-5250-C,78.54,0.0315,0.3,1,1554568044934,17405819,78
2019-04-06 16:27:24.942,0.2,sell,5163.77,BTC-12APR19-5250-C,78.54,0.0315,0.2,1,1554568044942,17405820,79
2019-04-06 16:27:24.951,0.1,sell,5163.77,BTC-12APR19-5250-C,78.54,0.0315,0.1,1,1554568044951,17405821,80
2019-04-06 16:27:24.956,0.2,sell,5163.77,BTC-12APR19-5250-C,78.54,0.0315,0.2,1,1554568044956,17405822,81
2019-04-06 16:27:24.966,0.1,sell,5163.77,BTC-12APR19-5250-C,78.54,0.0315,0.1,1,1554568044966,17405823,82
2019-04-06 16:27:24.979,0.1,sell,5163.77,BTC-12APR19-5250-C,78.54,0.0315,0.1,1,1554568044979,17405824,83
2019-04-06 16:27:24.986,0.2,sell,5163.77,BTC-12APR19-5250-C,78.54,0.0315,0.2,1,1554568044986,17405825,84
2019-04-06 16:27:24.995,0.1,sell,5163.77,BTC-12APR19-5250-C,78.54,0.0315,0.1,1,1554568044995,17405826,85
2019-04-06 16:27:25.004,0.2,sell,5163.77,BTC-12APR19-5250-C,78.54,0.0315,0.2,1,1554568045004,17405827,86
2019-04-06 16:27:25.013,0.1,sell,5163.77,BTC-12APR19-5250-C,78.54,0.0315,0.1,1,1554568045013,17405828,87
2019-04-06 16:27:25.022,0.2,sell,5163.77,BTC-12APR19-5250-C,78.54,0.0315,0.2,1,1554568045022,17405829,88
2019-04-06 16:27:25.030,0.2,sell,5163.77,BTC-12APR19-5250-C,78.54,0.0315,0.2,1,1554568045030,17405830,89
2019-04-06 16:27:25.037,0.2,sell,5163.77,BTC-12APR19-5250-C,78.54,0.0315,0.2,1,1554568045037,17405831,90
2019-04-06 16:27:25.045,0.2,sell,5163.77,BTC-12APR19-5250-C,78.54,0.0315,0.2,1,1554568045045,17405832,91
2019-04-06 16:27:25.081,0.2,sell,5163.75,BTC-12APR19-5250-C,78.55,0.0315,0.2,1,1554568045081,17405833,92
2019-04-06 16:43:09.315,0.2,sell,5216.78,BTC-12APR19-5250-C,72.6,0.033,0.2,0,1554568989315,17409341,93
2019-04-06 17:18:23.609,0.4,sell,5125.28,BTC-12APR19-5250-C,75.79,0.027000000000000003,0.4,2,1554571103609,17412539,94
2019-04-06 17:47:49.158,2.0,buy,5161.29,BTC-12APR19-5250-C,76.28,0.03,2.0,0,1554572869158,17414985,95
2019-04-06 18:07:54.584,0.5,buy,5156.91,BTC-12APR19-5250-C,79.15,0.031,0.5,0,1554574074584,17416571,96
2019-04-06 19:23:15.482,1.5,buy,5184.88,BTC-12APR19-5250-C,74.81,0.031,1.5,1,1554578595482,17419691,97
2019-04-06 19:31:41.060,2.0,sell,5187.27,BTC-12APR19-5250-C,72.4,0.03,2.0,2,1554579101060,17420008,98
2019-04-06 20:04:30.849,1.0,sell,5156.47,BTC-12APR19-5250-C,70.5,0.0265,1.0,2,1554581070849,17421309,99
2019-04-06 20:05:21.369,1.0,sell,5159.82,BTC-12APR19-5250-C,70.99,0.027000000000000003,1.0,0,1554581121369,17421314,100
2019-04-06 20:49:43.150,0.1,buy,5138.8,BTC-12APR19-5250-C,76.71,0.027999999999999997,0.1,0,1554583783150,17422795,101
2019-04-06 21:12:00.625,0.9,buy,4976.66,BTC-12APR19-5250-C,77.83,0.0175,0.9,2,1554585120625,17430969,102
2019-04-07 05:54:52.112,1.0,sell,5128.54,BTC-12APR19-5250-C,82.31,0.0285,1.0,0,1554616492112,17456659,103
2019-04-07 05:55:41.956,0.1,sell,5119.98,BTC-12APR19-5250-C,83.74,0.0285,0.1,1,1554616541956,17456817,104
2019-04-07 05:55:56.156,0.9,sell,5102.18,BTC-12APR19-5250-C,86.66,0.0285,0.9,1,1554616556156,17457109,105
2019-04-07 06:01:10.806,4.0,buy,5095.55,BTC-12APR19-5250-C,87.77,0.0285,4.0,1,1554616870806,17457499,106
2019-04-07 11:48:43.238,0.2,buy,5104.96,BTC-12APR19-5250-C,82.77,0.026000000000000002,0.2,2,1554637723238,17465963,107
2019-04-07 11:48:43.238,0.8,buy,5104.96,BTC-12APR19-5250-C,87.25,0.027999999999999997,0.8,0,1554637723238,17465964,108
2019-04-07 13:56:33.611,0.1,sell,5143.03,BTC-12APR19-5250-C,74.83,0.025,0.1,2,1554645393611,17467671,109
2019-04-07 19:06:16.093,0.3,sell,5144.96,BTC-12APR19-5250-C,78.52,0.026000000000000002,0.3,0,1554663976093,17476759,110
2019-04-07 19:13:38.884,0.4,buy,5164.4,BTC-12APR19-5250-C,78.49,0.0275,0.4,0,1554664418884,17477058,111
2019-04-07 19:13:42.118,0.6,buy,5164.69,BTC-12APR19-5250-C,78.43,0.0275,0.6,1,1554664422118,17477061,112
2019-04-07 19:14:08.461,1.0,buy,5160.15,BTC-12APR19-5250-C,80.4,0.027999999999999997,1.0,0,1554664448461,17477112,113
2019-04-07 19:51:28.625,0.2,sell,5136.94,BTC-12APR19-5250-C,76.76,0.0245,0.2,2,1554666688625,17477638,114
2019-04-07 20:26:58.979,0.5,buy,5157.82,BTC-12APR19-5250-C,83.57,0.028999999999999998,0.5,0,1554668818979,17479478,118
2019-04-07 20:26:58.979,1.0,buy,5157.82,BTC-12APR19-5250-C,82.42,0.0285,1.0,0,1554668818979,17479477,117
2019-04-07 20:26:58.979,0.1,buy,5157.82,BTC-12APR19-5250-C,81.28,0.027999999999999997,0.1,1,1554668818979,17479476,116
2019-04-07 20:26:58.979,0.4,buy,5157.82,BTC-12APR19-5250-C,81.28,0.027999999999999997,0.4,0,1554668818979,17479475,115
2019-04-07 22:26:40.993,1.5,buy,5192.1,BTC-12APR19-5250-C,77.89,0.028999999999999998,1.5,1,1554676000993,17484022,119
2019-04-07 22:26:42.920,0.2,sell,5189.04,BTC-12APR19-5250-C,78.48,0.028999999999999998,0.2,1,1554676002920,17484048,120
2019-04-07 22:47:56.958,0.2,buy,5247.27,BTC-12APR19-5250-C,79.51,0.0345,0.2,0,1554677276958,17487171,121
2019-04-07 22:47:56.958,0.1,buy,5247.27,BTC-12APR19-5250-C,79.51,0.0345,0.1,1,1554677276958,17487172,122
2019-04-07 22:49:31.550,3.8,buy,5225.5,BTC-12APR19-5250-C,84.01,0.0345,3.8,1,1554677371550,17487676,123
2019-04-07 22:49:31.550,4.2,buy,5225.5,BTC-12APR19-5250-C,87.44,0.036000000000000004,4.2,0,1554677371550,17487677,124
2019-04-07 22:52:18.903,3.9,buy,5138.59,BTC-12APR19-5250-C,79.9,0.0255,3.9,2,1554677538903,17489315,125
2019-04-07 22:52:58.461,1.6,sell,5179.38,BTC-12APR19-5250-C,81.63,0.0295,1.6,0,1554677578461,17490037,126
2019-04-07 23:33:39.718,0.2,sell,5192.49,BTC-12APR19-5250-C,79.38,0.0295,0.2,1,1554680019718,17494264,127
2019-04-07 23:33:39.765,0.2,sell,5192.49,BTC-12APR19-5250-C,79.38,0.0295,0.2,1,1554680019765,17494266,128
2019-04-08 00:19:34.791,0.1,buy,5206.81,BTC-12APR19-5250-C,75.7,0.028999999999999998,0.1,2,1554682774791,17496372,129
2019-04-08 00:26:51.734,1.0,buy,5213.8,BTC-12APR19-5250-C,83.58,0.033,1.0,0,1554683211734,17496995,130
2019-04-08 01:11:10.617,0.2,buy,5313.65,BTC-12APR19-5250-C,86.63,0.0435,0.2,0,1554685870617,17500917,131
2019-04-08 01:11:10.617,0.3,buy,5313.65,BTC-12APR19-5250-C,90.15,0.045,0.3,0,1554685870617,17500918,132
2019-04-08 02:06:20.620,2.5,buy,5305.59,BTC-12APR19-5250-C,87.71,0.043,2.5,2,1554689180620,17504745,133
2019-04-08 02:59:45.961,3.7,sell,5288.34,BTC-12APR19-5250-C,86.16,0.0405,3.7,2,1554692385961,17508951,134
2019-04-08 05:26:25.248,1.0,buy,5277.7,BTC-12APR19-5250-C,97.95,0.044,1.0,0,1554701185248,17514253,135
2019-04-08 06:46:06.569,0.1,buy,5270.96,BTC-12APR19-5250-C,85.8,0.038,0.1,2,1554705966569,17516065,136
2019-04-08 09:08:15.689,0.8,buy,5248.46,BTC-12APR19-5250-C,87.08,0.036000000000000004,0.8,2,1554714495689,17522075,137
2019-04-08 11:42:12.370,0.2,sell,5170.22,BTC-12APR19-5250-C,81.58,0.0265,0.2,2,1554723732370,17528136,138
2019-04-08 11:42:12.370,0.3,sell,5170.22,BTC-12APR19-5250-C,81.58,0.0265,0.3,3,1554723732370,17528137,139
2019-04-08 11:55:17.546,0.5,buy,5159.23,BTC-12APR19-5250-C,87.56,0.028,0.5,0,1554724517546,17528739,140
2019-04-08 12:46:41.035,0.1,buy,5183.46,BTC-12APR19-5250-C,80.62,0.027000000000000003,0.1,2,1554727601035,17530547,141
2019-04-08 13:11:10.581,0.1,buy,5202.44,BTC-12APR19-5250-C,79.34,0.028,0.1,0,1554729070581,17530956,142
2019-04-08 13:12:37.992,0.1,buy,5205.18,BTC-12APR19-5250-C,86.18,0.031,0.1,0,1554729157992,17531004,143
2019-04-08 13:59:30.466,10.4,sell,5188.04,BTC-12APR19-5250-C,83.94,0.0285,10.4,2,1554731970466,17531897,144
2019-04-08 13:59:33.113,1.5,sell,5185.76,BTC-12APR19-5250-C,84.42,0.0285,1.5,3,1554731973113,17531912,145
2019-04-08 13:59:35.657,0.1,sell,5185.94,BTC-12APR19-5250-C,84.39,0.0285,0.1,3,1554731975657,17531915,146
2019-04-08 15:32:28.180,2.7,sell,5241.95,BTC-12APR19-5250-C,79.18,0.031,2.7,0,1554737548180,17534598,147
2019-04-08 15:33:25.139,1.3,sell,5246.14,BTC-12APR19-5250-C,78.24,0.031,1.3,1,1554737605139,17534628,148
2019-04-08 16:24:49.263,2.0,sell,5219.29,BTC-12APR19-5250-C,78.39,0.0285,2.0,2,1554740689263,17535880,149
2019-04-08 17:06:52.318,0.4,sell,5207.38,BTC-12APR19-5250-C,75.0,0.026,0.4,2,1554743212318,17537256,150
2019-04-08 17:30:27.555,2.0,buy,5193.73,BTC-12APR19-5250-C,83.16,0.028,2.0,0,1554744627555,17537610,151
2019-04-08 19:55:01.130,0.1,sell,5205.62,BTC-12APR19-5250-C,76.63,0.026,0.1,2,1554753301130,17540579,152
2019-04-08 20:47:19.953,5.0,buy,5245.28,BTC-12APR19-5250-C,78.29,0.03,5.0,0,1554756439953,17541929,153
2019-04-08 23:01:58.707,2.0,sell,5234.1,BTC-12APR19-5250-C,76.8,0.028,2.0,2,1554764518707,17548406,154
2019-04-09 00:36:59.019,0.1,buy,5273.63,BTC-12APR19-5250-C,83.71,0.034,0.1,0,1554770219019,17551500,155
2019-04-09 02:12:00.059,0.2,buy,5277.84,BTC-12APR19-5250-C,86.15,0.035,0.2,0,1554775920059,17554261,156
2019-04-09 03:33:55.628,0.1,sell,5230.73,BTC-12APR19-5250-C,73.15,0.0255,0.1,2,1554780835628,17555949,157
2019-04-09 05:28:02.372,0.3,sell,5197.56,BTC-12APR19-5250-C,75.06,0.023,0.3,2,1554787682372,17559441,158
2019-04-09 08:27:37.068,0.6,buy,5199.9,BTC-12APR19-5250-C,87.21,0.027000000000000003,0.6,0,1554798457068,17564976,159
2019-04-09 08:46:26.105,4.9,buy,5236.2,BTC-12APR19-5250-C,75.79,0.026000000000000002,4.9,2,1554799586105,17565608,160
2019-04-09 08:46:26.105,0.4,buy,5236.2,BTC-12APR19-5250-C,75.79,0.026000000000000002,0.4,3,1554799586105,17565609,161
2019-04-09 08:55:47.992,2.0,buy,5231.79,BTC-12APR19-5250-C,85.33,0.028999999999999998,2.0,0,1554800147992,17565944,162
2019-04-09 10:01:18.953,3.3000000000000003,sell,5194.66,BTC-12APR19-5250-C,71.07,0.0205,3.3000000000000003,2,1554804078953,17568157,163
2019-04-09 10:01:18.954,2.7,sell,5194.66,BTC-12APR19-5250-C,71.07,0.0205,2.7,3,1554804078954,17568158,164
2019-04-09 10:01:18.954,0.6,sell,5194.66,BTC-12APR19-5250-C,69.66,0.02,0.6,2,1554804078954,17568159,165
2019-04-09 10:01:18.955,3.7,sell,5194.66,BTC-12APR19-5250-C,69.66,0.02,3.7,3,1554804078955,17568160,166
2019-04-09 10:01:18.957,0.7000000000000001,sell,5194.66,BTC-12APR19-5250-C,69.66,0.02,0.7000000000000001,3,1554804078957,17568161,167
2019-04-09 10:01:18.978,2.3000000000000003,sell,5194.66,BTC-12APR19-5250-C,69.66,0.02,2.3000000000000003,3,1554804078978,17568162,168
2019-04-09 10:01:18.980,1.3,sell,5194.66,BTC-12APR19-5250-C,69.66,0.02,1.3,3,1554804078980,17568163,169
2019-04-09 10:01:18.981,2.8000000000000003,sell,5194.66,BTC-12APR19-5250-C,69.66,0.02,2.8000000000000003,3,1554804078981,17568164,170
2019-04-09 10:01:18.982,1.9,sell,5194.66,BTC-12APR19-5250-C,69.66,0.02,1.9,3,1554804078982,17568165,171
2019-04-09 10:01:18.991,6.4,buy,5194.66,BTC-12APR19-5250-C,69.66,0.02,6.4,3,1554804078991,17568170,176
2019-04-09 10:01:18.991,0.6,buy,5194.66,BTC-12APR19-5250-C,69.66,0.02,0.6,3,1554804078991,17568169,175
2019-04-09 10:01:18.991,0.6,buy,5194.66,BTC-12APR19-5250-C,69.66,0.02,0.6,3,1554804078991,17568166,172
2019-04-09 10:01:18.991,5.5,buy,5194.66,BTC-12APR19-5250-C,69.66,0.02,5.5,3,1554804078991,17568168,174
2019-04-09 10:01:18.991,1.9,buy,5194.66,BTC-12APR19-5250-C,69.66,0.02,1.9,3,1554804078991,17568167,173
2019-04-09 10:01:19.020,1.8,buy,5194.66,BTC-12APR19-5250-C,69.66,0.02,1.8,3,1554804079020,17568172,178
2019-04-09 10:01:19.020,1.6,buy,5194.66,BTC-12APR19-5250-C,69.66,0.02,1.6,3,1554804079020,17568171,177
2019-04-09 10:01:20.251,0.4,buy,5195.57,BTC-12APR19-5250-C,69.44,0.02,0.4,3,1554804080251,17568173,179
2019-04-09 10:01:20.705,0.2,buy,5195.57,BTC-12APR19-5250-C,69.44,0.02,0.2,3,1554804080705,17568176,180
2019-04-09 10:01:20.908,0.2,buy,5195.57,BTC-12APR19-5250-C,69.44,0.02,0.2,3,1554804080908,17568178,181
2019-04-09 10:01:21.120,0.2,buy,5195.76,BTC-12APR19-5250-C,69.4,0.02,0.2,3,1554804081120,17568179,182
2019-04-09 10:01:21.998,0.5,buy,5195.76,BTC-12APR19-5250-C,69.4,0.02,0.5,3,1554804081998,17568181,183
2019-04-09 10:01:47.320,0.9,buy,5195.73,BTC-12APR19-5250-C,69.42,0.02,0.9,3,1554804107320,17568195,184
2019-04-09 10:08:12.425,5.0,sell,5181.84,BTC-12APR19-5250-C,72.65,0.02,5.0,3,1554804492425,17568397,185
2019-04-09 10:12:28.514,12.0,sell,5166.12,BTC-12APR19-5250-C,76.21,0.02,12.0,3,1554804748514,17568606,186
2019-04-09 10:12:32.279,2.1,sell,5163.71,BTC-12APR19-5250-C,76.76,0.02,2.1,3,1554804752279,17568610,187
2019-04-09 10:12:43.123,12.0,sell,5161.61,BTC-12APR19-5250-C,70.02,0.0175,12.0,2,1554804763123,17568644,188
2019-04-09 10:12:51.056,7.1000000000000005,sell,5166.64,BTC-12APR19-5250-C,67.48,0.017,7.1000000000000005,2,1554804771056,17568689,189
2019-04-09 10:12:51.056,2.8000000000000003,sell,5166.64,BTC-12APR19-5250-C,67.48,0.017,2.8000000000000003,3,1554804771056,17568690,190
2019-04-09 13:05:15.542,5.0,buy,5202.13,BTC-12APR19-5250-C,70.9,0.0205,5.0,0,1554815115542,17573450,191
2019-04-09 13:53:56.489,0.7000000000000001,sell,5208.93,BTC-12APR19-5250-C,66.78,0.0195,0.7000000000000001,2,1554818036489,17575255,192
2019-04-09 14:06:59.373,0.1,buy,5214.67,BTC-12APR19-5250-C,65.48,0.0195,0.1,3,1554818819373,17575860,193
2019-04-09 15:38:39.407,0.1,buy,5213.16,BTC-12APR19-5250-C,73.97,0.022000000000000002,0.1,0,1554824319407,17577628,194
2019-04-09 15:38:44.074,0.1,buy,5211.73,BTC-12APR19-5250-C,72.86,0.0215,0.1,2,1554824324074,17577633,195
2019-04-09 18:59:01.898,0.1,buy,5222.04,BTC-12APR19-5250-C,67.63,0.02,0.1,2,1554836341898,17580164,196
2019-04-09 19:33:37.267,6.0,sell,5211.74,BTC-12APR19-5250-C,61.53,0.017,6.0,2,1554838417267,17580450,197
2019-04-09 19:33:37.291,6.0,buy,5211.74,BTC-12APR19-5250-C,61.53,0.017,6.0,3,1554838417291,17580451,198
2019-04-09 20:14:34.882,0.1,buy,5210.97,BTC-12APR19-5250-C,60.55,0.0165,0.1,2,1554840874882,17580726,199
2019-04-09 20:20:19.888,1.0,sell,5212.27,BTC-12APR19-5250-C,57.2,0.0155,1.0,2,1554841219888,17580739,200
2019-04-09 20:36:15.232,1.0,buy,5235.17,BTC-12APR19-5250-C,58.93,0.018000000000000002,1.0,0,1554842175232,17581524,201
2019-04-09 22:22:53.817,0.1,sell,5200.01,BTC-12APR19-5250-C,62.91,0.016,0.1,2,1554848573817,17583336,202
2019-04-09 22:38:42.346,0.1,sell,5195.21,BTC-12APR19-5250-C,53.2,0.0125,0.1,2,1554849522346,17583557,204
2019-04-09 22:38:42.346,0.1,sell,5195.21,BTC-12APR19-5250-C,61.11,0.015,0.1,2,1554849522346,17583556,203
2019-04-10 01:14:15.525,0.1,buy,5207.33,BTC-12APR19-5250-C,57.8,0.0145,0.1,0,1554858855525,17588903,205
2019-04-10 01:27:26.655,5.0,buy,5225.14,BTC-12APR19-5250-C,61.12,0.017,5.0,0,1554859646655,17589217,206
2019-04-10 02:46:22.632,0.1,sell,5229.07,BTC-12APR19-5250-C,55.93,0.0155,0.1,2,1554864382632,17590854,207
2019-04-10 05:46:50.676,0.1,sell,5242.0,BTC-12APR19-5250-C,52.11,0.015,0.1,2,1554875210676,17592067,208
2019-04-10 06:06:01.002,1.0,buy,5274.3,BTC-12APR19-5250-C,58.59,0.02,1.0,0,1554876361002,17593159,209
2019-04-10 10:34:59.372,6.0,buy,5236.55,BTC-12APR19-5250-C,53.02,0.013999999999999999,6.0,2,1554892499372,17596372,210
2019-04-10 10:57:24.899,0.1,sell,5240.93,BTC-12APR19-5250-C,57.11,0.0155,0.1,0,1554893844899,17596531,211
2019-04-10 11:28:10.496,4.6000000000000005,sell,5248.24,BTC-12APR19-5250-C,55.07,0.0155,4.6000000000000005,1,1554895690496,17597382,212
2019-04-10 12:23:19.430,0.1,buy,5251.33,BTC-12APR19-5250-C,59.95,0.017,0.1,0,1554898999430,17597936,213
2019-04-10 12:44:17.176,5.0,sell,5276.37,BTC-12APR19-5250-C,58.57,0.019,5.0,0,1554900257176,17598980,214
2019-04-10 12:48:14.360,0.1,buy,5277.43,BTC-12APR19-5250-C,60.03,0.0195,0.1,0,1554900494360,17599512,215
2019-04-10 13:03:01.617,3.2,sell,5275.09,BTC-12APR19-5250-C,57.45,0.0185,3.2,2,1554901381617,17599945,216
2019-04-10 14:38:21.642,0.2,buy,5270.67,BTC-12APR19-5250-C,58.34,0.018000000000000002,0.2,2,1554907101642,17602122,217
2019-04-10 14:38:21.642,0.2,buy,5270.67,BTC-12APR19-5250-C,60.18,0.0185,0.2,0,1554907101642,17602123,218
2019-04-10 15:50:44.657,1.6,sell,5263.76,BTC-12APR19-5250-C,54.34,0.016,1.6,2,1554911444657,17603005,219
2019-04-10 16:01:12.231,1.2,sell,5303.67,BTC-12APR19-5250-C,57.49,0.021,1.2,0,1554912072231,17604074,220
2019-04-10 16:01:19.055,6.0,sell,5292.07,BTC-12APR19-5250-C,56.61,0.0195,6.0,2,1554912079055,17604242,221
2019-04-10 16:07:14.483,6.0,buy,5278.86,BTC-12APR19-5250-C,60.05,0.019,6.0,2,1554912434483,17604650,222
2019-04-10 16:07:19.450,6.0,buy,5277.79,BTC-12APR19-5250-C,62.34,0.0195,6.0,0,1554912439450,17604651,223
2019-04-10 16:07:23.172,12.0,buy,5278.29,BTC-12APR19-5250-C,64.03,0.02,12.0,0,1554912443172,17604652,224
2019-04-10 16:07:23.172,7.2,buy,5278.29,BTC-12APR19-5250-C,64.03,0.02,7.2,1,1554912443172,17604653,225
2019-04-10 16:07:23.258,6.0,sell,5278.29,BTC-12APR19-5250-C,64.03,0.02,6.0,1,1554912443258,17604654,226
2019-04-10 16:14:50.186,0.1,buy,5267.72,BTC-12APR19-5250-C,60.62,0.018000000000000002,0.1,2,1554912890186,17604932,227
2019-04-10 16:15:30.734,0.9,sell,5267.26,BTC-12APR19-5250-C,62.66,0.0185,0.9,0,1554912930734,17604935,228
2019-04-10 17:32:34.929,8.2,buy,5278.54,BTC-12APR19-5250-C,65.11,0.02,8.2,1,1554917554929,17605678,230
2019-04-10 17:32:34.929,12.0,buy,5278.54,BTC-12APR19-5250-C,65.11,0.02,12.0,0,1554917554929,17605677,229
2019-04-10 17:33:02.391,6.0,buy,5279.49,BTC-12APR19-5250-C,66.65,0.0205,6.0,0,1554917582391,17605684,231
2019-04-10 17:33:02.391,6.0,buy,5279.49,BTC-12APR19-5250-C,66.65,0.0205,6.0,1,1554917582391,17605685,232
2019-04-10 17:48:25.354,0.3,buy,5291.69,BTC-12APR19-5250-C,65.84,0.0215,0.3,0,1554918505354,17606113,233
2019-04-10 17:48:25.465,1.7,sell,5291.69,BTC-12APR19-5250-C,65.84,0.0215,1.7,1,1554918505465,17606124,234
2019-04-10 17:49:09.157,1.0,buy,5294.01,BTC-12APR19-5250-C,66.84,0.022000000000000002,1.0,0,1554918549157,17606226,235
2019-04-10 18:37:16.608,0.2,sell,5455.74,BTC-12APR19-5250-C,68.73,0.0425,0.2,0,1554921436608,17617606,236
2019-04-10 18:37:42.535,0.2,sell,5439.65,BTC-12APR19-5250-C,72.65,0.040999999999999995,0.2,2,1554921462535,17617827,237
2019-04-10 18:41:32.858,0.2,sell,5426.28,BTC-12APR19-5250-C,63.98,0.0375,0.2,2,1554921692858,17618799,238
2019-04-10 18:42:09.789,1.2,buy,5431.14,BTC-12APR19-5250-C,60.22,0.0375,1.2,3,1554921729789,17618854,239
2019-04-10 18:44:00.455,0.2,sell,5419.42,BTC-12APR19-5250-C,78.58,0.0395,0.2,0,1554921840455,17619459,240
2019-04-10 18:44:00.487,1.8,sell,5419.42,BTC-12APR19-5250-C,78.58,0.0395,1.8,1,1554921840487,17619460,241
2019-04-10 18:45:33.128,0.5,buy,5412.14,BTC-12APR19-5250-C,75.98,0.038,0.5,2,1554921933128,17620454,242
2019-04-10 18:52:46.378,4.0,sell,5412.73,BTC-12APR19-5250-C,65.99,0.036000000000000004,4.0,2,1554922366378,17621835,243
2019-04-10 18:56:32.840,0.1,buy,5404.32,BTC-12APR19-5250-C,73.87,0.0365,0.1,0,1554922592840,17622273,244
2019-04-10 19:12:08.866,7.0,sell,5406.76,BTC-12APR19-5250-C,65.3,0.035,7.0,2,1554923528866,17623196,245
2019-04-10 19:12:08.866,0.2,sell,5406.76,BTC-12APR19-5250-C,65.3,0.035,0.2,3,1554923528866,17623197,246
2019-04-10 19:13:24.517,0.2,sell,5410.08,BTC-12APR19-5250-C,63.03,0.035,0.2,3,1554923604517,17623245,248
2019-04-10 19:13:24.517,3.8,sell,5410.08,BTC-12APR19-5250-C,63.03,0.035,3.8,3,1554923604517,17623244,247
2019-04-10 19:13:38.468,6.4,sell,5406.06,BTC-12APR19-5250-C,63.29,0.0345,6.4,2,1554923618468,17623257,249
2019-04-10 19:17:45.514,0.2,sell,5393.87,BTC-12APR19-5250-C,56.53,0.0315,0.2,2,1554923865514,17623876,250
2019-04-10 19:17:48.673,4.0,sell,5393.79,BTC-12APR19-5250-C,53.98,0.031,4.0,2,1554923868673,17623880,251
2019-04-10 19:17:59.751,4.0,sell,5395.9,BTC-12APR19-5250-C,55.07,0.0315,4.0,0,1554923879751,17623896,252
2019-04-10 19:18:11.655,4.0,sell,5396.2,BTC-12APR19-5250-C,52.15,0.031,4.0,2,1554923891655,17623907,253
2019-04-10 19:20:07.618,5.2,sell,5389.28,BTC-12APR19-5250-C,57.22,0.031,5.2,3,1554924007618,17624120,254
2019-04-10 19:42:25.614,3.0,sell,5419.36,BTC-12APR19-5250-C,61.95,0.036000000000000004,3.0,0,1554925345614,17625671,255
2019-04-10 19:48:55.428,0.2,sell,5409.06,BTC-12APR19-5250-C,53.43,0.033,0.2,2,1554925735428,17625985,256
2019-04-10 19:48:55.431,0.3,buy,5409.06,BTC-12APR19-5250-C,53.43,0.033,0.3,3,1554925735431,17625986,257
2019-04-10 20:25:27.916,3.0,sell,5398.27,BTC-12APR19-5250-C,56.83,0.032,3.0,2,1554927927916,17627254,258
2019-04-10 20:31:11.639,4.0,sell,5360.39,BTC-12APR19-5250-C,71.02,0.03,4.0,2,1554928271639,17628210,259
2019-04-10 20:31:18.688,1.0,sell,5358.77,BTC-12APR19-5250-C,71.89,0.03,1.0,3,1554928278688,17628245,260
2019-04-10 20:36:36.985,1.0,sell,5363.8,BTC-12APR19-5250-C,62.43,0.0285,1.0,2,1554928596985,17629423,261
2019-04-10 20:36:36.985,0.2,sell,5363.8,BTC-12APR19-5250-C,62.43,0.0285,0.2,3,1554928596985,17629424,262
2019-04-10 20:36:40.179,1.2,sell,5362.49,BTC-12APR19-5250-C,58.56,0.0275,1.2,2,1554928600179,17629439,263
2019-04-10 20:36:43.978,5.1000000000000005,sell,5361.35,BTC-12APR19-5250-C,59.25,0.0275,5.1000000000000005,3,1554928603978,17629467,264
2019-04-10 20:36:47.708,0.2,sell,5361.34,BTC-12APR19-5250-C,59.25,0.0275,0.2,3,1554928607708,17629470,265
2019-04-10 20:36:47.708,4.2,sell,5361.34,BTC-12APR19-5250-C,59.25,0.0275,4.2,3,1554928607708,17629471,266
2019-04-10 20:36:47.895,0.2,buy,5361.34,BTC-12APR19-5250-C,59.25,0.0275,0.2,3,1554928607895,17629473,267
2019-04-10 20:37:14.825,0.2,sell,5359.02,BTC-12APR19-5250-C,51.19,0.0255,0.2,2,1554928634825,17629522,268
2019-04-10 20:37:18.202,4.0,sell,5358.16,BTC-12APR19-5250-C,49.31,0.025,4.0,2,1554928638202,17629547,269
2019-04-10 20:37:26.448,0.2,sell,5356.57,BTC-12APR19-5250-C,50.35,0.025,0.2,3,1554928646448,17629582,270
2019-04-10 20:37:31.549,4.0,sell,5357.11,BTC-12APR19-5250-C,47.54,0.0245,4.0,2,1554928651549,17629600,271
2019-04-10 20:37:36.180,0.2,sell,5357.92,BTC-12APR19-5250-C,47.0,0.0245,0.2,3,1554928656180,17629632,272
2019-04-10 20:37:36.180,4.0,sell,5357.92,BTC-12APR19-5250-C,47.0,0.0245,4.0,3,1554928656180,17629633,273
2019-04-10 20:37:42.227,4.0,sell,5359.87,BTC-12APR19-5250-C,45.63,0.0245,4.0,3,1554928662227,17629700,274
2019-04-10 20:37:47.955,4.0,sell,5360.14,BTC-12APR19-5250-C,47.99,0.025,4.0,0,1554928667955,17629734,275
2019-04-10 20:38:04.925,1.7,sell,5355.67,BTC-12APR19-5250-C,58.0,0.0265,1.7,0,1554928684925,17629777,276
2019-04-10 20:38:48.649,6.0,buy,5318.47,BTC-12APR19-5250-C,58.28,0.022000000000000002,6.0,2,1554928728649,17630725,277
2019-04-10 20:39:19.855,6.0,sell,5275.67,BTC-12APR19-5250-C,59.1,0.0175,6.0,2,1554928759855,17631884,278
2019-04-10 20:42:44.145,6.0,buy,5271.94,BTC-12APR19-5250-C,64.66,0.0185,6.0,0,1554928964145,17636483,279
2019-04-10 20:46:46.636,0.3,buy,5298.18,BTC-12APR19-5250-C,59.64,0.02,0.3,0,1554929206636,17638414,280
2019-04-10 20:55:09.770,0.4,buy,5307.6,BTC-12APR19-5250-C,63.69,0.022000000000000002,0.4,0,1554929709770,17640584,281
2019-04-10 20:55:09.770,2.6,buy,5307.6,BTC-12APR19-5250-C,65.75,0.0225,2.6,0,1554929709770,17640585,282
2019-04-10 21:02:57.311,5.9,buy,5301.59,BTC-12APR19-5250-C,62.44,0.021,5.9,2,1554930177311,17641835,283
2019-04-10 21:05:32.818,0.4,sell,5315.97,BTC-12APR19-5250-C,61.99,0.0225,0.4,0,1554930332818,17642839,284
2019-04-10 21:44:13.835,0.5,sell,5269.21,BTC-12APR19-5250-C,58.64,0.0165,0.5,2,1554932653835,17646250,285
2019-04-10 21:46:13.540,0.5,sell,5263.79,BTC-12APR19-5250-C,58.83,0.016,0.5,2,1554932773540,17646619,286
2019-04-10 21:49:27.675,0.5,buy,5269.97,BTC-12APR19-5250-C,62.45,0.0175,0.5,0,1554932967675,17646907,287
2019-04-10 21:49:32.365,0.5,sell,5270.24,BTC-12APR19-5250-C,62.35,0.0175,0.5,1,1554932972365,17646910,288
2019-04-10 22:07:54.240,0.5,sell,5277.22,BTC-12APR19-5250-C,61.77,0.018000000000000002,0.5,0,1554934074240,17648056,289
2019-04-10 22:36:16.005,0.5,sell,5279.65,BTC-12APR19-5250-C,57.05,0.017,0.5,2,1554935776005,17649269,290
2019-04-10 22:36:16.005,2.0,sell,5279.65,BTC-12APR19-5250-C,57.05,0.017,2.0,3,1554935776005,17649270,291
2019-04-10 22:43:47.143,0.5,buy,5278.25,BTC-12APR19-5250-C,59.83,0.0175,0.5,0,1554936227143,17649427,292
2019-04-11 00:07:05.827,0.2,sell,5340.05,BTC-12APR19-5250-C,65.56,0.0255,0.2,0,1554941225827,17652180,293
2019-04-11 00:07:05.858,0.2,sell,5340.05,BTC-12APR19-5250-C,65.56,0.0255,0.2,1,1554941225858,17652182,294
2019-04-11 00:07:06.120,0.2,sell,5337.53,BTC-12APR19-5250-C,66.95,0.0255,0.2,1,1554941226120,17652198,295
2019-04-11 00:07:06.133,0.2,sell,5337.53,BTC-12APR19-5250-C,66.95,0.0255,0.2,1,1554941226133,17652199,296
2019-04-11 00:07:06.240,0.2,sell,5337.53,BTC-12APR19-5250-C,66.95,0.0255,0.2,1,1554941226240,17652202,297
2019-04-11 00:07:06.273,0.2,sell,5337.53,BTC-12APR19-5250-C,66.95,0.0255,0.2,1,1554941226273,17652205,298
2019-04-11 00:07:06.317,0.2,sell,5337.53,BTC-12APR19-5250-C,66.95,0.0255,0.2,1,1554941226317,17652206,299
2019-04-11 00:23:10.253,0.3,buy,5343.29,BTC-12APR19-5250-C,61.65,0.025,0.3,2,1554942190253,17652801,300
2019-04-11 00:45:47.901,3.3000000000000003,sell,5301.01,BTC-12APR19-5250-C,64.15,0.0205,3.3000000000000003,2,1554943547901,17653831,301
2019-04-11 01:07:47.580,3.7,sell,5302.27,BTC-12APR19-5250-C,63.92,0.0205,3.7,3,1554944867580,17654995,302
2019-04-11 03:34:38.005,0.1,sell,5222.37,BTC-12APR19-5250-C,63.61,0.012,0.1,2,1554953678005,17660988,303
2019-04-11 03:47:26.459,0.5,buy,5205.17,BTC-12APR19-5250-C,56.51,0.009000000000000001,0.5,2,1554954446459,17665628,304
2019-04-11 03:47:42.107,0.5,buy,5203.76,BTC-12APR19-5250-C,57.01,0.009000000000000001,0.5,3,1554954462107,17665648,305
2019-04-11 03:48:34.241,1.0,buy,5222.89,BTC-12APR19-5250-C,50.29,0.009000000000000001,1.0,3,1554954514241,17665880,306
2019-04-11 08:03:06.744,0.5,sell,5186.6,BTC-12APR19-5250-C,63.01,0.008,0.5,2,1554969786744,17672153,307
2019-04-11 09:24:10.615,0.4,buy,5182.44,BTC-12APR19-5250-C,68.98,0.0085,0.4,0,1554974650615,17675207,308
2019-04-11 09:51:35.594,0.1,buy,5117.11,BTC-12APR19-5250-C,74.12,0.0055,0.1,2,1554976295594,17679714,309
2019-04-11 09:51:54.285,0.5,buy,5119.7,BTC-12APR19-5250-C,73.34,0.0055,0.5,3,1554976314285,17679826,310
2019-04-11 09:51:54.292,0.4,sell,5119.7,BTC-12APR19-5250-C,73.34,0.0055,0.4,3,1554976314292,17679828,311
2019-04-11 09:57:09.277,0.2,buy,5059.16,BTC-12APR19-5250-C,72.64,0.003,0.2,2,1554976629277,17685597,312
2019-04-11 09:58:17.652,1.0,buy,5079.78,BTC-12APR19-5250-C,67.39,0.003,1.0,3,1554976697652,17685844,313
2019-04-11 09:58:24.543,1.0,buy,5079.86,BTC-12APR19-5250-C,71.22,0.0035,1.0,0,1554976704543,17685860,314
2019-04-11 10:09:09.463,2.0,buy,5079.46,BTC-12APR19-5250-C,71.63,0.0035,2.0,1,1554977349463,17687061,315
2019-04-11 10:09:25.737,2.0,buy,5079.05,BTC-12APR19-5250-C,75.44,0.004,2.0,0,1554977365737,17687063,316
2019-04-11 11:27:37.214,0.5,buy,5041.82,BTC-12APR19-5250-C,84.08,0.0035,0.5,2,1554982057214,17692759,317
2019-04-11 11:28:41.337,2.5,sell,5034.98,BTC-12APR19-5250-C,85.93,0.0035,2.5,3,1554982121337,17692812,318
2019-04-11 11:53:24.446,5.9,sell,5054.59,BTC-12APR19-5250-C,77.27,0.003,5.9,2,1554983604446,17696898,319
2019-04-11 11:59:57.443,0.5,sell,5047.41,BTC-12APR19-5250-C,79.39,0.003,0.5,3,1554983997443,17697294,320
2019-04-11 12:02:42.090,4.1,sell,5058.14,BTC-12APR19-5250-C,76.64,0.003,4.1,3,1554984162090,17697407,321
2019-04-11 12:33:38.933,5.0,sell,5037.37,BTC-12APR19-5250-C,73.44,0.002,5.0,2,1554986018933,17698555,322
2019-04-11 12:33:38.933,1.0,sell,5037.37,BTC-12APR19-5250-C,67.79,0.0015,1.0,2,1554986018933,17698556,323
2019-04-11 18:37:05.721,7.7,buy,5070.74,BTC-12APR19-5250-C,84.13,0.0025,7.7,0,1555007825721,17710588,324
2019-04-11 20:46:34.991,1.0,sell,5068.53,BTC-12APR19-5250-C,79.41,0.0015,1.0,2,1555015594991,17715674,325
2019-04-11 20:55:14.916,10.0,sell,5048.13,BTC-12APR19-5250-C,86.38,0.0015,10.0,3,1555016114916,17716096,326
2019-04-11 20:55:18.796,10.0,sell,5048.1,BTC-12APR19-5250-C,86.38,0.0015,10.0,3,1555016118796,17716097,327
2019-04-11 20:55:20.124,10.0,sell,5048.08,BTC-12APR19-5250-C,86.39,0.0015,10.0,3,1555016120124,17716098,328
2019-04-11 20:55:21.476,10.0,sell,5047.84,BTC-12APR19-5250-C,86.47,0.0015,10.0,3,1555016121476,17716099,329
2019-04-11 20:55:23.732,10.0,sell,5047.81,BTC-12APR19-5250-C,86.48,0.0015,10.0,3,1555016123732,17716100,330
2019-04-11 20:55:34.604,10.0,sell,5047.32,BTC-12APR19-5250-C,86.7,0.0015,10.0,3,1555016134604,17716102,331
2019-04-11 21:04:24.942,10.0,sell,5048.79,BTC-12APR19-5250-C,86.76,0.0015,10.0,3,1555016664942,17716290,332
2019-04-11 21:06:39.879,10.0,sell,5048.34,BTC-12APR19-5250-C,87.1,0.0015,10.0,3,1555016799879,17716330,333
2019-04-11 21:06:44.575,10.0,sell,5048.65,BTC-12APR19-5250-C,87.0,0.0015,10.0,3,1555016804575,17716331,334
2019-04-11 21:06:51.528,9.0,sell,5048.3,BTC-12APR19-5250-C,87.11,0.0015,9.0,3,1555016811528,17716332,335
2019-04-11 21:32:10.398,0.5,sell,5052.1,BTC-12APR19-5250-C,87.59,0.0015,0.5,3,1555018330398,17716980,336
2019-04-11 21:57:20.931,0.5,sell,5023.41,BTC-12APR19-5250-C,89.4,0.001,0.5,2,1555019840931,17717986,337
2019-04-11 21:59:46.275,0.5,buy,5026.8,BTC-12APR19-5250-C,97.98,0.0015,0.5,0,1555019986275,17718158,338
2019-04-11 21:59:46.275,0.5,buy,5026.8,BTC-12APR19-5250-C,97.98,0.0015,0.5,1,1555019986275,17718159,339
2019-04-11 23:01:19.183,5.0,sell,5050.13,BTC-12APR19-5250-C,73.61,0.0005,5.0,2,1555023679183,17721496,340
2019-04-11 23:07:12.295,11.0,buy,5042.97,BTC-12APR19-5250-C,76.16,0.0005,11.0,3,1555024032295,17721547,341
2019-04-12 01:24:26.081,1.0,sell,4990.76,BTC-12APR19-5250-C,106.24,0.0005,1.0,3,1555032266081,17726111,342
