date_utc,amount,direction,indexPrice,instrument,iv,price,quantity,tickDirection,timeStamp,tradeId,tradeSeq
2019-02-18 07:28:02.476,1.0,buy,3703.39,BTC-26APR19-4500-P,54.02,0.2445,1.0,1,1550474882476,15502089,1
2019-02-19 20:16:50.650,0.1,buy,3937.06,BTC-26APR19-4500-P,56.65,0.188,0.1,2,1550607410650,15660892,2
2019-02-20 19:58:14.689,1.0,sell,3924.0,BTC-26APR19-4500-P,55.52,0.188,1.0,3,1550692694689,15709385,3
2019-02-20 19:58:15.142,2.8000000000000003,buy,3924.0,BTC-26APR19-4500-P,41.14,0.1675,2.8000000000000003,2,1550692695142,15709421,4
2019-02-24 17:23:06.654,0.1,buy,3769.75,BTC-26APR19-4500-P,66.75,0.244,0.1,0,1551028986654,15950805,5
2019-03-13 14:46:03.280,3.3000000000000003,buy,3857.15,BTC-26APR19-4500-P,0.0,0.0205,3.3000000000000003,2,1552488363280,16540496,6
2019-03-13 14:49:58.476,3.3000000000000003,buy,3853.13,BTC-26APR19-4500-P,0.0,0.02,3.3000000000000003,2,1552488598476,16540564,7
2019-03-17 13:32:34.342,1.0,sell,3962.09,BTC-26APR19-4500-P,47.24,0.1575,1.0,0,1552829554342,16662989,8
2019-03-17 19:31:25.536,0.5,buy,3969.97,BTC-26APR19-4500-P,55.16,0.1635,0.5,0,1552851085536,16666400,9
2019-03-21 14:58:30.356,0.1,buy,3931.77,BTC-26APR19-4500-P,50.74,0.166,0.1,0,1553180310356,16762525,10
2019-03-25 19:02:04.509,0.1,buy,3876.89,BTC-26APR19-4500-P,49.24,0.1745,0.1,0,1553540524509,16821664,11
2019-03-25 21:03:31.549,0.5,buy,3883.98,BTC-26APR19-4500-P,59.23,0.1805,0.5,0,1553547811549,16827674,12
2019-03-27 10:26:19.707,1.5,buy,4014.17,BTC-26APR19-4500-P,50.58,0.1415,1.5,2,1553682379707,16858770,13
2019-03-27 10:28:42.580,1.5,buy,4007.22,BTC-26APR19-4500-P,51.33,0.1435,1.5,0,1553682522580,16859116,14
2019-03-27 10:35:33.757,0.1,buy,4010.7,BTC-26APR19-4500-P,49.57,0.1415,0.1,2,1553682933757,16859401,15
2019-03-27 10:35:35.835,1.5,buy,4010.7,BTC-26APR19-4500-P,50.72,0.1425,1.5,0,1553682935835,16859402,16
2019-03-28 16:51:52.368,4.0,sell,4007.73,BTC-26APR19-4500-P,49.41,0.1395,4.0,2,1553791912368,16926911,17
2019-03-28 16:51:55.465,4.0,sell,4006.31,BTC-26APR19-4500-P,49.18,0.1395,4.0,3,1553791915465,16926926,18
2019-03-28 16:51:57.494,4.0,sell,4006.31,BTC-26APR19-4500-P,48.74,0.139,4.0,2,1553791917494,16926935,19
2019-03-29 00:17:06.699,3.9,buy,4014.33,BTC-26APR19-4500-P,51.2,0.14,3.9,0,1553818626699,16929327,20
2019-03-29 00:53:06.571,3.9,sell,4019.86,BTC-26APR19-4500-P,49.68,0.13699999999999998,3.9,2,1553820786571,16930520,21
2019-03-29 03:51:32.417,4.9,sell,4023.74,BTC-26APR19-4500-P,49.33,0.1355,4.9,2,1553831492417,16932648,22
2019-03-29 10:32:53.043,0.1,sell,4093.45,BTC-26APR19-4500-P,49.42,0.12,0.1,2,1553855573043,16948637,23
2019-03-29 17:20:50.878,4.9,sell,4082.21,BTC-26APR19-4500-P,45.24,0.1185,4.9,2,1553880050878,16960318,24
2019-03-30 03:56:21.337,0.1,buy,4090.71,BTC-26APR19-4500-P,45.99,0.11699999999999999,0.1,2,1553918181337,16969526,25
2019-03-30 04:23:49.524,0.1,sell,4059.37,BTC-26APR19-4500-P,44.99,0.12300000000000001,0.1,0,1553919829524,16973876,26
2019-03-30 04:23:51.311,0.1,sell,4059.69,BTC-26APR19-4500-P,45.08,0.12300000000000001,0.1,1,1553919831311,16973877,27
2019-03-30 04:23:51.920,0.1,sell,4059.69,BTC-26APR19-4500-P,45.08,0.12300000000000001,0.1,1,1553919831920,16973878,28
2019-03-30 04:23:54.800,0.1,sell,4059.9,BTC-26APR19-4500-P,45.14,0.12300000000000001,0.1,1,1553919834800,16973879,29
2019-03-30 04:25:20.021,0.1,sell,4061.99,BTC-26APR19-4500-P,45.71,0.12300000000000001,0.1,1,1553919920021,16973926,30
2019-03-30 04:25:21.066,0.1,sell,4063.11,BTC-26APR19-4500-P,46.01,0.12300000000000001,0.1,1,1553919921066,16973927,31
2019-03-30 04:25:22.177,0.1,sell,4063.45,BTC-26APR19-4500-P,46.1,0.12300000000000001,0.1,1,1553919922177,16973928,32
2019-03-30 04:25:22.724,0.1,sell,4063.45,BTC-26APR19-4500-P,46.1,0.12300000000000001,0.1,1,1553919922724,16973929,33
2019-03-30 04:27:00.474,0.1,sell,4064.27,BTC-26APR19-4500-P,46.32,0.12300000000000001,0.1,1,1553920020474,16973974,34
2019-03-30 04:27:39.748,0.1,sell,4065.58,BTC-26APR19-4500-P,46.67,0.12300000000000001,0.1,1,1553920059748,16973983,35
2019-03-30 04:27:39.828,0.1,sell,4065.58,BTC-26APR19-4500-P,46.67,0.12300000000000001,0.1,1,1553920059828,16973984,36
2019-03-30 04:27:40.784,0.1,sell,4065.58,BTC-26APR19-4500-P,46.67,0.12300000000000001,0.1,1,1553920060784,16973985,37
2019-03-30 04:27:41.932,0.1,sell,4065.58,BTC-26APR19-4500-P,46.67,0.12300000000000001,0.1,1,1553920061932,16973986,38
2019-03-30 04:32:43.739,0.1,sell,4068.84,BTC-26APR19-4500-P,47.53,0.12300000000000001,0.1,1,1553920363739,16974158,39
2019-03-30 04:32:47.112,0.1,sell,4069.24,BTC-26APR19-4500-P,47.63,0.12300000000000001,0.1,1,1553920367112,16974159,40
2019-03-30 04:32:48.301,0.1,sell,4069.24,BTC-26APR19-4500-P,47.63,0.12300000000000001,0.1,1,1553920368301,16974160,41
2019-03-30 04:32:49.547,0.1,sell,4069.24,BTC-26APR19-4500-P,47.63,0.12300000000000001,0.1,1,1553920369547,16974161,42
2019-03-30 04:32:50.689,0.1,sell,4069.41,BTC-26APR19-4500-P,47.67,0.12300000000000001,0.1,1,1553920370689,16974162,43
2019-03-30 04:32:51.780,0.1,sell,4069.41,BTC-26APR19-4500-P,47.67,0.12300000000000001,0.1,1,1553920371780,16974163,44
2019-03-30 04:35:12.035,0.1,sell,4070.81,BTC-26APR19-4500-P,48.03,0.12300000000000001,0.1,1,1553920512035,16974194,45
2019-03-30 04:35:41.199,0.1,sell,4071.55,BTC-26APR19-4500-P,48.22,0.12300000000000001,0.1,1,1553920541199,16974209,46
2019-03-30 04:35:42.291,0.1,sell,4071.56,BTC-26APR19-4500-P,48.22,0.12300000000000001,0.1,1,1553920542291,16974210,47
2019-03-30 04:35:43.437,0.1,sell,4071.56,BTC-26APR19-4500-P,48.22,0.12300000000000001,0.1,1,1553920543437,16974211,48
2019-03-30 04:36:09.320,0.1,sell,4072.79,BTC-26APR19-4500-P,48.53,0.12300000000000001,0.1,1,1553920569320,16974246,49
2019-03-30 04:36:15.202,0.1,sell,4073.11,BTC-26APR19-4500-P,48.61,0.12300000000000001,0.1,1,1553920575202,16974249,50
2019-03-30 04:48:34.375,0.1,sell,4071.56,BTC-26APR19-4500-P,48.23,0.12300000000000001,0.1,1,1553921314375,16974455,51
2019-03-30 04:48:36.649,0.1,sell,4072.2,BTC-26APR19-4500-P,48.39,0.12300000000000001,0.1,1,1553921316649,16974472,52
2019-03-30 04:48:37.837,0.1,sell,4072.63,BTC-26APR19-4500-P,48.5,0.12300000000000001,0.1,1,1553921317837,16974476,53
2019-03-30 04:48:38.937,0.1,sell,4072.67,BTC-26APR19-4500-P,48.51,0.12300000000000001,0.1,1,1553921318937,16974486,54
2019-03-30 04:48:39.503,0.1,sell,4072.67,BTC-26APR19-4500-P,48.51,0.12300000000000001,0.1,1,1553921319503,16974488,55
2019-03-30 05:11:10.482,0.1,sell,4077.41,BTC-26APR19-4500-P,49.7,0.12300000000000001,0.1,1,1553922670482,16974718,56
2019-03-30 05:11:39.472,0.1,sell,4077.85,BTC-26APR19-4500-P,49.8,0.12300000000000001,0.1,1,1553922699472,16974726,57
2019-03-30 05:11:39.514,0.1,sell,4077.85,BTC-26APR19-4500-P,49.8,0.12300000000000001,0.1,1,1553922699514,16974727,58
2019-03-30 05:11:39.542,0.1,sell,4077.85,BTC-26APR19-4500-P,49.8,0.123,0.1,1,1553922699542,16974728,59
2019-03-30 05:12:56.281,0.1,sell,4080.02,BTC-26APR19-4500-P,50.33,0.123,0.1,1,1553922776281,16974739,60
2019-03-30 05:13:03.901,0.1,sell,4080.13,BTC-26APR19-4500-P,50.35,0.123,0.1,1,1553922783901,16974747,61
2019-03-30 05:13:05.030,0.1,sell,4080.13,BTC-26APR19-4500-P,50.35,0.123,0.1,1,1553922785030,16974748,62
2019-03-30 05:13:06.266,0.1,sell,4080.13,BTC-26APR19-4500-P,50.35,0.123,0.1,1,1553922786266,16974749,63
2019-03-30 05:13:07.419,0.1,sell,4080.18,BTC-26APR19-4500-P,50.37,0.123,0.1,1,1553922787419,16974750,64
2019-03-30 05:13:08.556,0.1,sell,4080.18,BTC-26APR19-4500-P,50.37,0.12300000000000001,0.1,1,1553922788556,16974751,65
2019-03-30 05:13:09.095,0.1,sell,4080.18,BTC-26APR19-4500-P,50.37,0.12300000000000001,0.1,1,1553922789095,16974752,66
2019-03-30 05:19:20.698,0.1,sell,4082.37,BTC-26APR19-4500-P,50.89,0.12300000000000001,0.1,1,1553923160698,16974880,67
2019-03-30 05:19:28.309,0.1,sell,4082.44,BTC-26APR19-4500-P,50.91,0.12300000000000001,0.1,1,1553923168309,16974885,68
2019-03-30 05:19:29.332,0.1,sell,4082.44,BTC-26APR19-4500-P,50.91,0.12300000000000001,0.1,1,1553923169332,16974886,69
2019-03-30 05:19:30.458,0.1,sell,4082.44,BTC-26APR19-4500-P,50.91,0.12300000000000001,0.1,1,1553923170458,16974887,70
2019-03-30 05:26:03.473,0.1,sell,4081.52,BTC-26APR19-4500-P,50.69,0.12300000000000001,0.1,1,1553923563473,16974899,71
2019-03-30 05:27:26.225,0.1,sell,4082.75,BTC-26APR19-4500-P,50.99,0.12300000000000001,0.1,1,1553923646225,16974900,72
2019-03-30 05:27:28.403,0.1,sell,4082.75,BTC-26APR19-4500-P,50.99,0.12300000000000001,0.1,1,1553923648403,16974901,73
2019-03-30 05:27:29.634,0.1,sell,4082.88,BTC-26APR19-4500-P,51.02,0.12300000000000001,0.1,1,1553923649634,16974902,74
2019-03-30 08:13:09.701,0.1,sell,4081.91,BTC-26APR19-4500-P,46.86,0.1195,0.1,2,1553933589701,16977084,75
2019-03-30 08:15:37.899,0.1,sell,4079.55,BTC-26APR19-4500-P,46.86,0.12,0.1,0,1553933737899,16977106,76
2019-03-31 17:11:44.899,0.1,sell,4087.97,BTC-26APR19-4500-P,45.42,0.11599999999999999,0.1,2,1554052304899,16990338,77
2019-03-31 18:18:23.852,0.1,sell,4090.61,BTC-26APR19-4500-P,45.55,0.1155,0.1,2,1554056303852,16990678,78
2019-03-31 19:30:33.017,0.1,sell,4094.06,BTC-26APR19-4500-P,45.89,0.115,0.1,2,1554060633017,16991440,79
2019-04-01 03:52:20.006,0.1,sell,4128.35,BTC-26APR19-4500-P,45.27,0.107,0.1,2,1554090740006,17000026,80
2019-04-01 12:15:19.440,0.1,sell,4117.33,BTC-26APR19-4500-P,48.23,0.1115,0.1,0,1554120919440,17004437,81
2019-04-01 15:08:56.307,0.1,sell,4135.68,BTC-26APR19-4500-P,48.64,0.10800000000000001,0.1,2,1554131336307,17007937,82
2019-04-02 04:31:59.144,1.0,sell,4196.12,BTC-26APR19-4500-P,51.11,0.098,1.0,2,1554179519144,17019073,83
2019-04-02 04:36:37.453,1.0,buy,4380.85,BTC-26APR19-4500-P,47.35,0.064,1.0,2,1554179797453,17026313,84
2019-04-02 04:38:20.292,4.6000000000000005,buy,4424.8,BTC-26APR19-4500-P,44.49,0.055,4.6000000000000005,2,1554179900292,17028178,85
2019-04-02 04:38:20.419,0.2,buy,4424.8,BTC-26APR19-4500-P,44.49,0.055,0.2,3,1554179900419,17028180,86
2019-04-02 04:38:26.929,6.8,buy,4425.09,BTC-26APR19-4500-P,43.55,0.054000000000000006,6.8,2,1554179906929,17028351,87
2019-04-02 04:38:35.446,4.3,buy,4431.42,BTC-26APR19-4500-P,44.86,0.0545,4.3,0,1554179915446,17028500,88
2019-04-02 04:47:29.759,0.3,buy,4459.9,BTC-26APR19-4500-P,49.9,0.055999999999999994,0.3,0,1554180449759,17033851,89
2019-04-02 04:49:55.809,1.0,sell,4543.4,BTC-26APR19-4500-P,53.57,0.05,1.0,2,1554180595809,17035362,90
2019-04-02 04:50:13.636,1.0,sell,4559.8,BTC-26APR19-4500-P,53.33,0.048,1.0,2,1554180613636,17035876,92
2019-04-02 04:50:13.636,1.0,sell,4559.8,BTC-26APR19-4500-P,53.83,0.0485,1.0,2,1554180613636,17035875,91
2019-04-02 05:02:02.365,0.1,buy,4702.56,BTC-26APR19-4500-P,49.46,0.031,0.1,2,1554181322365,17046027,93
2019-04-02 05:13:05.024,1.0,sell,4722.39,BTC-26APR19-4500-P,50.58,0.0305,1.0,2,1554181985024,17051294,94
2019-04-02 05:27:32.574,19.0,sell,4976.1,BTC-26APR19-4500-P,62.95,0.025,19.0,2,1554182852574,17064543,95
2019-04-02 05:46:07.569,19.0,buy,4833.92,BTC-26APR19-4500-P,62.76,0.0335,19.0,0,1554183967569,17072014,96
2019-04-02 05:46:56.550,19.0,sell,4839.39,BTC-26APR19-4500-P,64.87,0.035,19.0,0,1554184016550,17072139,97
2019-04-02 06:03:12.335,0.3,buy,4740.11,BTC-26APR19-4500-P,56.9,0.035,0.3,1,1554184992335,17076425,98
2019-04-02 06:48:41.815,2.0,buy,4692.08,BTC-26APR19-4500-P,62.23,0.044000000000000004,2.0,0,1554187721815,17086896,99
2019-04-02 07:02:23.779,0.5,buy,4711.14,BTC-26APR19-4500-P,60.82,0.040999999999999995,0.5,2,1554188543779,17089531,100
2019-04-02 10:40:37.155,0.8,buy,4768.94,BTC-26APR19-4500-P,57.33,0.033,0.8,2,1554201637155,17105143,101
2019-04-02 11:39:17.089,0.4,buy,4773.87,BTC-26APR19-4500-P,58.88,0.034,0.4,0,1554205157089,17107741,102
2019-04-02 12:17:39.980,7.4,sell,4786.76,BTC-26APR19-4500-P,57.74,0.032,7.4,2,1554207459980,17108448,103
2019-04-02 12:27:29.772,0.4,buy,4786.95,BTC-26APR19-4500-P,59.97,0.034,0.4,0,1554208049772,17108677,104
2019-04-02 12:50:12.774,2.0,sell,4797.02,BTC-26APR19-4500-P,59.14,0.0325,2.0,2,1554209412774,17110382,105
2019-04-02 12:53:43.824,10.0,sell,4800.65,BTC-26APR19-4500-P,59.43,0.0325,10.0,3,1554209623824,17110440,106
2019-04-02 12:56:56.471,1.0,sell,4809.63,BTC-26APR19-4500-P,60.14,0.0325,1.0,3,1554209816471,17110553,107
2019-04-02 12:57:36.772,0.4,sell,4814.58,BTC-26APR19-4500-P,60.53,0.0325,0.4,3,1554209856772,17110590,108
2019-04-02 13:12:31.442,2.4,sell,4794.93,BTC-26APR19-4500-P,58.99,0.0325,2.4,3,1554210751442,17111271,109
2019-04-02 13:12:46.754,0.2,sell,4793.19,BTC-26APR19-4500-P,58.85,0.0325,0.2,3,1554210766754,17111278,110
2019-04-02 13:16:12.956,2.0,buy,4790.86,BTC-26APR19-4500-P,59.23,0.033,2.0,0,1554210972956,17111456,111
2019-04-02 13:37:05.626,5.0,sell,4803.43,BTC-26APR19-4500-P,59.69,0.0325,5.0,2,1554212225626,17112187,112
2019-04-02 13:37:15.289,5.0,sell,4804.15,BTC-26APR19-4500-P,59.74,0.0325,5.0,3,1554212235289,17112189,113
2019-04-02 13:38:30.495,14.0,sell,4806.21,BTC-26APR19-4500-P,59.91,0.0325,14.0,3,1554212310495,17112218,114
2019-04-02 13:42:43.351,1.0,buy,4793.37,BTC-26APR19-4500-P,59.45,0.033,1.0,0,1554212563351,17112278,115
2019-04-02 14:09:53.738,4.0,buy,4744.1,BTC-26APR19-4500-P,55.48,0.033,4.0,1,1554214193738,17113660,116
2019-04-02 14:10:14.519,10.0,buy,4708.9,BTC-26APR19-4500-P,52.52,0.033,10.0,1,1554214214519,17114018,118
2019-04-02 14:10:14.519,3.0,buy,4708.9,BTC-26APR19-4500-P,52.52,0.033,3.0,1,1554214214519,17114017,117
2019-04-02 14:46:29.919,0.2,sell,4751.4,BTC-26APR19-4500-P,57.74,0.0345,0.2,0,1554216389919,17118964,119
2019-04-02 14:48:40.398,1.8,sell,4755.77,BTC-26APR19-4500-P,57.56,0.034,1.8,2,1554216520398,17119202,120
2019-04-02 15:31:18.601,1.9,sell,4738.76,BTC-26APR19-4500-P,59.41,0.037000000000000005,1.9,0,1554219078601,17121107,121
2019-04-02 15:47:37.884,0.1,buy,4736.19,BTC-26APR19-4500-P,59.74,0.0375,0.1,0,1554220057884,17121325,122
2019-04-02 17:18:16.962,0.4,buy,4732.37,BTC-26APR19-4500-P,58.42,0.0365,0.4,2,1554225496962,17123773,123
2019-04-02 17:19:08.665,0.4,buy,4732.12,BTC-26APR19-4500-P,58.94,0.037000000000000005,0.4,0,1554225548665,17123789,124
2019-04-02 20:50:02.877,0.2,buy,4805.88,BTC-26APR19-4500-P,59.7,0.032,0.2,2,1554238202877,17135407,125
2019-04-02 21:09:37.431,0.8,buy,4820.89,BTC-26APR19-4500-P,60.9,0.032,0.8,3,1554239377431,17137812,126
2019-04-02 21:59:14.155,0.3,buy,4790.96,BTC-26APR19-4500-P,58.57,0.032,0.3,3,1554242354155,17139646,127
2019-04-02 22:01:10.197,0.3,sell,4797.43,BTC-26APR19-4500-P,58.53,0.0315,0.3,2,1554242470197,17139908,128
2019-04-02 22:58:19.153,0.4,sell,4817.61,BTC-26APR19-4500-P,60.17,0.0315,0.4,3,1554245899153,17140987,129
2019-04-02 22:59:05.245,25.0,sell,4819.62,BTC-26APR19-4500-P,60.33,0.0315,25.0,3,1554245945245,17141008,130
2019-04-02 23:01:45.984,14.3,sell,4833.22,BTC-26APR19-4500-P,61.39,0.0315,14.3,3,1554246105984,17141331,131
2019-04-02 23:40:29.695,6.3,sell,4937.09,BTC-26APR19-4500-P,61.91,0.0255,6.3,2,1554248429695,17149564,132
2019-04-03 00:05:56.567,0.4,buy,4930.46,BTC-26APR19-4500-P,65.15,0.0285,0.4,0,1554249956567,17154312,133
2019-04-03 01:05:12.975,10.0,buy,4940.18,BTC-26APR19-4500-P,61.58,0.025,10.0,2,1554253512975,17163264,134
2019-04-03 02:27:55.206,1.0,sell,5035.35,BTC-26APR19-4500-P,70.04,0.0265,1.0,0,1554258475206,17169657,135
2019-04-03 02:54:39.045,3.0,sell,5052.41,BTC-26APR19-4500-P,69.9,0.0255,3.0,2,1554260079045,17173194,136
2019-04-03 03:30:53.216,0.2,sell,5035.26,BTC-26APR19-4500-P,68.15,0.025,0.2,2,1554262253216,17177720,137
2019-04-03 03:37:06.729,0.1,sell,5058.02,BTC-26APR19-4500-P,68.33,0.024,0.1,2,1554262626729,17178104,138
2019-04-03 04:14:03.157,6.0,sell,4992.18,BTC-26APR19-4500-P,67.23,0.0265,6.0,0,1554264843157,17181830,139
2019-04-03 04:51:05.903,0.7000000000000001,buy,4884.47,BTC-26APR19-4500-P,66.22,0.032,0.7000000000000001,0,1554267065903,17185763,140
2019-04-03 06:23:08.488,0.4,buy,4954.93,BTC-26APR19-4500-P,69.11,0.03,0.4,2,1554272588488,17189514,141
2019-04-03 07:02:12.442,0.4,buy,4981.62,BTC-26APR19-4500-P,69.81,0.028999999999999998,0.4,2,1554274932442,17190154,142
2019-04-03 09:41:57.337,0.4,buy,4961.14,BTC-26APR19-4500-P,69.76,0.03,0.4,0,1554284517337,17192979,143
2019-04-03 09:41:57.337,165.0,buy,4961.14,BTC-26APR19-4500-P,69.76,0.03,165.0,1,1554284517337,17192980,144
2019-04-03 09:41:57.337,2.0,buy,4961.14,BTC-26APR19-4500-P,69.76,0.03,2.0,1,1554284517337,17192981,145
2019-04-03 11:36:33.995,0.4,sell,4974.71,BTC-26APR19-4500-P,68.36,0.027999999999999997,0.4,2,1554291393995,17194542,146
2019-04-03 14:27:34.220,3.0,buy,5018.43,BTC-26APR19-4500-P,71.59,0.027999999999999997,3.0,3,1554301654220,17203005,147
2019-04-03 15:01:46.001,1.0,buy,4998.84,BTC-26APR19-4500-P,68.99,0.027000000000000003,1.0,2,1554303706001,17204389,148
2019-04-03 15:52:52.983,0.8,sell,5005.82,BTC-26APR19-4500-P,68.89,0.0265,0.8,2,1554306772983,17205367,149
2019-04-03 18:17:57.980,0.1,sell,5133.0,BTC-26APR19-4500-P,69.84,0.021,0.1,2,1554315477980,17221876,150
2019-04-03 18:22:24.735,0.4,sell,5142.01,BTC-26APR19-4500-P,69.68,0.0205,0.4,2,1554315744735,17221996,151
2019-04-03 21:06:49.393,0.1,buy,5320.76,BTC-26APR19-4500-P,81.24,0.021,0.1,0,1554325609393,17239298,152
2019-04-03 21:13:53.214,0.2,buy,5314.47,BTC-26APR19-4500-P,80.88,0.021,0.2,1,1554326033214,17240215,153
2019-04-03 23:06:17.481,10.0,buy,4884.89,BTC-26APR19-4500-P,72.11,0.036000000000000004,10.0,0,1554332777481,17262197,154
2019-04-03 23:06:35.560,0.1,buy,4860.43,BTC-26APR19-4500-P,73.65,0.039,0.1,0,1554332795560,17262942,155
2019-04-03 23:06:35.602,0.1,buy,4860.43,BTC-26APR19-4500-P,73.65,0.039,0.1,1,1554332795602,17262943,156
2019-04-03 23:06:35.639,0.1,buy,4860.43,BTC-26APR19-4500-P,73.65,0.039,0.1,1,1554332795639,17262944,157
2019-04-03 23:06:35.689,0.1,buy,4860.43,BTC-26APR19-4500-P,73.65,0.039,0.1,1,1554332795689,17262948,158
2019-04-03 23:06:35.796,0.1,buy,4860.43,BTC-26APR19-4500-P,73.65,0.039,0.1,1,1554332795796,17263005,159
2019-04-03 23:06:37.257,0.8,buy,4855.18,BTC-26APR19-4500-P,73.22,0.039,0.8,1,1554332797257,17263083,160
2019-04-03 23:06:37.458,0.1,buy,4855.18,BTC-26APR19-4500-P,73.22,0.039,0.1,1,1554332797458,17263097,161
2019-04-04 00:09:59.876,5.0,sell,4959.56,BTC-26APR19-4500-P,79.78,0.0375,5.0,2,1554336599876,17279432,162
2019-04-04 01:22:42.455,1.6,buy,5047.0,BTC-26APR19-4500-P,82.66,0.0345,1.6,2,1554340962455,17283381,163
2019-04-04 02:55:09.096,1.0,buy,5017.31,BTC-26APR19-4500-P,74.92,0.03,1.0,2,1554346509096,17288324,164
2019-04-04 03:26:20.629,0.5,sell,4991.65,BTC-26APR19-4500-P,77.53,0.0335,0.5,0,1554348380629,17289199,165
2019-04-04 14:46:38.399,1.0,buy,4995.9,BTC-26APR19-4500-P,72.94,0.028999999999999998,1.0,2,1554389198399,17310999,166
2019-04-04 15:27:21.555,1.0,sell,4980.48,BTC-26APR19-4500-P,71.23,0.0285,1.0,2,1554391641555,17311844,167
2019-04-04 15:27:25.759,0.2,buy,4980.76,BTC-26APR19-4500-P,71.25,0.0285,0.2,3,1554391645759,17311845,168
2019-04-04 15:29:06.368,1.0,buy,4969.79,BTC-26APR19-4500-P,71.73,0.0295,1.0,0,1554391746368,17311926,169
2019-04-04 15:32:22.644,1.0,sell,4971.42,BTC-26APR19-4500-P,75.02,0.032,1.0,0,1554391942644,17312309,170
2019-04-04 15:54:16.894,1.0,sell,4991.71,BTC-26APR19-4500-P,72.07,0.0285,1.0,2,1554393256894,17312776,171
2019-04-04 15:54:18.568,4.0,sell,4991.74,BTC-26APR19-4500-P,72.07,0.0285,4.0,3,1554393258568,17312780,172
2019-04-05 11:00:05.675,2.5,sell,4962.71,BTC-26APR19-4500-P,69.98,0.0275,2.5,2,1554462005675,17358392,173
2019-04-05 11:16:09.883,1.0,buy,4971.0,BTC-26APR19-4500-P,73.88,0.03,1.0,0,1554462969883,17358532,174
2019-04-05 11:33:22.288,3.5,sell,5012.4,BTC-26APR19-4500-P,73.64,0.0275,3.5,2,1554464002288,17359329,175
2019-04-05 17:37:31.653,1.0,buy,5002.46,BTC-26APR19-4500-P,72.03,0.0265,1.0,2,1554485851653,17375668,176
2019-04-06 01:47:54.423,0.1,buy,4993.12,BTC-26APR19-4500-P,73.97,0.028,0.1,0,1554515274423,17387837,177
2019-04-06 13:21:34.718,1.0,sell,5029.03,BTC-26APR19-4500-P,68.33,0.0215,1.0,2,1554556894718,17394499,178
2019-04-06 20:23:04.812,0.1,buy,5167.05,BTC-26APR19-4500-P,71.79,0.0175,0.1,2,1554582184812,17421572,179
2019-04-06 21:03:39.697,1.0,buy,5004.69,BTC-26APR19-4500-P,74.97,0.027000000000000003,1.0,0,1554584619697,17426462,180
2019-04-06 21:03:44.458,1.0,buy,5003.02,BTC-26APR19-4500-P,76.23,0.027999999999999997,1.0,0,1554584624458,17426538,181
2019-04-06 21:06:49.613,1.0,buy,4975.74,BTC-26APR19-4500-P,73.49,0.0275,1.0,2,1554584809613,17428008,182
2019-04-06 21:07:44.089,1.0,buy,4920.14,BTC-26APR19-4500-P,75.77,0.0325,1.0,0,1554584864089,17429171,183
2019-04-07 20:28:37.871,0.1,buy,5158.36,BTC-26APR19-4500-P,73.99,0.018000000000000002,0.1,2,1554668917871,17479528,184
2019-04-07 22:26:10.547,0.4,sell,5183.51,BTC-26APR19-4500-P,72.34,0.016,0.4,2,1554675970547,17483437,185
2019-04-07 22:53:05.891,4.5,sell,5189.38,BTC-26APR19-4500-P,74.49,0.017,4.5,0,1554677585891,17490128,186
2019-04-08 01:11:10.350,3.0,sell,5313.65,BTC-26APR19-4500-P,74.83,0.013,3.0,2,1554685870350,17500913,187
2019-04-08 06:55:38.400,4.0,buy,5275.89,BTC-26APR19-4500-P,76.97,0.015,4.0,0,1554706538400,17516217,188
2019-04-08 14:38:21.904,1.0,sell,5224.61,BTC-26APR19-4500-P,70.68,0.013000000000000001,1.0,2,1554734301904,17532971,189
2019-04-08 20:47:51.017,0.8,sell,5261.65,BTC-26APR19-4500-P,76.39,0.0145,0.8,0,1554756471017,17542121,190
2019-04-08 21:35:02.986,0.1,buy,5262.1,BTC-26APR19-4500-P,73.55,0.013000000000000001,0.1,2,1554759302986,17544228,191
2019-04-08 21:43:14.989,0.9,buy,5258.94,BTC-26APR19-4500-P,73.37,0.013000000000000001,0.9,3,1554759794989,17544260,192
2019-04-08 22:18:04.066,1.0,buy,5280.29,BTC-26APR19-4500-P,76.7,0.013999999999999999,1.0,0,1554761884066,17545629,193
2019-04-09 10:05:36.770,10.0,buy,5190.04,BTC-26APR19-4500-P,75.88,0.016,10.0,0,1554804336770,17568310,194
2019-04-09 11:54:09.391,0.3,sell,5202.81,BTC-26APR19-4500-P,73.11,0.013999999999999999,0.3,2,1554810849391,17572107,195
2019-04-09 13:00:10.502,0.2,sell,5191.08,BTC-26APR19-4500-P,71.49,0.0135,0.2,2,1554814810502,17573230,196
2019-04-09 14:02:05.684,0.2,buy,5208.81,BTC-26APR19-4500-P,72.71,0.0135,0.2,3,1554818525684,17575641,197
2019-04-09 15:35:59.022,3.2,buy,5216.76,BTC-26APR19-4500-P,72.36,0.013000000000000001,3.2,2,1554824159022,17577613,198
2019-04-09 15:57:27.448,4.0,buy,5209.98,BTC-26APR19-4500-P,73.94,0.013999999999999999,4.0,0,1554825447448,17577754,199
2019-04-09 22:41:38.859,1.0,sell,5189.64,BTC-26APR19-4500-P,65.06,0.01,1.0,2,1554849698859,17583877,200
2019-04-10 06:18:17.575,2.0,buy,5269.57,BTC-26APR19-4500-P,71.66,0.0105,2.0,0,1554877097575,17593594,201
2019-04-10 08:45:32.535,0.3,sell,5241.43,BTC-26APR19-4500-P,66.76,0.009000000000000001,0.3,2,1554885932535,17595653,202
2019-04-10 11:17:39.172,0.4,sell,5248.02,BTC-26APR19-4500-P,63.69,0.0075,0.4,2,1554895059172,17597161,203
