date_utc,amount,direction,indexPrice,instrument,iv,price,quantity,tickDirection,timeStamp,tradeId,tradeSeq
2019-02-14 01:34:36.267,1.0,sell,3582.72,BTC-29MAR19-4250-C,54.75,0.0195,1.0,2,1550108076267,15351990,240
2019-02-14 05:03:02.993,0.4,sell,3581.74,BTC-29MAR19-4250-C,55.27,0.02,0.4,0,1550120582993,15354707,241
2019-02-14 06:02:54.803,0.4,sell,3574.14,BTC-29MAR19-4250-C,54.78,0.019,0.4,2,1550124174803,15355655,242
2019-02-14 10:13:05.547,1.0,sell,3564.42,BTC-29MAR19-4250-C,54.33,0.018000000000000002,1.0,2,1550139185547,15360021,243
2019-02-14 12:37:00.456,7.0,buy,3560.12,BTC-29MAR19-4250-C,56.44,0.0195,7.0,0,1550147820456,15367552,244
2019-02-14 12:42:17.148,5.0,sell,3561.28,BTC-29MAR19-4250-C,55.2,0.0185,5.0,2,1550148137148,15367668,245
2019-02-14 12:43:31.297,5.0,sell,3560.54,BTC-29MAR19-4250-C,55.27,0.0185,5.0,3,1550148211297,15367714,246
2019-02-14 22:49:11.866,0.1,sell,3565.36,BTC-29MAR19-4250-C,54.92,0.018000000000000002,0.1,2,1550184551866,15375276,247
2019-02-15 03:19:43.569,10.0,buy,3575.87,BTC-29MAR19-4250-C,54.72,0.0185,10.0,0,1550200783569,15377762,248
2019-02-15 03:27:13.826,0.3,sell,3574.78,BTC-29MAR19-4250-C,54.86,0.0185,0.3,1,1550201233826,15377847,249
2019-02-15 03:36:20.947,0.3,sell,3574.24,BTC-29MAR19-4250-C,54.92,0.0185,0.3,1,1550201780947,15377877,250
2019-02-15 03:41:29.549,0.3,sell,3573.4,BTC-29MAR19-4250-C,54.98,0.0185,0.3,1,1550202089549,15377916,251
2019-02-15 03:45:22.094,0.3,sell,3573.46,BTC-29MAR19-4250-C,54.99,0.0185,0.3,1,1550202322094,15377923,252
2019-02-15 03:46:34.156,0.3,sell,3573.85,BTC-29MAR19-4250-C,54.99,0.0185,0.3,1,1550202394156,15377948,253
2019-02-15 04:02:59.967,0.3,sell,3575.15,BTC-29MAR19-4250-C,54.77,0.0185,0.3,1,1550203379967,15378517,254
2019-02-15 05:31:41.621,0.2,sell,3577.45,BTC-29MAR19-4250-C,54.79,0.0185,0.2,1,1550208701621,15380449,255
2019-02-15 06:03:39.125,0.3,sell,3575.23,BTC-29MAR19-4250-C,54.85,0.0185,0.3,1,1550210619125,15380730,256
2019-02-15 06:04:20.013,0.4,sell,3575.37,BTC-29MAR19-4250-C,54.85,0.0185,0.4,1,1550210660013,15380736,257
2019-02-15 06:04:31.795,0.2,sell,3575.58,BTC-29MAR19-4250-C,54.84,0.0185,0.2,1,1550210671795,15380741,258
2019-02-15 07:10:21.921,7.1000000000000005,sell,3570.95,BTC-29MAR19-4250-C,54.89,0.0185,7.1000000000000005,1,1550214621921,15381793,259
2019-02-15 11:57:06.660,0.5,sell,3573.44,BTC-29MAR19-4250-C,53.33,0.017,0.5,2,1550231826660,15386652,260
2019-02-15 14:20:59.558,0.1,sell,3597.21,BTC-29MAR19-4250-C,53.54,0.0185,0.1,0,1550240459558,15391006,261
2019-02-15 14:40:54.904,0.4,sell,3565.27,BTC-29MAR19-4250-C,54.4,0.0175,0.4,2,1550241654904,15395527,262
2019-02-15 15:35:25.639,0.2,buy,3550.18,BTC-29MAR19-4250-C,54.82,0.017,0.2,2,1550244925639,15398971,263
2019-02-15 15:35:33.018,0.2,buy,3550.32,BTC-29MAR19-4250-C,54.82,0.017,0.2,3,1550244933018,15398980,264
2019-02-15 15:36:25.211,0.2,buy,3550.27,BTC-29MAR19-4250-C,54.84,0.017,0.2,3,1550244985211,15399024,265
2019-02-15 16:00:49.816,1.8,sell,3557.43,BTC-29MAR19-4250-C,54.36,0.017,1.8,3,1550246449816,15399784,266
2019-02-15 16:57:39.563,1.0,sell,3560.47,BTC-29MAR19-4250-C,54.33,0.017,1.0,3,1550249859563,15400290,267
2019-02-15 17:27:03.224,0.2,buy,3565.46,BTC-29MAR19-4250-C,54.0,0.017,0.2,3,1550251623224,15400601,268
2019-02-15 17:29:44.532,0.3,sell,3566.38,BTC-29MAR19-4250-C,53.96,0.017,0.3,3,1550251784532,15400682,269
2019-02-15 19:04:33.973,0.2,buy,3567.99,BTC-29MAR19-4250-C,53.94,0.017,0.2,3,1550257473973,15401208,270
2019-02-15 19:05:04.019,0.2,buy,3567.99,BTC-29MAR19-4250-C,53.94,0.017,0.2,3,1550257504019,15401228,271
2019-02-15 19:38:56.552,10.0,sell,3568.49,BTC-29MAR19-4250-C,54.01,0.017,10.0,3,1550259536552,15401592,272
2019-02-16 02:58:19.401,5.0,buy,3581.06,BTC-29MAR19-4250-C,55.54,0.019,5.0,0,1550285899401,15405403,273
2019-02-16 17:29:52.312,0.4,sell,3589.13,BTC-29MAR19-4250-C,54.54,0.0185,0.4,2,1550338192312,15421830,274
2019-02-16 21:31:11.225,3.0,buy,3593.67,BTC-29MAR19-4250-C,54.51,0.0185,3.0,3,1550352671225,15423081,275
2019-02-17 12:43:22.406,0.3,buy,3572.44,BTC-29MAR19-4250-C,55.52,0.018000000000000002,0.3,2,1550407402406,15445772,276
2019-02-17 14:10:58.759,0.2,sell,3573.98,BTC-29MAR19-4250-C,53.15,0.016,0.2,2,1550412658759,15448508,277
2019-02-17 14:10:58.759,0.8,sell,3573.98,BTC-29MAR19-4250-C,53.15,0.016,0.8,3,1550412658759,15448509,278
2019-02-17 21:38:32.902,0.1,buy,3596.93,BTC-29MAR19-4250-C,53.59,0.017,0.1,0,1550439512902,15453752,279
2019-02-17 23:25:26.996,1.0,sell,3607.68,BTC-29MAR19-4250-C,52.97,0.017,1.0,1,1550445926996,15457496,280
2019-02-17 23:37:11.179,1.2,buy,3626.9,BTC-29MAR19-4250-C,54.64,0.0195,1.2,1,1550446631179,15458928,282
2019-02-17 23:37:11.179,3.8,buy,3626.9,BTC-29MAR19-4250-C,54.64,0.0195,3.8,0,1550446631179,15458927,281
2019-02-18 01:07:53.579,0.7000000000000001,buy,3711.65,BTC-29MAR19-4250-C,54.72,0.0255,0.7000000000000001,0,1550452073579,15470012,283
2019-02-18 01:08:03.648,0.4,buy,3728.18,BTC-29MAR19-4250-C,53.92,0.026000000000000002,0.4,0,1550452083648,15470389,284
2019-02-18 01:16:41.510,5.0,sell,3642.62,BTC-29MAR19-4250-C,52.95,0.019,5.0,2,1550452601510,15476542,285
2019-02-18 02:05:26.966,0.8,sell,3644.35,BTC-29MAR19-4250-C,53.05,0.019,0.8,3,1550455526966,15481492,287
2019-02-18 02:05:26.966,0.2,sell,3644.35,BTC-29MAR19-4250-C,53.05,0.019,0.2,3,1550455526966,15481491,286
2019-02-18 02:50:34.181,0.4,buy,3665.91,BTC-29MAR19-4250-C,54.69,0.022000000000000002,0.4,0,1550458234181,15484093,289
2019-02-18 02:50:34.181,0.2,buy,3665.91,BTC-29MAR19-4250-C,53.68,0.021,0.2,0,1550458234181,15484092,288
2019-02-18 03:10:54.258,0.2,buy,3685.76,BTC-29MAR19-4250-C,54.18,0.0225,0.2,0,1550459454258,15486684,290
2019-02-18 04:23:54.957,3.2,buy,3672.39,BTC-29MAR19-4250-C,55.0,0.0225,3.2,1,1550463834957,15490738,291
2019-02-18 04:50:40.761,10.0,buy,3673.88,BTC-29MAR19-4250-C,55.02,0.0225,10.0,1,1550465440761,15491608,292
2019-02-18 05:40:18.993,0.9,buy,3664.79,BTC-29MAR19-4250-C,54.57,0.0215,0.9,2,1550468418993,15493267,293
2019-02-18 05:40:29.938,0.7000000000000001,buy,3664.77,BTC-29MAR19-4250-C,54.58,0.0215,0.7000000000000001,3,1550468429938,15493276,294
2019-02-18 06:19:43.556,0.3,buy,3684.45,BTC-29MAR19-4250-C,53.67,0.0215,0.3,3,1550470783556,15494663,295
2019-02-18 06:21:50.588,0.4,buy,3687.39,BTC-29MAR19-4250-C,53.47,0.0215,0.4,3,1550470910588,15494886,296
2019-02-18 06:26:59.379,0.4,buy,3692.98,BTC-29MAR19-4250-C,53.11,0.0215,0.4,3,1550471219379,15495274,297
2019-02-18 06:27:35.509,0.6,buy,3694.55,BTC-29MAR19-4250-C,52.99,0.0215,0.6,3,1550471255509,15495342,298
2019-02-18 06:27:36.281,0.8,buy,3694.55,BTC-29MAR19-4250-C,52.99,0.0215,0.8,3,1550471256281,15495345,299
2019-02-18 06:29:15.491,0.3,buy,3695.57,BTC-29MAR19-4250-C,52.99,0.0215,0.3,3,1550471355491,15495638,300
2019-02-18 06:35:09.618,0.3,buy,3690.23,BTC-29MAR19-4250-C,53.27,0.0215,0.3,3,1550471709618,15496145,301
2019-02-18 06:37:53.175,0.4,buy,3695.58,BTC-29MAR19-4250-C,53.07,0.0215,0.4,3,1550471873175,15496207,302
2019-02-18 06:38:41.718,0.4,buy,3695.46,BTC-29MAR19-4250-C,53.09,0.0215,0.4,3,1550471921718,15496240,303
2019-02-18 06:40:56.022,0.5,buy,3694.86,BTC-29MAR19-4250-C,53.18,0.0215,0.5,3,1550472056022,15496323,304
2019-02-18 06:43:06.819,0.3,buy,3696.98,BTC-29MAR19-4250-C,52.99,0.0215,0.3,3,1550472186819,15496398,305
2019-02-18 06:46:19.706,0.5,buy,3694.41,BTC-29MAR19-4250-C,53.17,0.0215,0.5,3,1550472379706,15496549,306
2019-02-18 06:54:18.815,0.4,buy,3693.34,BTC-29MAR19-4250-C,53.13,0.0215,0.4,3,1550472858815,15496816,307
2019-02-18 06:54:28.427,0.6,buy,3693.34,BTC-29MAR19-4250-C,53.12,0.0215,0.6,3,1550472868427,15496819,308
2019-02-18 06:54:34.222,0.5,buy,3693.34,BTC-29MAR19-4250-C,53.12,0.0215,0.5,3,1550472874222,15496825,309
2019-02-18 06:54:44.293,0.6,buy,3693.44,BTC-29MAR19-4250-C,53.11,0.0215,0.6,3,1550472884293,15496833,310
2019-02-18 06:55:15.935,0.6,buy,3695.38,BTC-29MAR19-4250-C,53.03,0.0215,0.6,3,1550472915935,15496855,311
2019-02-18 06:55:21.862,0.5,buy,3696.07,BTC-29MAR19-4250-C,53.02,0.0215,0.5,3,1550472921862,15496868,312
2019-02-18 07:34:05.286,3.0,buy,3703.14,BTC-29MAR19-4250-C,54.3,0.0235,3.0,0,1550475245286,15503477,313
2019-02-18 07:37:42.748,1.0,buy,3699.95,BTC-29MAR19-4250-C,54.46,0.0235,1.0,1,1550475462748,15503647,314
2019-02-18 07:51:13.940,0.2,buy,3694.58,BTC-29MAR19-4250-C,54.28,0.023,0.2,2,1550476273940,15504150,315
2019-02-18 08:07:36.466,0.7000000000000001,buy,3691.29,BTC-29MAR19-4250-C,54.91,0.0235,0.7000000000000001,0,1550477256466,15504783,316
2019-02-18 08:08:38.768,4.0,sell,3691.91,BTC-29MAR19-4250-C,52.95,0.0215,4.0,2,1550477318768,15504825,317
2019-02-18 09:34:29.831,1.0,sell,3703.47,BTC-29MAR19-4250-C,52.92,0.022000000000000002,1.0,0,1550482469831,15507313,318
2019-02-18 12:06:19.052,1.3,sell,3696.39,BTC-29MAR19-4250-C,52.82,0.0215,1.3,3,1550491579052,15514442,320
2019-02-18 12:06:19.052,1.7,sell,3696.39,BTC-29MAR19-4250-C,52.82,0.0215,1.7,2,1550491579052,15514441,319
2019-02-18 12:34:20.089,1.0,buy,3709.89,BTC-29MAR19-4250-C,55.02,0.0245,1.0,0,1550493260089,15515973,321
2019-02-18 12:41:30.013,0.3,buy,3714.76,BTC-29MAR19-4250-C,55.17,0.025,0.3,0,1550493690013,15516828,322
2019-02-18 13:22:06.850,3.0,buy,3744.63,BTC-29MAR19-4250-C,53.08,0.0245,3.0,2,1550496126850,15522728,323
2019-02-18 13:30:12.410,0.3,buy,3773.75,BTC-29MAR19-4250-C,53.81,0.027000000000000003,0.3,0,1550496612410,15526277,324
2019-02-18 13:32:23.997,0.4,buy,3775.62,BTC-29MAR19-4250-C,54.06,0.0275,0.4,0,1550496743997,15527069,325
2019-02-18 13:32:57.636,0.2,buy,3775.64,BTC-29MAR19-4250-C,54.05,0.0275,0.2,1,1550496777636,15527248,326
2019-02-18 13:42:10.978,0.2,buy,3786.77,BTC-29MAR19-4250-C,53.55,0.0275,0.2,1,1550497330978,15529905,327
2019-02-18 13:46:57.341,0.2,buy,3790.21,BTC-29MAR19-4250-C,54.08,0.0285,0.2,0,1550497617341,15531728,328
2019-02-18 13:51:32.454,0.6,buy,3799.42,BTC-29MAR19-4250-C,53.69,0.0285,0.6,1,1550497892454,15533063,329
2019-02-18 14:39:27.406,0.3,buy,3806.63,BTC-29MAR19-4250-C,54.32,0.03,0.3,0,1550500767406,15542461,330
2019-02-18 14:50:00.824,0.2,sell,3801.19,BTC-29MAR19-4250-C,53.31,0.0285,0.2,2,1550501400824,15543293,331
2019-02-18 15:02:52.574,0.1,sell,3792.7,BTC-29MAR19-4250-C,54.23,0.028999999999999998,0.1,0,1550502172574,15544080,332
2019-02-18 15:03:32.791,0.3,sell,3792.01,BTC-29MAR19-4250-C,53.91,0.0285,0.3,2,1550502212791,15544178,333
2019-02-18 16:23:16.789,0.3,sell,3847.84,BTC-29MAR19-4250-C,51.7,0.03,0.3,0,1550506996789,15551078,334
2019-02-18 16:23:35.335,0.2,buy,3850.38,BTC-29MAR19-4250-C,51.98,0.0305,0.2,0,1550507015335,15551192,335
2019-02-18 16:24:11.337,0.5,buy,3862.6,BTC-29MAR19-4250-C,51.99,0.0315,0.5,0,1550507051337,15551710,336
2019-02-18 16:29:02.734,0.9,buy,3865.68,BTC-29MAR19-4250-C,52.4,0.032,0.9,0,1550507342734,15553960,337
2019-02-18 16:35:46.648,0.5,buy,3903.5,BTC-29MAR19-4250-C,52.84,0.0355,0.5,0,1550507746648,15557555,338
2019-02-18 17:02:34.481,5.0,buy,3851.19,BTC-29MAR19-4250-C,54.0,0.033,5.0,2,1550509354481,15566238,339
2019-02-18 17:02:34.481,0.2,buy,3851.19,BTC-29MAR19-4250-C,54.0,0.033,0.2,3,1550509354481,15566239,340
2019-02-18 17:02:34.489,5.3,sell,3851.19,BTC-29MAR19-4250-C,54.0,0.033,5.3,3,1550509354489,15566240,341
2019-02-18 22:06:29.382,0.6,sell,3840.48,BTC-29MAR19-4250-C,55.62,0.034,0.6,0,1550527589382,15582629,342
2019-02-18 22:09:51.538,0.3,sell,3846.43,BTC-29MAR19-4250-C,55.67,0.0345,0.3,0,1550527791538,15583160,343
2019-02-18 22:10:33.387,0.3,sell,3845.19,BTC-29MAR19-4250-C,54.52,0.033,0.3,2,1550527833387,15583234,345
2019-02-18 22:10:33.387,0.2,sell,3845.19,BTC-29MAR19-4250-C,55.38,0.034,0.2,2,1550527833387,15583233,344
2019-02-18 22:21:21.042,0.2,sell,3856.83,BTC-29MAR19-4250-C,56.25,0.036000000000000004,0.2,0,1550528481042,15583958,346
2019-02-18 22:21:21.042,0.1,sell,3856.83,BTC-29MAR19-4250-C,55.82,0.0355,0.1,2,1550528481042,15583959,347
2019-02-18 22:24:40.015,0.3,buy,3856.39,BTC-29MAR19-4250-C,56.74,0.0365,0.3,0,1550528680015,15584121,348
2019-02-18 22:24:40.260,0.3,buy,3856.39,BTC-29MAR19-4250-C,56.74,0.0365,0.3,1,1550528680260,15584123,349
2019-02-18 22:25:25.997,0.3,buy,3855.87,BTC-29MAR19-4250-C,56.81,0.0365,0.3,1,1550528725997,15584143,350
2019-02-18 22:26:41.102,0.3,buy,3853.59,BTC-29MAR19-4250-C,57.02,0.0365,0.3,1,1550528801102,15584224,351
2019-02-18 23:08:18.051,1.0,buy,3871.51,BTC-29MAR19-4250-C,56.28,0.037000000000000005,1.0,0,1550531298051,15585440,352
2019-02-18 23:09:56.687,0.2,buy,3870.46,BTC-29MAR19-4250-C,56.73,0.0375,0.2,0,1550531396687,15585549,353
2019-02-18 23:10:00.967,0.2,buy,3870.46,BTC-29MAR19-4250-C,57.15,0.038,0.2,0,1550531400967,15585550,354
2019-02-18 23:10:02.021,0.2,buy,3870.46,BTC-29MAR19-4250-C,57.15,0.038,0.2,1,1550531402021,15585552,355
2019-02-18 23:10:03.099,0.2,buy,3870.46,BTC-29MAR19-4250-C,57.15,0.038,0.2,1,1550531403099,15585555,356
2019-02-18 23:10:04.225,0.2,buy,3869.65,BTC-29MAR19-4250-C,57.21,0.038,0.2,1,1550531404225,15585560,357
2019-02-18 23:10:05.325,0.2,buy,3869.58,BTC-29MAR19-4250-C,57.21,0.038,0.2,1,1550531405325,15585561,358
2019-02-18 23:10:06.309,0.2,buy,3869.58,BTC-29MAR19-4250-C,57.21,0.038,0.2,1,1550531406309,15585562,359
2019-02-18 23:17:29.628,0.1,sell,3870.27,BTC-29MAR19-4250-C,56.77,0.0375,0.1,2,1550531849628,15585852,361
2019-02-18 23:17:29.628,0.2,sell,3870.27,BTC-29MAR19-4250-C,58.04,0.039,0.2,0,1550531849628,15585851,360
2019-02-18 23:39:58.668,0.2,sell,3869.16,BTC-29MAR19-4250-C,57.15,0.038,0.2,0,1550533198668,15586729,362
2019-02-18 23:39:58.668,0.1,sell,3869.16,BTC-29MAR19-4250-C,56.73,0.0375,0.1,2,1550533198668,15586730,363
2019-02-19 00:20:57.892,1.0,buy,3905.14,BTC-29MAR19-4250-C,58.91,0.0435,1.0,0,1550535657892,15589707,364
2019-02-19 00:38:28.292,0.2,buy,3933.64,BTC-29MAR19-4250-C,58.61,0.0455,0.2,0,1550536708292,15592206,365
2019-02-19 00:38:28.444,0.8,buy,3933.64,BTC-29MAR19-4250-C,59.01,0.046,0.8,0,1550536708444,15592208,366
2019-02-19 00:38:35.600,1.0,buy,3936.1,BTC-29MAR19-4250-C,59.19,0.0465,1.0,0,1550536715600,15592317,367
2019-02-19 00:38:43.268,1.0,buy,3938.9,BTC-29MAR19-4250-C,59.37,0.047,1.0,0,1550536723268,15592418,368
2019-02-19 00:41:06.824,0.3,buy,3934.62,BTC-29MAR19-4250-C,59.59,0.047,0.3,1,1550536866824,15593661,369
2019-02-19 00:41:20.968,0.3,buy,3935.52,BTC-29MAR19-4250-C,59.58,0.047,0.3,1,1550536880968,15593695,370
2019-02-19 00:43:51.990,8.0,buy,3944.58,BTC-29MAR19-4250-C,59.95,0.048,8.0,0,1550537031990,15594298,371
2019-02-19 00:54:20.656,1.0,buy,3932.28,BTC-29MAR19-4250-C,59.91,0.047,1.0,2,1550537660656,15596500,372
2019-02-19 04:01:59.999,0.5,sell,3866.81,BTC-29MAR19-4250-C,60.28,0.042,0.5,2,1550548919999,15607693,373
2019-02-19 05:24:39.369,0.1,sell,3874.84,BTC-29MAR19-4250-C,58.68,0.040999999999999995,0.1,2,1550553879369,15609861,374
2019-02-19 07:41:42.800,0.2,sell,3884.23,BTC-29MAR19-4250-C,59.84,0.043,0.2,0,1550562102800,15613768,375
2019-02-19 07:41:42.960,1.1,sell,3884.23,BTC-29MAR19-4250-C,58.18,0.040999999999999995,1.1,2,1550562102960,15613769,376
2019-02-19 08:13:19.690,0.2,buy,3880.71,BTC-29MAR19-4250-C,58.15,0.0405,0.2,2,1550563999690,15614855,377
2019-02-19 08:14:03.220,1.3,sell,3880.88,BTC-29MAR19-4250-C,57.72,0.04,1.3,2,1550564043220,15614873,379
2019-02-19 08:14:03.220,0.2,sell,3880.88,BTC-29MAR19-4250-C,58.13,0.0405,0.2,3,1550564043220,15614872,378
2019-02-19 08:14:57.444,0.6,sell,3880.61,BTC-29MAR19-4250-C,57.73,0.04,0.6,3,1550564097444,15614882,380
2019-02-19 09:34:25.635,0.5,sell,3876.31,BTC-29MAR19-4250-C,59.54,0.042,0.5,0,1550568865635,15616273,381
2019-02-19 09:34:46.713,0.5,sell,3870.99,BTC-29MAR19-4250-C,60.01,0.042,0.5,1,1550568886713,15616397,382
2019-02-19 10:36:40.572,0.2,buy,3852.73,BTC-29MAR19-4250-C,59.2,0.04,0.2,2,1550572600572,15619405,383
2019-02-19 10:47:32.694,0.3,sell,3865.28,BTC-29MAR19-4250-C,59.18,0.040999999999999995,0.3,0,1550573252694,15619729,384
2019-02-19 10:47:43.745,0.3,sell,3866.48,BTC-29MAR19-4250-C,59.19,0.040999999999999995,0.3,1,1550573263745,15619737,385
2019-02-19 11:15:15.629,0.5,sell,3870.94,BTC-29MAR19-4250-C,60.08,0.0425,0.5,0,1550574915629,15620388,386
2019-02-19 11:39:26.896,4.8,sell,3864.64,BTC-29MAR19-4250-C,60.51,0.0425,4.8,1,1550576366896,15620971,388
2019-02-19 11:39:26.896,0.2,sell,3864.64,BTC-29MAR19-4250-C,60.51,0.0425,0.2,1,1550576366896,15620970,387
2019-02-19 11:41:28.928,5.0,sell,3867.0,BTC-29MAR19-4250-C,60.51,0.0425,5.0,1,1550576488928,15620993,389
2019-02-19 12:06:22.285,0.7000000000000001,sell,3881.11,BTC-29MAR19-4250-C,60.5,0.044000000000000004,0.7000000000000001,0,1550577982285,15621745,390
2019-02-19 12:18:41.576,0.2,buy,3889.32,BTC-29MAR19-4250-C,59.8,0.0435,0.2,2,1550578721576,15622126,391
2019-02-19 12:19:58.781,0.2,buy,3889.56,BTC-29MAR19-4250-C,60.02,0.044000000000000004,0.2,0,1550578798781,15622325,392
2019-02-19 12:20:18.799,0.2,buy,3890.54,BTC-29MAR19-4250-C,60.37,0.0445,0.2,0,1550578818799,15622342,393
2019-02-19 12:21:06.584,0.2,buy,3893.91,BTC-29MAR19-4250-C,60.59,0.045,0.2,0,1550578866584,15622508,394
2019-02-19 12:21:20.988,2.0,buy,3894.16,BTC-29MAR19-4250-C,60.93,0.0455,2.0,0,1550578880988,15622524,395
2019-02-19 12:21:24.584,0.2,buy,3895.17,BTC-29MAR19-4250-C,60.87,0.0455,0.2,1,1550578884584,15622540,396
2019-02-19 12:21:48.908,0.3,sell,3892.84,BTC-29MAR19-4250-C,60.29,0.0445,0.3,2,1550578908908,15622652,397
2019-02-19 12:23:05.679,0.4,sell,3890.45,BTC-29MAR19-4250-C,60.52,0.0445,0.4,3,1550578985679,15622734,398
2019-02-19 12:23:12.692,0.3,sell,3889.91,BTC-29MAR19-4250-C,60.55,0.0445,0.3,3,1550578992692,15622761,399
2019-02-19 12:24:17.947,0.5,sell,3886.94,BTC-29MAR19-4250-C,60.31,0.044000000000000004,0.5,2,1550579057947,15622863,400
2019-02-19 12:24:41.279,0.4,sell,3887.25,BTC-29MAR19-4250-C,60.36,0.044000000000000004,0.4,3,1550579081279,15622888,401
2019-02-19 12:25:41.754,0.2,buy,3890.96,BTC-29MAR19-4250-C,60.6,0.0445,0.2,0,1550579141754,15622936,402
2019-02-19 12:25:48.138,0.2,buy,3891.11,BTC-29MAR19-4250-C,60.96,0.045,0.2,0,1550579148138,15622952,403
2019-02-19 12:25:49.443,0.5,sell,3891.11,BTC-29MAR19-4250-C,60.96,0.045,0.5,1,1550579149443,15622955,404
2019-02-19 12:25:50.228,0.3,sell,3891.92,BTC-29MAR19-4250-C,60.96,0.045,0.3,1,1550579150228,15622957,405
2019-02-19 12:25:50.228,0.1,sell,3891.92,BTC-29MAR19-4250-C,60.54,0.0445,0.1,2,1550579150228,15622958,406
2019-02-19 12:25:58.864,0.2,buy,3892.36,BTC-29MAR19-4250-C,60.87,0.045,0.2,0,1550579158864,15622998,407
2019-02-19 12:25:59.688,0.6,sell,3892.25,BTC-29MAR19-4250-C,61.28,0.0455,0.6,0,1550579159688,15623001,408
2019-02-19 12:26:00.517,0.2,sell,3892.25,BTC-29MAR19-4250-C,60.46,0.0445,0.2,2,1550579160517,15623005,410
2019-02-19 12:26:00.517,0.2,sell,3892.25,BTC-29MAR19-4250-C,61.28,0.0455,0.2,1,1550579160517,15623004,409
2019-02-19 13:22:27.605,0.2,buy,3924.45,BTC-29MAR19-4250-C,59.16,0.0455,0.2,0,1550582547605,15625777,411
2019-02-19 13:23:31.022,0.2,buy,3922.96,BTC-29MAR19-4250-C,59.18,0.0455,0.2,1,1550582611022,15626291,412
2019-02-19 13:47:51.581,0.2,buy,3942.73,BTC-29MAR19-4250-C,59.14,0.047,0.2,0,1550584071581,15631919,413
2019-02-19 13:49:29.720,0.2,buy,3946.62,BTC-29MAR19-4250-C,59.36,0.0475,0.2,0,1550584169720,15632764,414
2019-02-19 13:55:40.992,1.0,buy,3958.93,BTC-29MAR19-4250-C,60.49,0.05,1.0,0,1550584540992,15635115,415
2019-02-19 15:49:28.842,0.2,sell,3949.24,BTC-29MAR19-4250-C,58.96,0.0465,0.2,2,1550591368842,15650231,417
2019-02-19 15:49:28.842,0.2,sell,3949.24,BTC-29MAR19-4250-C,59.36,0.047,0.2,2,1550591368842,15650230,416
2019-02-19 16:05:30.224,0.3,buy,3955.94,BTC-29MAR19-4250-C,59.31,0.0475,0.3,0,1550592330224,15652262,418
2019-02-19 16:06:47.648,0.2,sell,3954.71,BTC-29MAR19-4250-C,59.45,0.0475,0.2,1,1550592407648,15652496,419
2019-02-19 16:08:20.823,0.3,buy,3953.57,BTC-29MAR19-4250-C,59.66,0.0475,0.3,1,1550592500823,15652579,420
2019-02-19 16:42:28.095,4.1,buy,3945.66,BTC-29MAR19-4250-C,59.0,0.0465,4.1,2,1550594548095,15654761,421
2019-02-19 16:42:28.284,0.5,sell,3945.66,BTC-29MAR19-4250-C,59.0,0.0465,0.5,3,1550594548284,15654762,422
2019-02-19 17:10:46.144,4.8,buy,3938.38,BTC-29MAR19-4250-C,59.24,0.046,4.8,2,1550596246144,15655531,423
2019-02-19 17:18:40.770,0.3,buy,3926.93,BTC-29MAR19-4250-C,60.02,0.046,0.3,3,1550596720770,15656504,424
2019-02-19 20:23:56.500,0.6,buy,3935.83,BTC-29MAR19-4250-C,58.89,0.045,0.6,2,1550607836500,15661027,425
2019-02-19 20:24:11.634,0.5,buy,3935.66,BTC-29MAR19-4250-C,58.9,0.045,0.5,3,1550607851634,15661034,426
2019-02-19 21:43:55.197,0.3,buy,3911.74,BTC-29MAR19-4250-C,59.0,0.0435,0.3,2,1550612635197,15662911,427
2019-02-19 21:50:42.600,0.3,buy,3910.12,BTC-29MAR19-4250-C,58.76,0.043,0.3,2,1550613042600,15663382,428
2019-02-19 21:55:12.466,0.3,buy,3868.75,BTC-29MAR19-4250-C,59.0,0.04,0.3,2,1550613312466,15664581,429
2019-02-19 21:55:20.479,0.3,buy,3875.63,BTC-29MAR19-4250-C,58.92,0.0405,0.3,0,1550613320479,15664647,430
2019-02-19 21:55:46.230,0.7000000000000001,sell,3879.92,BTC-29MAR19-4250-C,57.52,0.039,0.7000000000000001,2,1550613346230,15664838,431
2019-02-19 23:30:49.106,7.1000000000000005,sell,3895.37,BTC-29MAR19-4250-C,57.29,0.04,7.1000000000000005,1,1550619049106,15668565,433
2019-02-19 23:30:49.106,0.2,sell,3895.37,BTC-29MAR19-4250-C,57.29,0.04,0.2,0,1550619049106,15668564,432
2019-02-19 23:30:49.106,42.7,sell,3895.37,BTC-29MAR19-4250-C,57.29,0.04,42.7,1,1550619049106,15668566,434
2019-02-19 23:41:34.144,2.3000000000000003,buy,3892.25,BTC-29MAR19-4250-C,58.26,0.040999999999999995,2.3000000000000003,0,1550619694144,15668909,435
2019-02-19 23:42:15.170,3.1,buy,3891.56,BTC-29MAR19-4250-C,58.39,0.040999999999999995,3.1,1,1550619735170,15668955,436
2019-02-20 00:21:41.745,1.0,sell,3882.11,BTC-29MAR19-4250-C,57.11,0.0385,1.0,2,1550622101745,15670407,437
2019-02-20 03:03:23.458,4.5,buy,3903.43,BTC-29MAR19-4250-C,57.87,0.0415,4.5,0,1550631803458,15674960,438
2019-02-20 03:11:41.772,0.4,sell,3900.16,BTC-29MAR19-4250-C,59.82,0.0435,0.4,0,1550632301772,15675113,439
2019-02-20 03:13:09.771,0.4,buy,3901.55,BTC-29MAR19-4250-C,60.1,0.044000000000000004,0.4,1,1550632389771,15675143,441
2019-02-20 03:13:09.771,0.2,buy,3901.55,BTC-29MAR19-4250-C,60.1,0.044000000000000004,0.2,0,1550632389771,15675142,440
2019-02-20 03:40:27.957,0.2,buy,3903.18,BTC-29MAR19-4250-C,60.78,0.0445,0.2,0,1550634027957,15675718,442
2019-02-20 03:41:20.478,0.2,buy,3903.22,BTC-29MAR19-4250-C,60.75,0.0445,0.2,1,1550634080478,15675721,443
2019-02-20 03:46:42.363,0.5,buy,3903.22,BTC-29MAR19-4250-C,61.07,0.045,0.5,0,1550634402363,15675762,444
2019-02-20 06:02:47.852,4.0,buy,3888.08,BTC-29MAR19-4250-C,58.43,0.040999999999999995,4.0,2,1550642567852,15678311,445
2019-02-20 10:22:24.622,4.6000000000000005,buy,3934.34,BTC-29MAR19-4250-C,56.56,0.042,4.6000000000000005,0,1550658144622,15685818,446
2019-02-20 10:22:25.782,0.7000000000000001,buy,3935.19,BTC-29MAR19-4250-C,56.41,0.042,0.7000000000000001,1,1550658145782,15685836,447
2019-02-20 10:22:26.339,0.2,buy,3935.19,BTC-29MAR19-4250-C,56.41,0.042,0.2,1,1550658146339,15685838,448
2019-02-20 10:22:41.802,0.5,buy,3935.87,BTC-29MAR19-4250-C,57.53,0.0435,0.5,0,1550658161802,15685926,449
2019-02-20 10:25:28.664,0.3,buy,3936.17,BTC-29MAR19-4250-C,57.6,0.0435,0.3,1,1550658328664,15686215,450
2019-02-20 10:25:52.307,3.8,buy,3937.86,BTC-29MAR19-4250-C,57.4,0.0435,3.8,1,1550658352307,15686284,451
2019-02-20 14:22:23.390,0.7000000000000001,buy,3911.55,BTC-29MAR19-4250-C,57.14,0.04,0.7000000000000001,2,1550672543390,15701414,452
2019-02-20 15:38:17.235,0.1,buy,3914.26,BTC-29MAR19-4250-C,56.8,0.04,0.1,3,1550677097235,15703554,453
2019-02-20 15:46:34.117,0.3,sell,3902.36,BTC-29MAR19-4250-C,56.36,0.0385,0.3,2,1550677594117,15704274,454
2019-02-20 17:21:35.577,2.0,sell,3926.1,BTC-29MAR19-4250-C,54.83,0.0385,2.0,3,1550683295577,15706466,455
2019-02-20 19:09:53.170,4.9,buy,3917.2,BTC-29MAR19-4250-C,57.41,0.040999999999999995,4.9,0,1550689793170,15708707,456
2019-02-20 19:11:10.455,4.9,buy,3917.04,BTC-29MAR19-4250-C,57.91,0.0415,4.9,0,1550689870455,15708720,457
2019-02-20 19:26:24.024,4.6000000000000005,sell,3918.93,BTC-29MAR19-4250-C,55.82,0.039,4.6000000000000005,2,1550690784024,15709008,458
2019-02-20 19:26:24.024,45.4,sell,3918.93,BTC-29MAR19-4250-C,55.82,0.039,45.4,3,1550690784024,15709009,459
2019-02-20 19:27:56.269,4.5,buy,3919.17,BTC-29MAR19-4250-C,57.91,0.0415,4.5,0,1550690876269,15709031,460
2019-02-20 19:58:15.481,4.5,buy,3924.0,BTC-29MAR19-4250-C,58.61,0.043,4.5,0,1550692695481,15709458,461
2019-02-20 19:58:15.481,2.0,buy,3924.0,BTC-29MAR19-4250-C,60.28,0.045,2.0,0,1550692695481,15709460,463
2019-02-20 19:58:15.481,1.5,buy,3924.0,BTC-29MAR19-4250-C,59.86,0.0445,1.5,0,1550692695481,15709459,462
2019-02-21 03:48:29.673,0.1,buy,3933.95,BTC-29MAR19-4250-C,58.26,0.043,0.1,2,1550720909673,15719496,464
2019-02-21 12:21:13.110,4.6000000000000005,buy,3895.86,BTC-29MAR19-4250-C,57.84,0.04,4.6000000000000005,2,1550751673110,15742535,465
2019-02-21 12:21:13.110,5.0,buy,3895.86,BTC-29MAR19-4250-C,59.97,0.0425,5.0,0,1550751673110,15742536,466
2019-02-21 12:21:13.110,0.4,buy,3895.86,BTC-29MAR19-4250-C,59.97,0.0425,0.4,1,1550751673110,15742537,467
2019-02-21 12:21:15.428,5.0,buy,3895.86,BTC-29MAR19-4250-C,64.19,0.0475,5.0,1,1550751675428,15742539,469
2019-02-21 12:21:15.428,5.0,buy,3895.86,BTC-29MAR19-4250-C,64.19,0.0475,5.0,0,1550751675428,15742538,468
2019-02-21 12:21:15.436,2.0,buy,3895.86,BTC-29MAR19-4250-C,67.95,0.052000000000000005,2.0,0,1550751675436,15742542,472
2019-02-21 12:21:15.436,5.0,buy,3895.86,BTC-29MAR19-4250-C,64.19,0.0475,5.0,1,1550751675436,15742540,470
2019-02-21 12:21:15.436,3.0,buy,3895.86,BTC-29MAR19-4250-C,65.03,0.0485,3.0,0,1550751675436,15742541,471
2019-02-21 13:37:44.383,0.2,buy,3911.05,BTC-29MAR19-4250-C,57.13,0.04,0.2,2,1550756264383,15744461,473
2019-02-21 13:37:44.383,0.2,buy,3911.05,BTC-29MAR19-4250-C,57.56,0.0405,0.2,0,1550756264383,15744462,474
2019-02-21 17:47:10.828,0.1,sell,3894.84,BTC-29MAR19-4250-C,56.09,0.0375,0.1,2,1550771230828,15747684,475
2019-02-21 19:30:48.000,0.1,buy,3887.85,BTC-29MAR19-4250-C,55.69,0.0365,0.1,2,1550777448000,15749323,476
2019-02-21 22:45:33.329,0.2,buy,3888.11,BTC-29MAR19-4250-C,57.15,0.038,0.2,0,1550789133329,15750799,477
2019-02-21 22:45:33.329,16.0,buy,3888.11,BTC-29MAR19-4250-C,57.58,0.0385,16.0,0,1550789133329,15750801,479
2019-02-21 22:45:33.329,1.4,buy,3888.11,BTC-29MAR19-4250-C,57.15,0.038,1.4,1,1550789133329,15750800,478
2019-02-21 22:45:51.274,0.2,buy,3888.18,BTC-29MAR19-4250-C,57.56,0.0385,0.2,1,1550789151274,15750806,480
2019-02-21 22:45:51.319,1.4,sell,3888.18,BTC-29MAR19-4250-C,57.56,0.0385,1.4,1,1550789151319,15750807,481
2019-02-21 22:45:56.731,0.2,buy,3888.21,BTC-29MAR19-4250-C,57.55,0.0385,0.2,1,1550789156731,15750811,482
2019-02-22 02:25:06.215,1.0,buy,3919.41,BTC-29MAR19-4250-C,55.84,0.039,1.0,0,1550802306215,15754075,483
2019-02-22 08:31:02.101,9.3,sell,3926.14,BTC-29MAR19-4250-C,54.9,0.038,9.3,2,1550824262101,15762605,484
2019-02-22 09:43:28.024,0.1,sell,3921.04,BTC-29MAR19-4250-C,55.83,0.0385,0.1,0,1550828608024,15765921,485
2019-02-22 10:03:47.450,0.3,buy,3923.12,BTC-29MAR19-4250-C,56.29,0.0395,0.3,0,1550829827450,15766277,486
2019-02-22 10:52:26.647,0.1,buy,3923.25,BTC-29MAR19-4250-C,57.38,0.041,0.1,0,1550832746647,15767329,487
2019-02-22 13:52:49.527,0.4,buy,3954.07,BTC-29MAR19-4250-C,55.03,0.041,0.4,1,1550843569527,15775177,488
2019-02-22 14:50:58.901,1.0,buy,3946.29,BTC-29MAR19-4250-C,57.12,0.0425,1.0,0,1550847058901,15778566,489
2019-02-22 15:04:38.395,0.7000000000000001,buy,3944.98,BTC-29MAR19-4250-C,58.07,0.0435,0.7000000000000001,0,1550847878395,15778884,490
2019-02-22 15:04:42.131,0.7000000000000001,buy,3945.52,BTC-29MAR19-4250-C,58.03,0.0435,0.7000000000000001,1,1550847882131,15778885,491
2019-02-22 17:27:28.509,2.0,buy,3927.56,BTC-29MAR19-4250-C,58.91,0.0425,2.0,2,1550856448509,15784687,492
2019-02-22 17:54:24.204,0.7000000000000001,buy,3939.88,BTC-29MAR19-4250-C,58.2,0.0425,0.7000000000000001,3,1550858064204,15785174,493
2019-02-22 18:21:39.890,0.7000000000000001,sell,3941.12,BTC-29MAR19-4250-C,57.32,0.0415,0.7000000000000001,2,1550859699890,15785768,494
2019-02-22 21:23:24.391,2.0,sell,3938.07,BTC-29MAR19-4250-C,56.4,0.04,2.0,2,1550870604391,15787722,495
2019-02-22 21:55:47.267,0.7000000000000001,sell,3941.5,BTC-29MAR19-4250-C,58.12,0.0425,0.7000000000000001,0,1550872547267,15788041,496
2019-02-22 22:52:12.057,10.0,sell,3944.56,BTC-29MAR19-4250-C,57.89,0.0425,10.0,1,1550875932057,15788677,497
2019-02-22 23:36:28.302,16.0,buy,3949.03,BTC-29MAR19-4250-C,58.57,0.0435,16.0,0,1550878588302,15789269,498
2019-02-22 23:39:21.575,4.0,sell,3949.32,BTC-29MAR19-4250-C,58.62,0.0435,4.0,1,1550878761575,15789375,499
2019-02-22 23:53:40.013,0.6,buy,3951.35,BTC-29MAR19-4250-C,58.49,0.0435,0.6,1,1550879620013,15789609,500
2019-02-22 23:54:47.581,9.4,sell,3949.84,BTC-29MAR19-4250-C,58.6,0.0435,9.4,1,1550879687581,15789629,501
2019-02-23 00:01:53.748,0.7000000000000001,sell,3938.87,BTC-29MAR19-4250-C,58.15,0.042,0.7000000000000001,2,1550880113748,15790096,502
2019-02-23 01:11:39.241,0.1,buy,3938.21,BTC-29MAR19-4250-C,58.85,0.0425,0.1,0,1550884299241,15791558,503
2019-02-23 01:11:39.241,0.6,buy,3938.21,BTC-29MAR19-4250-C,58.85,0.0425,0.6,1,1550884299241,15791559,504
2019-02-23 03:38:03.482,0.7000000000000001,buy,3938.2,BTC-29MAR19-4250-C,59.75,0.0435,0.7000000000000001,0,1550893083482,15793227,505
2019-02-23 04:56:48.146,6.6000000000000005,sell,3924.48,BTC-29MAR19-4250-C,58.71,0.040999999999999995,6.6000000000000005,2,1550897808146,15794639,506
2019-02-23 08:36:43.460,4.0,sell,3922.05,BTC-29MAR19-4250-C,58.47,0.0405,4.0,2,1550911003460,15797763,507
2019-02-23 08:51:16.844,0.5,buy,3920.15,BTC-29MAR19-4250-C,61.32,0.043,0.5,0,1550911876844,15798421,508
2019-02-23 11:50:46.764,0.5,buy,3941.16,BTC-29MAR19-4250-C,61.01,0.0445,0.5,0,1550922646764,15801487,509
2019-02-23 11:51:29.402,3.5,buy,3941.09,BTC-29MAR19-4250-C,61.81,0.0455,3.5,0,1550922689402,15801502,510
2019-02-23 13:29:47.018,1.0,buy,3930.77,BTC-29MAR19-4250-C,62.65,0.0455,1.0,1,1550928587018,15803280,511
2019-02-23 17:07:22.258,0.7000000000000001,buy,4000.44,BTC-29MAR19-4250-C,58.47,0.0455,0.7000000000000001,1,1550941642258,15811064,512
2019-02-23 17:10:54.463,0.7000000000000001,sell,3954.27,BTC-29MAR19-4250-C,60.7,0.0445,0.7000000000000001,2,1550941854463,15814395,513
2019-02-23 17:12:30.656,0.7000000000000001,buy,3971.56,BTC-29MAR19-4250-C,60.33,0.045,0.7000000000000001,0,1550941950656,15815675,514
2019-02-23 17:15:19.534,0.7000000000000001,buy,3975.51,BTC-29MAR19-4250-C,61.39,0.047,0.7000000000000001,0,1550942119534,15816388,515
2019-02-23 17:35:41.510,7.0,buy,4018.64,BTC-29MAR19-4250-C,58.24,0.047,7.0,1,1550943341510,15821091,516
2019-02-23 17:36:27.949,6.9,buy,4038.22,BTC-29MAR19-4250-C,58.7,0.0495,6.9,0,1550943387949,15821545,517
2019-02-23 17:40:17.552,0.7000000000000001,buy,4040.65,BTC-29MAR19-4250-C,58.07,0.049,0.7000000000000001,2,1550943617552,15823392,518
2019-02-23 17:42:43.964,0.1,buy,4039.25,BTC-29MAR19-4250-C,58.87,0.0495,0.1,0,1550943763964,15824104,519
2019-02-23 17:46:18.665,1.0,sell,4046.61,BTC-29MAR19-4250-C,60.13,0.0515,1.0,0,1550943978665,15824886,520
2019-02-23 19:19:05.262,0.7000000000000001,buy,4121.44,BTC-29MAR19-4250-C,59.99,0.059,0.7000000000000001,0,1550949545262,15840172,521
2019-02-23 19:19:06.153,0.7000000000000001,buy,4121.62,BTC-29MAR19-4250-C,59.98,0.059,0.7000000000000001,1,1550949546153,15840177,522
2019-02-23 19:54:23.084,0.6,sell,4104.03,BTC-29MAR19-4250-C,58.45,0.056,0.6,3,1550951663084,15843132,525
2019-02-23 19:54:23.084,1.1,sell,4104.03,BTC-29MAR19-4250-C,58.45,0.056,1.1,2,1550951663084,15843130,523
2019-02-23 19:54:23.084,5.3,sell,4104.03,BTC-29MAR19-4250-C,58.45,0.056,5.3,3,1550951663084,15843131,524
2019-02-23 19:54:43.375,50.0,sell,4102.47,BTC-29MAR19-4250-C,58.13,0.0555,50.0,2,1550951683375,15843141,526
2019-02-23 20:40:39.101,1.8,sell,4141.1,BTC-29MAR19-4250-C,58.4,0.059,1.8,0,1550954439101,15846506,527
2019-02-23 21:03:51.396,5.2,buy,4127.86,BTC-29MAR19-4250-C,60.96,0.061,5.2,0,1550955831396,15849100,529
2019-02-23 21:03:51.396,0.6,buy,4127.86,BTC-29MAR19-4250-C,60.54,0.0605,0.6,0,1550955831396,15849099,528
2019-02-23 21:03:51.396,94.2,buy,4127.86,BTC-29MAR19-4250-C,60.96,0.061,94.2,1,1550955831396,15849101,530
2019-02-23 22:17:46.032,1.0,buy,4114.29,BTC-29MAR19-4250-C,60.55,0.0595,1.0,2,1550960266032,15851916,531
2019-02-23 22:18:25.228,1.0,buy,4115.27,BTC-29MAR19-4250-C,60.51,0.0595,1.0,3,1550960305228,15851927,532
2019-02-24 02:52:24.043,1.2,buy,4146.7,BTC-29MAR19-4250-C,61.0,0.063,1.2,0,1550976744043,15859276,533
2019-02-24 02:53:29.665,1.0,buy,4157.17,BTC-29MAR19-4250-C,60.93,0.064,1.0,0,1550976809665,15859584,534
2019-02-24 04:43:38.590,3.1,sell,4148.28,BTC-29MAR19-4250-C,58.44,0.0595,3.1,2,1550983418590,15867448,535
2019-02-24 05:13:26.596,0.9,buy,4154.72,BTC-29MAR19-4250-C,57.8,0.0595,0.9,3,1550985206596,15868640,536
2019-02-24 06:57:31.905,0.3,buy,4159.53,BTC-29MAR19-4250-C,58.91,0.0615,0.3,0,1550991451905,15870917,537
2019-02-24 10:16:53.455,0.6,buy,4132.83,BTC-29MAR19-4250-C,61.51,0.0625,0.6,0,1551003413455,15876508,538
2019-02-24 10:18:47.627,0.4,sell,4130.37,BTC-29MAR19-4250-C,61.76,0.0625,0.4,1,1551003527627,15876545,539
2019-02-24 11:38:56.071,2.0,buy,4137.02,BTC-29MAR19-4250-C,61.9,0.063,2.0,0,1551008336071,15877561,540
2019-02-24 12:31:01.721,1.0,buy,4121.3,BTC-29MAR19-4250-C,60.71,0.0605,1.0,2,1551011461721,15880103,541
2019-02-24 14:12:20.578,0.6,sell,3909.21,BTC-29MAR19-4250-C,63.05,0.0405,0.6,2,1551017540578,15893976,542
2019-02-24 14:12:24.456,8.0,sell,3902.7,BTC-29MAR19-4250-C,62.89,0.04,8.0,2,1551017544456,15894087,543
2019-02-24 14:16:28.627,4.4,sell,3731.55,BTC-29MAR19-4250-C,63.13,0.0255,4.4,2,1551017788627,15901353,544
2019-02-24 14:31:02.903,0.7000000000000001,buy,3790.53,BTC-29MAR19-4250-C,64.36,0.0325,0.7000000000000001,0,1551018662903,15916183,545
2019-02-24 14:35:57.909,0.1,buy,3798.9,BTC-29MAR19-4250-C,65.92,0.035,0.1,0,1551018957909,15919264,546
2019-02-24 15:44:15.028,4.0,buy,3784.59,BTC-29MAR19-4250-C,63.69,0.0315,4.0,2,1551023055028,15937335,547
2019-02-24 16:24:48.007,1.0,sell,3752.16,BTC-29MAR19-4250-C,62.54,0.0285,1.0,2,1551025488007,15945063,548
2019-02-24 16:24:48.007,0.1,sell,3752.16,BTC-29MAR19-4250-C,62.54,0.0285,0.1,3,1551025488007,15945065,550
2019-02-24 16:24:48.007,1.0,sell,3752.16,BTC-29MAR19-4250-C,62.54,0.0285,1.0,3,1551025488007,15945064,549
2019-02-24 17:59:29.056,3.0,buy,3760.7,BTC-29MAR19-4250-C,65.41,0.032,3.0,0,1551031169056,15952637,551
2019-02-24 18:55:41.482,5.0,buy,3776.39,BTC-29MAR19-4250-C,63.98,0.0315,5.0,2,1551034541482,15955038,552
2019-02-24 18:58:55.977,0.1,buy,3779.02,BTC-29MAR19-4250-C,63.68,0.0315,0.1,3,1551034735977,15955074,553
2019-02-24 19:06:44.936,0.3,sell,3779.35,BTC-29MAR19-4250-C,62.21,0.03,0.3,2,1551035204936,15955145,554
2019-02-24 22:13:49.696,2.0,sell,3770.62,BTC-29MAR19-4250-C,61.62,0.0285,2.0,3,1551046429696,15961980,557
2019-02-24 22:13:49.696,0.9,sell,3770.62,BTC-29MAR19-4250-C,61.62,0.0285,0.9,2,1551046429696,15961978,555
2019-02-24 22:13:49.696,0.5,sell,3770.62,BTC-29MAR19-4250-C,61.62,0.0285,0.5,3,1551046429696,15961979,556
2019-02-25 00:20:51.268,2.0,sell,3746.4,BTC-29MAR19-4250-C,60.87,0.0265,2.0,2,1551054051268,15968099,558
2019-02-25 06:38:19.218,0.1,buy,3787.56,BTC-29MAR19-4250-C,63.86,0.032,0.1,0,1551076699218,15977723,559
2019-02-25 15:45:41.315,0.1,buy,3784.89,BTC-29MAR19-4250-C,62.34,0.03,0.1,2,1551109541315,15991512,560
2019-02-25 16:00:26.424,0.1,buy,3791.19,BTC-29MAR19-4250-C,61.94,0.03,0.1,3,1551110426424,15991911,561
2019-02-25 16:02:16.365,0.4,buy,3787.56,BTC-29MAR19-4250-C,63.09,0.031,0.4,0,1551110536365,15991992,562
2019-02-25 16:15:03.143,5.1000000000000005,buy,3790.67,BTC-29MAR19-4250-C,63.47,0.0315,5.1000000000000005,1,1551111303143,15992634,566
2019-02-25 16:15:03.143,2.2,buy,3790.67,BTC-29MAR19-4250-C,64.46,0.0325,2.2,1,1551111303143,15992636,568
2019-02-25 16:15:03.143,5.0,buy,3790.67,BTC-29MAR19-4250-C,66.89,0.035,5.0,0,1551111303143,15992637,569
2019-02-25 16:15:03.143,8.2,buy,3790.67,BTC-29MAR19-4250-C,63.47,0.0315,8.2,0,1551111303143,15992631,563
2019-02-25 16:15:03.143,13.0,buy,3790.67,BTC-29MAR19-4250-C,64.46,0.0325,13.0,0,1551111303143,15992635,567
2019-02-25 16:15:03.143,1.7,buy,3790.67,BTC-29MAR19-4250-C,63.47,0.0315,1.7,1,1551111303143,15992632,564
2019-02-25 16:15:03.143,13.6,buy,3790.67,BTC-29MAR19-4250-C,63.47,0.0315,13.6,1,1551111303143,15992633,565
2019-02-25 16:15:03.204,5.2,sell,3790.67,BTC-29MAR19-4250-C,66.89,0.035,5.2,1,1551111303204,15992639,570
2019-02-25 16:15:03.231,15.0,sell,3790.67,BTC-29MAR19-4250-C,66.89,0.035,15.0,1,1551111303231,15992640,571
2019-02-25 16:15:03.325,3.0,sell,3790.67,BTC-29MAR19-4250-C,66.89,0.035,3.0,1,1551111303325,15992641,572
2019-02-25 16:15:03.622,1.8,sell,3790.82,BTC-29MAR19-4250-C,66.88,0.035,1.8,1,1551111303622,15992642,573
2019-02-25 16:15:03.759,2.2,sell,3790.82,BTC-29MAR19-4250-C,66.88,0.035,2.2,1,1551111303759,15992643,574
2019-02-25 16:15:05.055,2.0,sell,3790.83,BTC-29MAR19-4250-C,66.87,0.035,2.0,1,1551111305055,15992644,575
2019-02-25 16:15:05.237,2.0,sell,3790.83,BTC-29MAR19-4250-C,66.87,0.035,2.0,1,1551111305237,15992645,576
2019-02-25 16:15:05.724,13.0,sell,3791.79,BTC-29MAR19-4250-C,66.8,0.035,13.0,1,1551111305724,15992646,577
2019-02-25 16:15:06.241,5.2,sell,3791.79,BTC-29MAR19-4250-C,66.8,0.035,5.2,1,1551111306241,15992648,578
2019-02-25 16:15:06.332,1.8,sell,3791.79,BTC-29MAR19-4250-C,66.8,0.035,1.8,1,1551111306332,15992649,579
2019-02-25 16:18:17.195,5.0,buy,3790.69,BTC-29MAR19-4250-C,63.98,0.032,5.0,2,1551111497195,15992828,580
2019-02-25 16:21:36.838,3.0,sell,3795.56,BTC-29MAR19-4250-C,61.67,0.03,3.0,2,1551111696838,15992961,581
2019-02-25 16:24:45.145,13.4,buy,3797.41,BTC-29MAR19-4250-C,63.52,0.032,13.4,0,1551111885145,15993067,582
2019-02-25 16:24:51.392,13.3,sell,3797.42,BTC-29MAR19-4250-C,63.53,0.032,13.3,1,1551111891392,15993082,583
2019-02-25 16:25:31.580,23.3,sell,3797.63,BTC-29MAR19-4250-C,63.42,0.032,23.3,1,1551111931580,15993120,584
2019-02-25 19:03:59.879,1.0,sell,3851.46,BTC-29MAR19-4250-C,60.38,0.032,1.0,1,1551121439879,16005403,585
2019-02-25 19:03:59.882,0.4,sell,3851.46,BTC-29MAR19-4250-C,60.38,0.032,0.4,1,1551121439882,16005404,586
2019-02-25 19:03:59.887,0.9,sell,3851.46,BTC-29MAR19-4250-C,60.38,0.032,0.9,1,1551121439887,16005405,587
2019-02-25 19:03:59.890,1.2,sell,3851.46,BTC-29MAR19-4250-C,60.38,0.032,1.2,1,1551121439890,16005406,588
2019-02-25 19:04:00.043,0.5,sell,3851.46,BTC-29MAR19-4250-C,60.38,0.032,0.5,1,1551121440043,16005407,589
2019-02-25 19:04:00.050,1.3,sell,3851.46,BTC-29MAR19-4250-C,60.38,0.032,1.3,1,1551121440050,16005408,590
2019-02-25 19:04:00.061,0.2,sell,3851.46,BTC-29MAR19-4250-C,60.38,0.032,0.2,1,1551121440061,16005409,591
2019-02-25 19:04:00.062,0.5,sell,3851.46,BTC-29MAR19-4250-C,60.38,0.032,0.5,1,1551121440062,16005410,592
2019-02-25 19:04:00.203,2.2,sell,3851.46,BTC-29MAR19-4250-C,60.38,0.032,2.2,1,1551121440203,16005411,593
2019-02-25 20:48:06.318,7.0,sell,3810.66,BTC-29MAR19-4250-C,59.57,0.0285,7.0,2,1551127686318,16009742,594
2019-02-25 20:48:19.987,0.9,sell,3818.35,BTC-29MAR19-4250-C,59.41,0.029,0.9,0,1551127699987,16009865,595
2019-02-25 20:48:19.994,1.0,sell,3818.35,BTC-29MAR19-4250-C,59.41,0.029,1.0,1,1551127699994,16009866,596
2019-02-25 20:48:19.996,0.4,sell,3818.35,BTC-29MAR19-4250-C,59.41,0.029,0.4,1,1551127699996,16009867,597
2019-02-25 20:48:20.001,1.2,sell,3818.35,BTC-29MAR19-4250-C,59.41,0.029,1.2,1,1551127700001,16009868,598
2019-02-25 20:48:20.158,0.2,sell,3818.35,BTC-29MAR19-4250-C,59.41,0.029,0.2,1,1551127700158,16009869,599
2019-02-25 20:48:20.162,0.5,sell,3818.35,BTC-29MAR19-4250-C,59.41,0.029,0.5,1,1551127700162,16009870,600
2019-02-25 20:48:20.164,0.8,sell,3818.35,BTC-29MAR19-4250-C,59.41,0.029,0.8,1,1551127700164,16009871,601
2019-02-25 20:48:20.167,0.5,buy,3818.35,BTC-29MAR19-4250-C,59.41,0.029,0.5,1,1551127700167,16009872,602
2019-02-25 20:48:20.173,0.5,sell,3818.35,BTC-29MAR19-4250-C,59.41,0.029,0.5,1,1551127700173,16009873,603
2019-02-25 20:48:20.346,2.2,buy,3818.35,BTC-29MAR19-4250-C,59.41,0.029,2.2,1,1551127700346,16009874,604
2019-02-26 01:26:49.076,10.0,sell,3819.05,BTC-29MAR19-4250-C,60.44,0.03,10.0,0,1551144409076,16014028,605
2019-02-26 02:44:19.827,10.0,buy,3822.76,BTC-29MAR19-4250-C,60.84,0.0305,10.0,0,1551149059827,16014789,606
2019-02-26 05:48:17.815,5.0,sell,3784.59,BTC-29MAR19-4250-C,59.54,0.0265,5.0,2,1551160097815,16019908,607
2019-02-26 15:44:01.741,100.0,buy,3811.76,BTC-29MAR19-4250-C,60.76,0.029,100.0,0,1551195841741,16034909,608
2019-02-26 15:44:54.107,10.0,buy,3811.78,BTC-29MAR19-4250-C,60.82,0.029,10.0,1,1551195894107,16034959,609
2019-02-26 15:45:16.936,50.0,buy,3811.55,BTC-29MAR19-4250-C,60.89,0.029,50.0,1,1551195916936,16034974,610
2019-02-26 15:45:17.124,27.5,buy,3811.55,BTC-29MAR19-4250-C,60.89,0.029,27.5,1,1551195917124,16034975,611
2019-02-26 15:46:13.962,100.0,buy,3810.97,BTC-29MAR19-4250-C,60.96,0.029,100.0,1,1551195973962,16035006,612
2019-02-26 15:46:19.933,6.7,buy,3810.99,BTC-29MAR19-4250-C,60.97,0.029,6.7,1,1551195979933,16035010,613
2019-02-26 15:46:25.415,80.0,buy,3811.02,BTC-29MAR19-4250-C,60.97,0.029,80.0,1,1551195985415,16035012,614
2019-02-26 15:47:46.678,50.0,buy,3810.17,BTC-29MAR19-4250-C,61.0,0.029,50.0,1,1551196066678,16035070,615
2019-02-26 15:48:10.440,30.0,buy,3809.94,BTC-29MAR19-4250-C,61.03,0.029,30.0,1,1551196090440,16035075,616
2019-02-26 15:52:59.520,13.0,buy,3810.02,BTC-29MAR19-4250-C,60.49,0.0285,13.0,2,1551196379520,16035137,617
2019-02-26 15:52:59.520,7.0,buy,3810.02,BTC-29MAR19-4250-C,60.99,0.029,7.0,0,1551196379520,16035138,618
2019-02-26 16:26:28.869,1.1,sell,3792.18,BTC-29MAR19-4250-C,59.93,0.027000000000000003,1.1,2,1551198388869,16036238,619
2019-02-26 16:33:21.862,0.5,sell,3795.58,BTC-29MAR19-4250-C,59.98,0.027000000000000003,0.5,3,1551198801862,16036339,620
2019-02-26 16:52:27.351,18.4,sell,3795.26,BTC-29MAR19-4250-C,59.93,0.027000000000000003,18.4,3,1551199947351,16036558,621
2019-02-26 19:11:11.669,0.1,buy,3810.04,BTC-29MAR19-4250-C,58.26,0.0265,0.1,2,1551208271669,16039952,622
2019-02-26 19:14:20.281,0.1,sell,3806.23,BTC-29MAR19-4250-C,58.01,0.026000000000000002,0.1,2,1551208460281,16040136,623
2019-02-26 19:45:30.842,0.1,sell,3805.08,BTC-29MAR19-4250-C,58.14,0.026000000000000002,0.1,3,1551210330842,16040614,624
2019-02-26 19:45:30.964,0.1,buy,3805.08,BTC-29MAR19-4250-C,58.14,0.026000000000000002,0.1,3,1551210330964,16040615,625
2019-02-26 19:45:31.181,0.1,buy,3805.08,BTC-29MAR19-4250-C,58.14,0.026000000000000002,0.1,3,1551210331181,16040616,626
2019-02-26 21:56:57.777,0.1,sell,3790.98,BTC-29MAR19-4250-C,57.62,0.0245,0.1,2,1551218217777,16042805,627
2019-02-26 22:56:36.784,0.2,buy,3796.78,BTC-29MAR19-4250-C,58.52,0.026000000000000002,0.2,1,1551221796784,16043567,629
2019-02-26 22:56:36.784,0.2,buy,3796.78,BTC-29MAR19-4250-C,58.52,0.026000000000000002,0.2,0,1551221796784,16043566,628
2019-02-26 22:56:36.784,1.0,buy,3796.78,BTC-29MAR19-4250-C,58.52,0.026000000000000002,1.0,1,1551221796784,16043568,630
2019-02-26 22:56:36.784,1.9,buy,3796.78,BTC-29MAR19-4250-C,58.52,0.026000000000000002,1.9,1,1551221796784,16043569,631
2019-02-27 00:33:49.817,0.2,buy,3784.86,BTC-29MAR19-4250-C,57.95,0.0245,0.2,2,1551227629817,16045352,632
2019-02-27 01:13:21.298,0.6,buy,3782.53,BTC-29MAR19-4250-C,58.26,0.0245,0.6,3,1551230001298,16046002,633
2019-02-27 01:14:09.383,5.1000000000000005,sell,3784.29,BTC-29MAR19-4250-C,58.05,0.0245,5.1000000000000005,3,1551230049383,16046028,634
2019-02-27 01:32:10.345,1.0,sell,3787.07,BTC-29MAR19-4250-C,57.75,0.0245,1.0,3,1551231130345,16046243,635
2019-02-27 13:18:11.101,0.9,buy,3819.82,BTC-29MAR19-4250-C,58.29,0.0265,0.9,0,1551273491101,16055616,636
2019-02-27 13:18:11.575,2.0,sell,3819.55,BTC-29MAR19-4250-C,58.31,0.0265,2.0,1,1551273491575,16055617,637
2019-02-27 15:37:55.497,0.2,sell,3799.77,BTC-29MAR19-4250-C,57.66,0.0245,0.2,2,1551281875497,16061789,638
2019-02-27 18:50:42.041,1.4,sell,3797.67,BTC-29MAR19-4250-C,57.92,0.0245,1.4,3,1551293442041,16064298,639
2019-02-27 19:41:23.457,3.0,sell,3799.36,BTC-29MAR19-4250-C,57.91,0.0245,3.0,3,1551296483457,16064541,640
2019-02-27 19:41:23.497,3.0,sell,3799.36,BTC-29MAR19-4250-C,57.91,0.0245,3.0,3,1551296483497,16064542,641
2019-02-27 19:56:02.941,5.0,sell,3799.09,BTC-29MAR19-4250-C,57.93,0.0245,5.0,3,1551297362941,16064645,642
2019-02-27 19:56:40.133,7.6,sell,3799.51,BTC-29MAR19-4250-C,57.88,0.0245,7.6,3,1551297400133,16064649,643
2019-02-27 20:33:58.257,0.5,sell,3745.99,BTC-29MAR19-4250-C,58.49,0.022,0.5,2,1551299638257,16066720,644
2019-02-27 20:37:04.729,0.5,buy,3697.6,BTC-29MAR19-4250-C,58.09,0.0195,0.5,2,1551299824729,16071185,645
2019-02-27 20:39:01.016,0.5,sell,3735.47,BTC-29MAR19-4250-C,56.68,0.02,0.5,0,1551299941016,16072758,646
2019-02-27 20:40:05.450,0.5,sell,3735.11,BTC-29MAR19-4250-C,57.86,0.021,0.5,0,1551300005450,16073062,647
2019-02-27 20:40:27.085,4.2,sell,3722.55,BTC-29MAR19-4250-C,58.77,0.021,4.2,1,1551300027085,16073183,648
2019-02-27 20:41:59.985,10.0,sell,3715.92,BTC-29MAR19-4250-C,58.65,0.0205,10.0,2,1551300119985,16073738,649
2019-02-27 20:42:49.618,0.4,buy,3719.85,BTC-29MAR19-4250-C,60.05,0.022,0.4,1,1551300169618,16074003,651
2019-02-27 20:42:49.618,0.1,buy,3719.85,BTC-29MAR19-4250-C,60.05,0.022,0.1,0,1551300169618,16074002,650
2019-02-27 20:47:30.892,0.5,buy,3730.66,BTC-29MAR19-4250-C,59.98,0.0225,0.5,0,1551300450892,16075630,652
2019-02-27 20:47:31.750,0.5,buy,3730.66,BTC-29MAR19-4250-C,59.98,0.0225,0.5,1,1551300451750,16075649,653
2019-02-27 20:47:33.408,0.5,buy,3730.66,BTC-29MAR19-4250-C,59.98,0.0225,0.5,1,1551300453408,16075657,654
2019-02-27 20:47:34.304,0.5,buy,3730.66,BTC-29MAR19-4250-C,59.96,0.0225,0.5,1,1551300454304,16075664,655
2019-02-27 20:47:35.119,0.5,buy,3730.2,BTC-29MAR19-4250-C,59.99,0.0225,0.5,1,1551300455119,16075672,656
2019-02-27 20:47:35.893,0.5,buy,3729.56,BTC-29MAR19-4250-C,60.03,0.0225,0.5,1,1551300455893,16075686,657
2019-02-27 20:47:43.643,0.5,sell,3729.71,BTC-29MAR19-4250-C,59.51,0.022,0.5,2,1551300463643,16075720,658
2019-02-27 20:47:50.591,1.2,sell,3730.63,BTC-29MAR19-4250-C,58.88,0.0215,1.2,2,1551300470591,16075752,659
2019-02-27 20:47:53.849,0.5,sell,3730.47,BTC-29MAR19-4250-C,58.89,0.0215,0.5,3,1551300473849,16075757,660
2019-02-27 20:48:15.372,0.1,sell,3725.19,BTC-29MAR19-4250-C,59.83,0.022,0.1,0,1551300495372,16075835,661
2019-02-27 20:48:24.684,1.9,sell,3726.06,BTC-29MAR19-4250-C,58.64,0.021,1.9,2,1551300504684,16075947,662
2019-02-27 20:48:51.192,1.0,buy,3728.02,BTC-29MAR19-4250-C,59.66,0.022,1.0,0,1551300531192,16076115,663
2019-02-27 20:48:51.192,0.3,buy,3728.02,BTC-29MAR19-4250-C,60.23,0.0225,0.3,0,1551300531192,16076116,664
2019-02-27 20:48:56.253,1.4,buy,3728.53,BTC-29MAR19-4250-C,60.83,0.023,1.4,0,1551300536253,16076140,665
2019-02-27 20:49:02.903,0.8,buy,3729.04,BTC-29MAR19-4250-C,60.68,0.023,0.8,1,1551300542903,16076146,666
2019-02-27 20:49:38.231,2.7,sell,3730.4,BTC-29MAR19-4250-C,58.3,0.021,2.7,2,1551300578231,16076209,667
2019-02-27 20:50:54.426,0.5,buy,3726.54,BTC-29MAR19-4250-C,60.41,0.0225,0.5,0,1551300654426,16076406,668
2019-02-27 20:55:49.589,0.5,sell,3724.25,BTC-29MAR19-4250-C,58.81,0.021,0.5,2,1551300949589,16076946,669
2019-02-27 20:55:50.203,0.5,sell,3724.25,BTC-29MAR19-4250-C,58.81,0.021,0.5,3,1551300950203,16076949,670
2019-02-27 20:55:51.155,0.5,sell,3724.13,BTC-29MAR19-4250-C,58.84,0.021,0.5,3,1551300951155,16076952,671
2019-02-27 20:55:51.874,0.5,sell,3723.86,BTC-29MAR19-4250-C,58.85,0.021,0.5,3,1551300951874,16076954,672
2019-02-27 20:57:29.448,0.5,sell,3720.17,BTC-29MAR19-4250-C,58.54,0.0205,0.5,2,1551301049448,16077024,673
2019-02-27 20:57:29.832,0.5,sell,3720.36,BTC-29MAR19-4250-C,58.53,0.0205,0.5,3,1551301049832,16077028,674
2019-02-27 20:57:30.680,0.5,sell,3720.45,BTC-29MAR19-4250-C,58.53,0.0205,0.5,3,1551301050680,16077032,675
2019-02-27 20:57:41.821,0.5,sell,3720.55,BTC-29MAR19-4250-C,58.56,0.0205,0.5,3,1551301061821,16077054,676
2019-02-27 21:00:08.950,0.1,buy,3722.79,BTC-29MAR19-4250-C,58.92,0.021,0.1,0,1551301208950,16077193,677
2019-02-27 21:02:40.455,6.0,buy,3717.0,BTC-29MAR19-4250-C,60.33,0.022,6.0,0,1551301360455,16077535,678
2019-02-27 21:08:04.122,0.4,buy,3723.7,BTC-29MAR19-4250-C,60.4,0.0225,0.4,0,1551301684122,16077995,679
2019-02-27 22:43:11.643,0.3,buy,3745.39,BTC-29MAR19-4250-C,58.52,0.022,0.3,2,1551307391643,16082121,680
2019-02-27 22:43:36.413,0.2,sell,3744.73,BTC-29MAR19-4250-C,58.52,0.022,0.2,3,1551307416413,16082139,681
2019-02-27 22:54:48.721,0.1,buy,3763.8,BTC-29MAR19-4250-C,57.26,0.022,0.1,3,1551308088721,16082934,682
2019-02-27 22:54:52.847,0.2,buy,3767.54,BTC-29MAR19-4250-C,56.9,0.022,0.2,3,1551308092847,16083041,683
2019-02-27 22:55:11.303,0.1,buy,3765.18,BTC-29MAR19-4250-C,57.7,0.0225,0.1,0,1551308111303,16083226,684
2019-02-27 22:55:24.799,0.1,buy,3759.98,BTC-29MAR19-4250-C,58.17,0.0225,0.1,1,1551308124799,16083300,685
2019-02-27 22:59:25.510,5.8,buy,3772.67,BTC-29MAR19-4250-C,57.21,0.0225,5.8,1,1551308365510,16083836,686
2019-02-27 23:12:52.168,0.1,buy,3792.54,BTC-29MAR19-4250-C,57.1,0.0235,0.1,0,1551309172168,16086450,687
2019-02-27 23:12:52.527,0.1,buy,3792.54,BTC-29MAR19-4250-C,57.1,0.0235,0.1,1,1551309172527,16086454,688
2019-02-28 02:19:32.742,4.8,sell,3807.41,BTC-29MAR19-4250-C,58.4,0.0255,4.8,0,1551320372742,16092645,689
2019-02-28 02:19:43.484,0.1,sell,3806.94,BTC-29MAR19-4250-C,58.41,0.0255,0.1,1,1551320383484,16092648,690
2019-02-28 03:00:17.750,5.0,sell,3803.59,BTC-29MAR19-4250-C,57.06,0.024,5.0,2,1551322817750,16093006,691
2019-02-28 07:44:40.942,1.0,sell,3805.44,BTC-29MAR19-4250-C,58.1,0.025,1.0,0,1551339880942,16095539,692
2019-02-28 08:56:00.978,0.1,sell,3830.01,BTC-29MAR19-4250-C,57.87,0.026000000000000002,0.1,0,1551344160978,16097563,693
2019-02-28 08:59:10.508,0.1,buy,3823.63,BTC-29MAR19-4250-C,59.44,0.027000000000000003,0.1,0,1551344350508,16098019,694
2019-02-28 08:59:10.510,5.0,sell,3823.63,BTC-29MAR19-4250-C,59.44,0.027000000000000003,5.0,1,1551344350510,16098020,695
2019-02-28 09:00:05.304,4.9,sell,3822.13,BTC-29MAR19-4250-C,59.43,0.027000000000000003,4.9,1,1551344405304,16098069,696
2019-02-28 12:28:16.372,0.1,buy,3821.97,BTC-29MAR19-4250-C,58.9,0.0265,0.1,2,1551356896372,16102606,697
2019-02-28 12:28:17.174,0.1,buy,3821.97,BTC-29MAR19-4250-C,58.9,0.0265,0.1,3,1551356897174,16102609,698
2019-02-28 12:28:17.793,0.1,buy,3821.97,BTC-29MAR19-4250-C,58.9,0.0265,0.1,3,1551356897793,16102611,699
2019-02-28 12:28:19.089,0.1,buy,3821.97,BTC-29MAR19-4250-C,58.9,0.0265,0.1,3,1551356899089,16102613,700
2019-02-28 13:39:36.484,20.0,sell,3814.59,BTC-29MAR19-4250-C,57.65,0.025,20.0,2,1551361176484,16103813,701
2019-02-28 13:40:13.413,4.0,sell,3814.23,BTC-29MAR19-4250-C,57.65,0.025,4.0,3,1551361213413,16103817,702
2019-02-28 14:09:33.308,0.4,buy,3824.48,BTC-29MAR19-4250-C,58.21,0.026000000000000002,0.4,0,1551362973308,16104620,703
2019-02-28 15:29:43.528,13.0,sell,3819.49,BTC-29MAR19-4250-C,58.01,0.0255,13.0,2,1551367783528,16106782,704
2019-02-28 15:32:04.989,0.1,sell,3779.82,BTC-29MAR19-4250-C,58.36,0.0235,0.1,2,1551367924989,16108211,705
2019-02-28 15:32:23.935,0.1,buy,3762.45,BTC-29MAR19-4250-C,58.72,0.023,0.1,2,1551367943935,16108829,706
2019-02-28 15:38:39.281,0.1,buy,3861.26,BTC-29MAR19-4250-C,56.7,0.027000000000000003,0.1,0,1551368319281,16113715,707
2019-02-28 15:39:10.775,0.1,sell,3882.41,BTC-29MAR19-4250-C,56.13,0.027999999999999997,0.1,0,1551368350775,16114744,708
2019-02-28 15:46:03.148,0.1,buy,3840.55,BTC-29MAR19-4250-C,59.4,0.027999999999999997,0.1,1,1551368763148,16118835,709
2019-02-28 15:48:34.501,10.0,sell,3852.2,BTC-29MAR19-4250-C,58.5,0.027999999999999997,10.0,1,1551368914501,16119286,710
2019-02-28 16:09:54.010,6.1000000000000005,buy,3858.76,BTC-29MAR19-4250-C,58.58,0.0285,6.1000000000000005,1,1551370194010,16121406,712
2019-02-28 16:09:54.010,11.9,buy,3858.76,BTC-29MAR19-4250-C,58.58,0.0285,11.9,0,1551370194010,16121405,711
2019-02-28 16:33:14.221,0.4,buy,3825.64,BTC-29MAR19-4250-C,59.15,0.027000000000000003,0.4,2,1551371594221,16122972,713
2019-02-28 17:33:58.524,12.0,sell,3806.7,BTC-29MAR19-4250-C,57.85,0.0245,12.0,2,1551375238524,16130738,714
2019-02-28 17:35:19.762,0.6,sell,3807.39,BTC-29MAR19-4250-C,57.77,0.0245,0.6,3,1551375319762,16130756,716
2019-02-28 17:35:19.762,20.0,sell,3807.39,BTC-29MAR19-4250-C,57.77,0.0245,20.0,3,1551375319762,16130755,715
2019-02-28 17:45:33.756,0.5,sell,3795.68,BTC-29MAR19-4250-C,56.93,0.023,0.5,2,1551375933756,16131065,717
2019-02-28 17:46:18.143,0.4,buy,3782.62,BTC-29MAR19-4250-C,57.89,0.023,0.4,3,1551375978143,16131379,718
2019-02-28 18:01:55.098,1.0,buy,3794.08,BTC-29MAR19-4250-C,57.08,0.023,1.0,3,1551376915098,16132191,719
2019-02-28 23:51:14.947,0.1,buy,3793.39,BTC-29MAR19-4250-C,58.86,0.0245,0.1,0,1551397874947,16140609,720
2019-02-28 23:55:59.420,0.1,buy,3793.64,BTC-29MAR19-4250-C,58.29,0.024,0.1,2,1551398159420,16140654,721
2019-03-01 02:01:51.132,5.0,sell,3804.3,BTC-29MAR19-4250-C,56.54,0.023,5.0,2,1551405711132,16141725,722
2019-03-01 02:01:51.132,5.0,sell,3804.3,BTC-29MAR19-4250-C,56.54,0.023,5.0,3,1551405711132,16141726,723
2019-03-01 02:02:46.453,2.5,sell,3803.99,BTC-29MAR19-4250-C,56.55,0.023,2.5,3,1551405766453,16141736,724
2019-03-01 02:10:12.831,10.0,sell,3803.5,BTC-29MAR19-4250-C,56.68,0.023,10.0,3,1551406212831,16141816,725
2019-03-01 02:15:09.061,10.0,sell,3802.44,BTC-29MAR19-4250-C,56.32,0.0225,10.0,2,1551406509061,16141881,726
2019-03-01 02:15:09.061,5.0,sell,3802.44,BTC-29MAR19-4250-C,56.32,0.0225,5.0,3,1551406509061,16141883,728
2019-03-01 02:15:09.061,5.0,sell,3802.44,BTC-29MAR19-4250-C,56.32,0.0225,5.0,3,1551406509061,16141882,727
2019-03-01 05:01:20.868,14.6,sell,3801.55,BTC-29MAR19-4250-C,55.5,0.0215,14.6,3,1551416480868,16142979,730
2019-03-01 05:01:20.868,13.0,sell,3801.55,BTC-29MAR19-4250-C,55.5,0.0215,13.0,2,1551416480868,16142978,729
2019-03-01 05:01:21.080,2.3000000000000003,buy,3801.55,BTC-29MAR19-4250-C,55.5,0.0215,2.3000000000000003,3,1551416481080,16142980,731
2019-03-01 07:08:21.506,5.0,sell,3800.32,BTC-29MAR19-4250-C,55.45,0.0215,5.0,3,1551424101506,16143489,732
2019-03-01 07:08:21.506,14.6,sell,3800.32,BTC-29MAR19-4250-C,55.45,0.0215,14.6,3,1551424101506,16143490,733
2019-03-01 07:09:16.437,13.0,sell,3800.06,BTC-29MAR19-4250-C,54.95,0.021,13.0,2,1551424156437,16143500,734
2019-03-01 07:09:16.437,5.0,sell,3800.06,BTC-29MAR19-4250-C,54.95,0.021,5.0,3,1551424156437,16143501,735
2019-03-01 07:09:16.439,8.0,buy,3800.06,BTC-29MAR19-4250-C,54.95,0.021,8.0,3,1551424156439,16143502,736
2019-03-01 07:09:16.635,4.4,buy,3800.06,BTC-29MAR19-4250-C,54.95,0.021,4.4,3,1551424156635,16143503,737
2019-03-01 07:13:28.614,0.1,sell,3799.38,BTC-29MAR19-4250-C,53.83,0.02,0.1,2,1551424408614,16143535,742
2019-03-01 07:13:28.614,14.7,sell,3799.38,BTC-29MAR19-4250-C,54.41,0.0205,14.7,3,1551424408614,16143534,741
2019-03-01 07:13:28.614,5.0,sell,3799.38,BTC-29MAR19-4250-C,54.41,0.0205,5.0,3,1551424408614,16143532,739
2019-03-01 07:13:28.614,10.0,sell,3799.38,BTC-29MAR19-4250-C,54.41,0.0205,10.0,3,1551424408614,16143533,740
2019-03-01 07:13:28.614,13.0,sell,3799.38,BTC-29MAR19-4250-C,54.41,0.0205,13.0,2,1551424408614,16143531,738
2019-03-01 07:13:28.616,7.2,buy,3799.38,BTC-29MAR19-4250-C,53.83,0.02,7.2,3,1551424408616,16143536,743
2019-03-01 07:13:53.268,10.0,sell,3799.29,BTC-29MAR19-4250-C,53.84,0.02,10.0,3,1551424433268,16143537,744
2019-03-01 07:13:53.268,13.0,sell,3799.29,BTC-29MAR19-4250-C,53.84,0.02,13.0,3,1551424433268,16143538,745
2019-03-01 07:13:53.268,14.8,sell,3799.29,BTC-29MAR19-4250-C,53.84,0.02,14.8,3,1551424433268,16143539,746
2019-03-01 07:13:53.270,9.9,buy,3799.29,BTC-29MAR19-4250-C,53.84,0.02,9.9,3,1551424433270,16143540,747
2019-03-01 07:13:53.329,2.3000000000000003,buy,3799.29,BTC-29MAR19-4250-C,53.84,0.02,2.3000000000000003,3,1551424433329,16143541,748
2019-03-01 07:14:09.862,5.1000000000000005,buy,3799.19,BTC-29MAR19-4250-C,53.88,0.02,5.1000000000000005,3,1551424449862,16143557,749
2019-03-01 07:14:23.334,5.6000000000000005,buy,3799.17,BTC-29MAR19-4250-C,53.88,0.02,5.6000000000000005,3,1551424463334,16143558,750
2019-03-01 07:14:52.791,5.5,buy,3799.21,BTC-29MAR19-4250-C,53.88,0.02,5.5,3,1551424492791,16143560,751
2019-03-01 07:15:16.187,10.0,buy,3798.87,BTC-29MAR19-4250-C,53.89,0.02,10.0,3,1551424516187,16143562,752
2019-03-01 07:16:10.034,10.0,buy,3799.15,BTC-29MAR19-4250-C,53.92,0.02,10.0,3,1551424570034,16143564,753
2019-03-01 07:25:59.648,5.0,sell,3797.05,BTC-29MAR19-4250-C,54.0,0.02,5.0,3,1551425159648,16143640,754
2019-03-01 07:25:59.648,8.8,sell,3797.05,BTC-29MAR19-4250-C,54.0,0.02,8.8,3,1551425159648,16143641,755
2019-03-01 07:38:41.894,10.0,sell,3798.01,BTC-29MAR19-4250-C,54.46,0.0205,10.0,0,1551425921894,16143994,756
2019-03-01 07:44:50.363,10.0,sell,3798.03,BTC-29MAR19-4250-C,54.45,0.0205,10.0,1,1551426290363,16144201,757
2019-03-01 08:48:28.049,0.6,buy,3809.41,BTC-29MAR19-4250-C,56.01,0.0225,0.6,0,1551430108049,16145829,758
2019-03-01 09:07:41.284,0.1,buy,3825.5,BTC-29MAR19-4250-C,54.74,0.0225,0.1,1,1551431261284,16146925,759
2019-03-01 09:07:41.637,0.1,buy,3825.56,BTC-29MAR19-4250-C,54.74,0.0225,0.1,1,1551431261637,16146926,760
2019-03-01 09:07:42.111,0.1,buy,3825.56,BTC-29MAR19-4250-C,54.74,0.0225,0.1,1,1551431262111,16146927,761
2019-03-01 09:07:42.618,0.1,buy,3825.96,BTC-29MAR19-4250-C,54.74,0.0225,0.1,1,1551431262618,16146928,762
2019-03-01 11:00:19.694,7.4,sell,3814.88,BTC-29MAR19-4250-C,55.06,0.022000000000000002,7.4,2,1551438019694,16148721,763
2019-03-01 13:44:03.842,0.1,sell,3813.17,BTC-29MAR19-4250-C,54.86,0.0215,0.1,2,1551447843842,16150069,764
2019-03-01 14:57:50.929,1.0,sell,3818.56,BTC-29MAR19-4250-C,55.15,0.022000000000000002,1.0,0,1551452270929,16150919,765
2019-03-01 15:10:39.024,5.0,sell,3819.8,BTC-29MAR19-4250-C,53.97,0.021,5.0,2,1551453039024,16151221,766
2019-03-01 15:13:52.894,1.0,sell,3817.31,BTC-29MAR19-4250-C,54.76,0.0215,1.0,0,1551453232894,16151272,767
2019-03-01 15:16:48.827,5.0,sell,3817.04,BTC-29MAR19-4250-C,54.15,0.021,5.0,2,1551453408827,16151326,768
2019-03-01 15:21:33.909,0.5,buy,3817.47,BTC-29MAR19-4250-C,54.72,0.0215,0.5,0,1551453693909,16151388,769
2019-03-01 16:01:49.826,4.8,sell,3816.11,BTC-29MAR19-4250-C,54.14,0.021,4.8,2,1551456109826,16151652,770
2019-03-01 16:48:29.876,5.0,buy,3832.01,BTC-29MAR19-4250-C,53.12,0.021,5.0,3,1551458909876,16152676,771
2019-03-01 19:07:57.779,10.0,buy,3833.64,BTC-29MAR19-4250-C,53.53,0.0215,10.0,0,1551467277779,16155364,772
2019-03-01 19:24:24.472,10.0,buy,3832.01,BTC-29MAR19-4250-C,53.66,0.0215,10.0,1,1551468264472,16155478,773
2019-03-01 22:10:09.978,5.0,buy,3831.68,BTC-29MAR19-4250-C,52.58,0.0205,5.0,2,1551478209978,16156864,774
2019-03-01 22:10:13.068,0.5,buy,3831.68,BTC-29MAR19-4250-C,52.55,0.0205,0.5,3,1551478213068,16156920,775
2019-03-01 22:10:14.278,0.5,buy,3831.68,BTC-29MAR19-4250-C,52.55,0.0205,0.5,3,1551478214278,16156943,776
2019-03-01 22:10:14.416,0.6,buy,3831.68,BTC-29MAR19-4250-C,52.55,0.0205,0.6,3,1551478214416,16156945,777
2019-03-01 22:10:15.403,0.3,buy,3833.25,BTC-29MAR19-4250-C,52.54,0.0205,0.3,3,1551478215403,16156949,778
2019-03-01 22:10:16.566,0.2,buy,3833.89,BTC-29MAR19-4250-C,52.36,0.0205,0.2,3,1551478216566,16156954,779
2019-03-01 22:10:17.916,0.3,buy,3834.29,BTC-29MAR19-4250-C,52.31,0.0205,0.3,3,1551478217916,16156968,780
2019-03-01 22:10:19.284,2.6,buy,3835.28,BTC-29MAR19-4250-C,52.22,0.0205,2.6,3,1551478219284,16156969,781
2019-03-02 00:31:12.788,0.1,buy,3811.87,BTC-29MAR19-4250-C,55.34,0.0215,0.1,0,1551486672788,16162031,782
2019-03-04 05:17:43.221,0.4,buy,3716.13,BTC-29MAR19-4250-C,57.36,0.016,0.4,3,1551676663221,16215687,784
2019-03-04 05:17:43.221,0.1,buy,3716.13,BTC-29MAR19-4250-C,57.36,0.016,0.1,2,1551676663221,16215686,783
2019-03-04 05:19:16.116,0.1,sell,3703.77,BTC-29MAR19-4250-C,56.93,0.015,0.1,2,1551676756116,16216069,785
2019-03-04 06:43:52.375,5.0,buy,3728.09,BTC-29MAR19-4250-C,57.27,0.0165,5.0,0,1551681832375,16220819,786
2019-03-04 06:50:37.972,0.1,sell,3723.56,BTC-29MAR19-4250-C,55.48,0.015,0.1,2,1551682237972,16220930,787
2019-03-04 12:39:13.109,0.5,buy,3698.4,BTC-29MAR19-4250-C,56.22,0.014,0.5,2,1551703153109,16235226,788
2019-03-04 14:06:13.792,0.1,sell,3703.27,BTC-29MAR19-4250-C,55.24,0.0135,0.1,2,1551708373792,16236938,789
2019-03-04 14:06:14.165,0.1,sell,3703.27,BTC-29MAR19-4250-C,55.24,0.0135,0.1,3,1551708374165,16236939,790
2019-03-04 14:06:15.669,0.1,sell,3703.27,BTC-29MAR19-4250-C,55.24,0.0135,0.1,3,1551708375669,16236941,791
2019-03-04 18:36:00.847,1.0,sell,3709.05,BTC-29MAR19-4250-C,53.74,0.0125,1.0,2,1551724560847,16242111,792
2019-03-04 19:35:40.307,0.1,buy,3705.16,BTC-29MAR19-4250-C,55.44,0.0135,0.1,0,1551728140307,16242675,793
2019-03-04 19:35:49.788,1.0,buy,3705.39,BTC-29MAR19-4250-C,56.13,0.014,1.0,0,1551728149788,16242676,794
2019-03-04 19:40:04.168,0.9,buy,3703.1,BTC-29MAR19-4250-C,56.17,0.014,0.9,1,1551728404168,16242685,795
2019-03-04 22:51:51.794,2.0,sell,3694.54,BTC-29MAR19-4250-C,53.92,0.012,2.0,2,1551739911794,16244942,796
2019-03-04 23:00:27.426,3.0,sell,3689.3,BTC-29MAR19-4250-C,54.25,0.012,3.0,3,1551740427426,16245137,797
2019-03-05 04:23:54.060,0.1,buy,3701.09,BTC-29MAR19-4250-C,55.59,0.0135,0.1,0,1551759834060,16248984,798
2019-03-05 04:23:54.060,10.0,buy,3701.09,BTC-29MAR19-4250-C,55.59,0.0135,10.0,1,1551759834060,16248985,799
2019-03-05 06:12:28.529,3.6,sell,3709.32,BTC-29MAR19-4250-C,53.71,0.0125,3.6,2,1551766348529,16249926,800
2019-03-05 08:21:37.417,2.0,sell,3720.14,BTC-29MAR19-4250-C,54.76,0.0135,2.0,0,1551774097417,16251496,801
2019-03-05 08:21:37.417,0.1,sell,3720.14,BTC-29MAR19-4250-C,54.76,0.0135,0.1,1,1551774097417,16251497,802
2019-03-05 08:21:45.850,0.1,sell,3720.43,BTC-29MAR19-4250-C,54.74,0.0135,0.1,1,1551774105850,16251500,803
2019-03-05 11:28:15.187,40.0,buy,3722.44,BTC-29MAR19-4250-C,54.37,0.0135,40.0,1,1551785295187,16254540,804
2019-03-05 12:37:44.103,0.2,buy,3738.93,BTC-29MAR19-4250-C,53.55,0.0135,0.2,1,1551789464103,16256090,805
2019-03-05 12:37:44.103,9.8,buy,3738.93,BTC-29MAR19-4250-C,53.55,0.0135,9.8,1,1551789464103,16256091,806
2019-03-05 13:11:10.162,0.2,buy,3745.87,BTC-29MAR19-4250-C,53.07,0.0135,0.2,1,1551791470162,16258021,807
2019-03-05 13:14:15.419,2.0,sell,3758.73,BTC-29MAR19-4250-C,52.76,0.013999999999999999,2.0,0,1551791655419,16258853,808
2019-03-05 13:14:31.363,10.0,buy,3761.07,BTC-29MAR19-4250-C,53.29,0.0145,10.0,0,1551791671363,16258986,809
2019-03-05 13:14:50.106,0.5,buy,3777.03,BTC-29MAR19-4250-C,51.96,0.0145,0.5,1,1551791690106,16259660,810
2019-03-05 13:16:11.932,1.0,buy,3756.24,BTC-29MAR19-4250-C,53.71,0.0145,1.0,1,1551791771932,16260567,811
2019-03-05 13:17:05.799,2.6,buy,3767.31,BTC-29MAR19-4250-C,54.94,0.016,2.6,0,1551791825799,16260888,812
2019-03-05 14:57:53.697,0.4,buy,3818.9,BTC-29MAR19-4250-C,54.56,0.0185,0.4,0,1551797873697,16278736,813
2019-03-05 20:12:19.492,2.0,sell,3845.11,BTC-29MAR19-4250-C,52.24,0.018000000000000002,2.0,2,1551816739492,16294029,814
2019-03-05 20:40:16.194,10.0,buy,3845.19,BTC-29MAR19-4250-C,54.16,0.0195,10.0,0,1551818416194,16294297,815
2019-03-05 20:42:08.145,6.3,buy,3844.64,BTC-29MAR19-4250-C,54.8,0.02,6.3,0,1551818528145,16294307,816
2019-03-05 20:42:08.145,1.7,buy,3844.64,BTC-29MAR19-4250-C,54.8,0.02,1.7,1,1551818528145,16294308,817
2019-03-06 01:02:45.289,0.4,sell,3829.22,BTC-29MAR19-4250-C,53.0,0.0175,0.4,2,1551834165289,16301459,818
2019-03-06 01:02:45.289,0.8,sell,3829.22,BTC-29MAR19-4250-C,52.35,0.017,0.8,2,1551834165289,16301460,819
2019-03-06 01:09:13.656,2.0,sell,3824.14,BTC-29MAR19-4250-C,52.21,0.0165,2.0,2,1551834553656,16301638,820
2019-03-06 01:21:42.128,0.1,buy,3822.6,BTC-29MAR19-4250-C,54.93,0.0185,0.1,0,1551835302128,16301771,821
2019-03-06 08:29:11.563,0.1,sell,3834.5,BTC-29MAR19-4250-C,53.5,0.018000000000000002,0.1,2,1551860951563,16308458,822
2019-03-06 08:29:11.969,0.1,sell,3834.5,BTC-29MAR19-4250-C,53.5,0.018000000000000002,0.1,3,1551860951969,16308459,823
2019-03-06 10:45:03.992,0.4,buy,3872.6,BTC-29MAR19-4250-C,51.98,0.019,0.4,0,1551869103992,16313041,824
2019-03-06 10:45:12.091,0.1,buy,3877.69,BTC-29MAR19-4250-C,51.61,0.019,0.1,1,1551869112091,16313147,825
2019-03-06 10:48:01.227,0.1,sell,3851.51,BTC-29MAR19-4250-C,53.55,0.019,0.1,1,1551869281227,16315050,826
2019-03-06 13:31:56.492,0.2,sell,3835.88,BTC-29MAR19-4250-C,53.39,0.018000000000000002,0.2,2,1551879116492,16320646,827
2019-03-06 16:36:18.708,10.0,sell,3842.19,BTC-29MAR19-4250-C,51.89,0.017,10.0,2,1551890178708,16325079,828
2019-03-07 00:14:40.760,10.0,sell,3857.96,BTC-29MAR19-4250-C,52.25,0.018000000000000002,10.0,0,1551917680760,16330798,829
2019-03-07 00:16:45.983,10.0,sell,3859.7,BTC-29MAR19-4250-C,52.16,0.018000000000000002,10.0,1,1551917805983,16330858,830
2019-03-07 00:17:03.095,10.0,sell,3859.76,BTC-29MAR19-4250-C,52.15,0.018000000000000002,10.0,1,1551917823095,16330868,831
2019-03-07 00:27:27.923,10.0,sell,3851.35,BTC-29MAR19-4250-C,52.79,0.018000000000000002,10.0,1,1551918447923,16331098,832
2019-03-07 00:30:48.646,20.0,sell,3851.6,BTC-29MAR19-4250-C,52.76,0.018000000000000002,20.0,1,1551918648646,16331260,833
2019-03-07 00:30:48.646,1.7,sell,3851.6,BTC-29MAR19-4250-C,52.76,0.018000000000000002,1.7,1,1551918648646,16331261,834
2019-03-07 00:51:49.307,3.2,buy,3863.02,BTC-29MAR19-4250-C,53.1,0.019,3.2,1,1551919909307,16331620,837
2019-03-07 00:51:49.307,0.1,buy,3863.02,BTC-29MAR19-4250-C,53.1,0.019,0.1,0,1551919909307,16331618,835
2019-03-07 00:51:49.307,1.7,buy,3863.02,BTC-29MAR19-4250-C,53.1,0.019,1.7,1,1551919909307,16331619,836
2019-03-07 06:10:00.948,1.0,sell,3863.05,BTC-29MAR19-4250-C,50.52,0.0165,1.0,2,1551939000948,16342497,838
2019-03-07 08:32:59.140,15.0,sell,3849.25,BTC-29MAR19-4250-C,50.25,0.0155,15.0,3,1551947579140,16345206,842
2019-03-07 08:32:59.140,0.5,sell,3849.25,BTC-29MAR19-4250-C,50.25,0.0155,0.5,3,1551947579140,16345205,841
2019-03-07 08:32:59.140,13.0,sell,3849.25,BTC-29MAR19-4250-C,50.25,0.0155,13.0,2,1551947579140,16345203,839
2019-03-07 08:32:59.140,0.3,sell,3849.25,BTC-29MAR19-4250-C,50.25,0.0155,0.3,3,1551947579140,16345204,840
2019-03-07 08:33:00.128,13.0,buy,3849.16,BTC-29MAR19-4250-C,50.25,0.0155,13.0,3,1551947580128,16345207,843
2019-03-07 08:33:00.570,13.0,buy,3849.16,BTC-29MAR19-4250-C,50.25,0.0155,13.0,3,1551947580570,16345208,844
2019-03-07 09:01:15.823,13.0,sell,3845.44,BTC-29MAR19-4250-C,49.13,0.0145,13.0,2,1551949275823,16345888,845
2019-03-07 09:01:15.823,0.3,sell,3845.44,BTC-29MAR19-4250-C,49.13,0.0145,0.3,3,1551949275823,16345889,846
2019-03-07 09:01:17.028,13.0,buy,3845.53,BTC-29MAR19-4250-C,49.13,0.0145,13.0,3,1551949277028,16345890,847
2019-03-07 09:01:18.081,13.0,buy,3845.61,BTC-29MAR19-4250-C,49.13,0.0145,13.0,3,1551949278081,16345891,848
2019-03-07 09:04:36.159,1.7,sell,3841.97,BTC-29MAR19-4250-C,48.07,0.0135,1.7,3,1551949476159,16346262,851
2019-03-07 09:04:36.159,5.0,sell,3841.97,BTC-29MAR19-4250-C,48.07,0.0135,5.0,3,1551949476159,16346263,852
2019-03-07 09:04:36.159,0.5,sell,3841.97,BTC-29MAR19-4250-C,48.07,0.0135,0.5,2,1551949476159,16346260,849
2019-03-07 09:04:36.159,13.0,sell,3841.97,BTC-29MAR19-4250-C,48.07,0.0135,13.0,3,1551949476159,16346261,850
2019-03-07 09:04:36.159,0.3,sell,3841.97,BTC-29MAR19-4250-C,48.07,0.0135,0.3,3,1551949476159,16346264,853
2019-03-07 09:04:37.219,13.0,buy,3842.16,BTC-29MAR19-4250-C,48.06,0.0135,13.0,3,1551949477219,16346273,854
2019-03-07 09:04:38.090,5.3,buy,3842.41,BTC-29MAR19-4250-C,48.06,0.0135,5.3,3,1551949478090,16346283,855
2019-03-07 09:04:38.312,13.0,buy,3842.41,BTC-29MAR19-4250-C,48.06,0.0135,13.0,3,1551949478312,16346284,856
2019-03-07 09:04:38.797,0.5,buy,3842.36,BTC-29MAR19-4250-C,48.05,0.0135,0.5,3,1551949478797,16346286,858
2019-03-07 09:04:38.797,4.1,buy,3842.36,BTC-29MAR19-4250-C,48.05,0.0135,4.1,3,1551949478797,16346285,857
2019-03-07 09:39:52.617,0.1,buy,3845.72,BTC-29MAR19-4250-C,49.75,0.015,0.1,0,1551951592617,16347054,859
2019-03-07 12:33:00.489,2.0,buy,3856.81,BTC-29MAR19-4250-C,49.26,0.015,2.0,1,1551961980489,16350213,860
2019-03-07 12:33:00.489,0.5,buy,3856.81,BTC-29MAR19-4250-C,49.26,0.015,0.5,1,1551961980489,16350214,861
2019-03-07 18:00:33.005,0.1,buy,3859.67,BTC-29MAR19-4250-C,48.55,0.0145,0.1,2,1551981633005,16360732,862
2019-03-07 18:00:34.441,0.1,sell,3859.67,BTC-29MAR19-4250-C,48.54,0.0145,0.1,3,1551981634441,16360733,863
2019-03-07 18:17:11.966,1.0,buy,3862.12,BTC-29MAR19-4250-C,48.87,0.015,1.0,0,1551982631966,16360889,864
2019-03-07 18:18:00.106,0.7000000000000001,buy,3861.86,BTC-29MAR19-4250-C,48.93,0.015,0.7000000000000001,1,1551982680106,16360895,865
2019-03-07 22:14:45.614,2.0,sell,3858.29,BTC-29MAR19-4250-C,48.61,0.0145,2.0,2,1551996885614,16363112,866
2019-03-07 23:48:38.465,0.3,sell,3854.08,BTC-29MAR19-4250-C,48.18,0.014,0.3,2,1552002518465,16364099,867
2019-03-07 23:48:38.465,4.9,sell,3854.08,BTC-29MAR19-4250-C,48.18,0.014,4.9,3,1552002518465,16364100,868
2019-03-08 00:29:42.614,75.0,buy,3861.16,BTC-29MAR19-4250-C,48.63,0.0145,75.0,0,1552004982614,16364466,869
2019-03-08 07:04:43.662,0.1,sell,3878.89,BTC-29MAR19-4250-C,47.71,0.0145,0.1,1,1552028683662,16375240,871
2019-03-08 07:04:43.662,0.1,sell,3878.89,BTC-29MAR19-4250-C,47.71,0.0145,0.1,1,1552028683662,16375239,870
2019-03-08 07:10:43.129,0.2,sell,3870.23,BTC-29MAR19-4250-C,48.48,0.0145,0.2,1,1552029043129,16376002,872
2019-03-08 07:10:44.182,0.2,sell,3870.23,BTC-29MAR19-4250-C,48.48,0.0145,0.2,1,1552029044182,16376005,873
2019-03-08 07:23:07.059,0.5,sell,3864.98,BTC-29MAR19-4250-C,48.85,0.0145,0.5,1,1552029787059,16376634,874
2019-03-08 09:44:04.129,0.2,sell,3866.65,BTC-29MAR19-4250-C,47.47,0.0135,0.2,2,1552038244129,16380002,875
2019-03-08 10:41:18.089,0.1,sell,3873.01,BTC-29MAR19-4250-C,45.61,0.0125,0.1,2,1552041678089,16380668,876
2019-03-08 10:41:18.089,0.1,sell,3873.01,BTC-29MAR19-4250-C,44.89,0.012,0.1,2,1552041678089,16380669,877
2019-03-08 10:41:18.089,0.2,sell,3873.01,BTC-29MAR19-4250-C,44.89,0.012,0.2,3,1552041678089,16380670,878
2019-03-08 10:41:23.560,0.4,sell,3873.36,BTC-29MAR19-4250-C,44.87,0.012,0.4,3,1552041683560,16380671,879
2019-03-08 11:19:37.769,0.3,sell,3875.98,BTC-29MAR19-4250-C,45.57,0.0125,0.3,0,1552043977769,16382377,880
2019-03-08 11:19:37.841,0.3,sell,3875.98,BTC-29MAR19-4250-C,45.57,0.0125,0.3,1,1552043977841,16382383,881
2019-03-08 11:38:09.512,0.1,buy,3875.78,BTC-29MAR19-4250-C,47.16,0.0135,0.1,0,1552045089512,16382575,882
2019-03-08 17:36:36.629,0.3,buy,3886.92,BTC-29MAR19-4250-C,47.67,0.0145,0.3,0,1552066596629,16390204,884
2019-03-08 17:36:36.629,0.1,buy,3886.92,BTC-29MAR19-4250-C,46.98,0.014,0.1,0,1552066596629,16390203,883
2019-03-08 19:42:26.706,0.4,buy,3890.61,BTC-29MAR19-4250-C,47.75,0.0145,0.4,1,1552074146706,16391598,885
2019-03-08 19:42:49.929,0.4,buy,3890.98,BTC-29MAR19-4250-C,47.72,0.0145,0.4,1,1552074169929,16391613,886
2019-03-08 19:42:55.151,0.4,buy,3890.87,BTC-29MAR19-4250-C,47.72,0.0145,0.4,1,1552074175151,16391619,887
2019-03-08 19:57:15.660,10.0,buy,3895.98,BTC-29MAR19-4250-C,47.78,0.015,10.0,0,1552075035660,16391967,888
2019-03-08 20:54:56.210,1.0,buy,3896.82,BTC-29MAR19-4250-C,47.13,0.0145,1.0,2,1552078496210,16393880,889
2019-03-08 22:02:17.226,0.3,sell,3834.33,BTC-29MAR19-4250-C,48.65,0.0125,0.3,2,1552082537226,16397199,890
2019-03-08 22:02:18.191,0.3,sell,3834.33,BTC-29MAR19-4250-C,48.65,0.0125,0.3,3,1552082538191,16397232,891
2019-03-08 22:03:06.125,16.0,sell,3813.36,BTC-29MAR19-4250-C,50.4,0.0125,16.0,3,1552082586125,16398178,892
2019-03-08 22:03:07.951,5.0,sell,3809.82,BTC-29MAR19-4250-C,50.79,0.0125,5.0,3,1552082587951,16398234,893
2019-03-08 22:03:09.103,0.4,sell,3809.66,BTC-29MAR19-4250-C,50.6,0.0125,0.4,3,1552082589103,16398288,894
2019-03-08 22:03:09.515,0.3,sell,3809.66,BTC-29MAR19-4250-C,50.6,0.0125,0.3,3,1552082589515,16398300,895
2019-03-08 22:03:11.929,0.3,sell,3809.48,BTC-29MAR19-4250-C,50.63,0.0125,0.3,3,1552082591929,16398407,896
2019-03-08 22:03:12.737,0.3,sell,3806.52,BTC-29MAR19-4250-C,50.69,0.0125,0.3,3,1552082592737,16398419,897
2019-03-08 22:03:12.775,2.8000000000000003,sell,3806.52,BTC-29MAR19-4250-C,50.69,0.0125,2.8000000000000003,3,1552082592775,16398420,898
2019-03-08 22:03:14.053,0.3,sell,3805.21,BTC-29MAR19-4250-C,50.94,0.0125,0.3,3,1552082594053,16398506,899
2019-03-08 22:03:14.766,9.0,sell,3809.67,BTC-29MAR19-4250-C,50.74,0.0125,9.0,3,1552082594766,16398531,900
2019-03-08 22:03:15.383,0.3,sell,3809.67,BTC-29MAR19-4250-C,50.74,0.0125,0.3,3,1552082595383,16398571,901
2019-03-08 22:03:15.968,9.4,sell,3807.66,BTC-29MAR19-4250-C,50.99,0.0125,9.4,3,1552082595968,16398663,902
2019-03-08 22:03:16.220,0.3,sell,3807.66,BTC-29MAR19-4250-C,50.99,0.0125,0.3,3,1552082596220,16398689,903
2019-03-08 22:03:17.039,0.3,sell,3805.39,BTC-29MAR19-4250-C,51.16,0.0125,0.3,3,1552082597039,16398782,904
2019-03-08 22:03:17.148,0.3,sell,3805.39,BTC-29MAR19-4250-C,51.16,0.0125,0.3,3,1552082597148,16398789,905
2019-03-08 22:03:17.269,3.1,sell,3805.39,BTC-29MAR19-4250-C,51.16,0.0125,3.1,3,1552082597269,16398800,906
2019-03-08 22:03:20.888,0.3,sell,3794.13,BTC-29MAR19-4250-C,52.33,0.0125,0.3,3,1552082600888,16398971,907
2019-03-08 22:03:21.462,8.9,sell,3794.13,BTC-29MAR19-4250-C,52.33,0.0125,8.9,3,1552082601462,16399001,908
2019-03-08 22:03:21.786,1.7,sell,3794.13,BTC-29MAR19-4250-C,52.33,0.0125,1.7,3,1552082601786,16399018,909
2019-03-08 22:03:24.602,0.3,sell,3791.36,BTC-29MAR19-4250-C,52.74,0.0125,0.3,3,1552082604602,16399169,910
2019-03-08 22:03:24.667,0.3,sell,3791.36,BTC-29MAR19-4250-C,52.74,0.0125,0.3,3,1552082604667,16399170,911
2019-03-08 22:03:24.703,0.3,sell,3791.36,BTC-29MAR19-4250-C,52.74,0.0125,0.3,3,1552082604703,16399171,912
2019-03-08 22:03:24.745,0.3,sell,3791.36,BTC-29MAR19-4250-C,52.74,0.0125,0.3,3,1552082604745,16399177,913
2019-03-08 22:03:24.917,0.3,sell,3791.36,BTC-29MAR19-4250-C,52.74,0.0125,0.3,3,1552082604917,16399181,914
2019-03-08 22:03:33.231,15.9,sell,3789.61,BTC-29MAR19-4250-C,53.02,0.0125,15.9,3,1552082613231,16399478,915
2019-03-08 22:03:49.504,0.5,buy,3778.15,BTC-29MAR19-4250-C,51.78,0.0115,0.5,2,1552082629504,16399777,916
2019-03-08 22:04:15.608,0.3,buy,3775.67,BTC-29MAR19-4250-C,51.85,0.0115,0.3,3,1552082655608,16400313,917
2019-03-08 22:04:17.047,0.3,buy,3778.76,BTC-29MAR19-4250-C,51.83,0.0115,0.3,3,1552082657047,16400359,918
2019-03-08 22:04:21.658,0.3,buy,3778.09,BTC-29MAR19-4250-C,51.57,0.0115,0.3,3,1552082661658,16400436,919
2019-03-08 22:05:57.567,0.3,buy,3808.87,BTC-29MAR19-4250-C,51.33,0.0125,0.3,0,1552082757567,16401622,920
2019-03-08 22:05:57.827,0.3,buy,3808.88,BTC-29MAR19-4250-C,51.31,0.0125,0.3,1,1552082757827,16401627,921
2019-03-08 23:25:55.599,16.0,sell,3829.74,BTC-29MAR19-4250-C,49.62,0.0125,16.0,1,1552087555599,16406820,922
2019-03-08 23:33:36.744,16.0,buy,3839.35,BTC-29MAR19-4250-C,49.0,0.0125,16.0,1,1552088016744,16407011,923
2019-03-08 23:33:37.217,16.0,buy,3839.35,BTC-29MAR19-4250-C,48.99,0.0125,16.0,1,1552088017217,16407012,924
2019-03-08 23:33:43.464,0.1,buy,3841.47,BTC-29MAR19-4250-C,48.78,0.0125,0.1,1,1552088023464,16407038,925
2019-03-08 23:38:59.288,5.6000000000000005,sell,3841.67,BTC-29MAR19-4250-C,48.8,0.0125,5.6000000000000005,1,1552088339288,16407299,926
2019-03-08 23:40:48.107,4.8,sell,3843.66,BTC-29MAR19-4250-C,47.99,0.012,4.8,3,1552088448107,16407370,928
2019-03-08 23:40:48.107,6.5,sell,3843.66,BTC-29MAR19-4250-C,47.99,0.012,6.5,2,1552088448107,16407369,927
2019-03-09 05:24:02.707,0.1,sell,3859.85,BTC-29MAR19-4250-C,46.98,0.012,0.1,3,1552109042707,16412931,929
2019-03-09 06:21:01.483,0.1,buy,3887.94,BTC-29MAR19-4250-C,47.93,0.013999999999999999,0.1,0,1552112461483,16414262,930
2019-03-09 09:18:07.707,0.2,sell,3899.65,BTC-29MAR19-4250-C,49.05,0.0155,0.2,0,1552123087707,16422402,931
2019-03-09 13:52:44.433,0.3,sell,3898.21,BTC-29MAR19-4250-C,49.0,0.015,0.3,2,1552139564433,16428187,932
2019-03-09 15:25:17.276,0.1,sell,3920.09,BTC-29MAR19-4250-C,48.07,0.0155,0.1,0,1552145117276,16435246,933
2019-03-09 15:25:45.649,0.3,sell,3918.7,BTC-29MAR19-4250-C,48.26,0.0155,0.3,1,1552145145649,16435347,934
2019-03-09 15:26:16.229,0.3,sell,3915.03,BTC-29MAR19-4250-C,48.64,0.0155,0.3,1,1552145176229,16435462,935
2019-03-09 15:26:16.285,0.3,sell,3915.03,BTC-29MAR19-4250-C,48.64,0.0155,0.3,1,1552145176285,16435464,936
2019-03-09 16:35:45.789,0.2,sell,3910.25,BTC-29MAR19-4250-C,48.51,0.015,0.2,2,1552149345789,16439546,937
2019-03-09 16:41:57.867,4.0,buy,3913.91,BTC-29MAR19-4250-C,49.01,0.0155,4.0,0,1552149717867,16440182,938
2019-03-09 16:42:41.589,0.2,sell,3914.29,BTC-29MAR19-4250-C,48.31,0.015,0.2,2,1552149761589,16440216,939
2019-03-09 16:42:41.889,0.2,sell,3914.29,BTC-29MAR19-4250-C,48.31,0.015,0.2,3,1552149761889,16440218,940
2019-03-09 16:57:55.653,0.1,sell,3903.13,BTC-29MAR19-4250-C,49.09,0.015,0.1,3,1552150675653,16440643,941
2019-03-10 13:58:50.617,0.1,sell,3875.58,BTC-29MAR19-4250-C,50.22,0.0135,0.1,2,1552226330617,16461642,942
2019-03-10 16:27:00.441,0.3,sell,3876.47,BTC-29MAR19-4250-C,49.8,0.0135,0.3,3,1552235220441,16463962,943
2019-03-10 16:27:05.928,1.6,sell,3871.99,BTC-29MAR19-4250-C,50.34,0.0135,1.6,3,1552235225928,16464012,944
2019-03-10 19:21:30.280,5.0,buy,3881.74,BTC-29MAR19-4250-C,50.52,0.014,5.0,0,1552245690280,16465806,945
2019-03-10 19:24:36.881,5.0,buy,3881.31,BTC-29MAR19-4250-C,50.52,0.014,5.0,1,1552245876881,16465813,946
2019-03-10 20:04:06.782,0.4,buy,3884.2,BTC-29MAR19-4250-C,50.56,0.014,0.4,1,1552248246782,16465929,947
2019-03-10 21:48:21.972,0.3,buy,3893.77,BTC-29MAR19-4250-C,49.59,0.014,0.3,1,1552254501972,16467117,948
2019-03-10 21:48:21.972,0.1,buy,3893.77,BTC-29MAR19-4250-C,50.32,0.0145,0.1,0,1552254501972,16467118,949
2019-03-10 22:45:58.347,1.0,sell,3909.42,BTC-29MAR19-4250-C,49.2,0.0145,1.0,1,1552257958347,16467868,950
2019-03-10 22:47:35.162,2.0,sell,3909.2,BTC-29MAR19-4250-C,48.5,0.014,2.0,2,1552258055162,16467883,951
2019-03-10 22:54:59.565,0.4,buy,3901.34,BTC-29MAR19-4250-C,49.82,0.0145,0.4,0,1552258499565,16468206,952
2019-03-10 22:55:38.234,0.4,buy,3901.28,BTC-29MAR19-4250-C,49.84,0.0145,0.4,1,1552258538234,16468214,953
2019-03-10 23:14:11.126,5.0,buy,3904.85,BTC-29MAR19-4250-C,49.39,0.0145,5.0,1,1552259651126,16468368,954
2019-03-10 23:41:35.029,0.3,sell,3901.12,BTC-29MAR19-4250-C,49.27,0.014,0.3,2,1552261295029,16468708,955
2019-03-10 23:41:35.067,0.3,buy,3901.12,BTC-29MAR19-4250-C,49.27,0.014,0.3,3,1552261295067,16468709,956
2019-03-10 23:41:35.123,0.3,buy,3901.12,BTC-29MAR19-4250-C,49.27,0.014,0.3,3,1552261295123,16468710,957
2019-03-10 23:41:35.188,0.3,buy,3901.12,BTC-29MAR19-4250-C,49.27,0.014,0.3,3,1552261295188,16468718,958
2019-03-11 03:05:21.313,0.3,buy,3909.12,BTC-29MAR19-4250-C,49.32,0.0145,0.3,0,1552273521313,16471173,959
2019-03-11 04:26:11.466,2.0,sell,3901.87,BTC-29MAR19-4250-C,48.43,0.0135,2.0,2,1552278371466,16471786,960
2019-03-11 04:59:02.491,10.0,sell,3892.0,BTC-29MAR19-4250-C,48.72,0.013,10.0,2,1552280342491,16472704,961
2019-03-11 04:59:17.226,10.0,sell,3888.99,BTC-29MAR19-4250-C,48.99,0.013,10.0,3,1552280357226,16472768,962
2019-03-11 04:59:20.682,10.0,sell,3889.84,BTC-29MAR19-4250-C,48.94,0.013000000000000001,10.0,3,1552280360682,16472773,963
2019-03-11 05:01:22.194,10.0,sell,3884.74,BTC-29MAR19-4250-C,49.33,0.013000000000000001,10.0,3,1552280482194,16472928,964
2019-03-11 05:01:41.778,2.0,sell,3885.19,BTC-29MAR19-4250-C,49.26,0.013000000000000001,2.0,3,1552280501778,16472934,965
2019-03-11 05:01:41.778,0.1,sell,3885.19,BTC-29MAR19-4250-C,49.26,0.013000000000000001,0.1,3,1552280501778,16472935,966
2019-03-11 06:07:22.929,0.1,sell,3866.61,BTC-29MAR19-4250-C,47.73,0.011000000000000001,0.1,2,1552284442929,16477742,967
2019-03-11 08:26:39.890,0.2,sell,3869.2,BTC-29MAR19-4250-C,48.93,0.012,0.2,0,1552292799890,16480540,968
2019-03-11 08:31:23.497,1.0,sell,3870.32,BTC-29MAR19-4250-C,48.94,0.012,1.0,1,1552293083497,16480569,969
2019-03-11 08:46:29.363,2.0,sell,3867.94,BTC-29MAR19-4250-C,49.2,0.012,2.0,1,1552293989363,16480732,970
2019-03-11 08:46:29.363,0.5,sell,3867.94,BTC-29MAR19-4250-C,49.2,0.012,0.5,1,1552293989363,16480733,971
2019-03-11 09:00:07.136,2.0,sell,3870.14,BTC-29MAR19-4250-C,49.2,0.012,2.0,1,1552294807136,16480900,972
2019-03-11 09:15:45.656,2.0,sell,3864.8,BTC-29MAR19-4250-C,49.55,0.012,2.0,1,1552295745656,16481547,973
2019-03-11 09:56:07.834,0.3,sell,3872.41,BTC-29MAR19-4250-C,49.83,0.0125,0.3,0,1552298167834,16481964,974
2019-03-11 10:15:45.627,0.3,sell,3873.48,BTC-29MAR19-4250-C,49.15,0.012,0.3,2,1552299345627,16482258,975
2019-03-11 10:51:37.575,2.0,sell,3865.07,BTC-29MAR19-4250-C,48.94,0.0115,2.0,2,1552301497575,16482595,976
2019-03-11 11:04:41.187,0.3,buy,3864.21,BTC-29MAR19-4250-C,48.1,0.011000000000000001,0.3,2,1552302281187,16483088,977
2019-03-11 11:22:53.387,9.3,sell,3857.61,BTC-29MAR19-4250-C,47.75,0.0105,9.3,2,1552303373387,16483380,978
2019-03-11 13:32:07.654,0.3,sell,3841.19,BTC-29MAR19-4250-C,47.95,0.01,0.3,2,1552311127654,16490839,979
2019-03-11 13:33:11.810,0.3,sell,3841.35,BTC-29MAR19-4250-C,47.16,0.0095,0.3,3,1552311191810,16490852,981
2019-03-11 13:33:11.810,5.2,sell,3841.35,BTC-29MAR19-4250-C,47.16,0.0095,5.2,2,1552311191810,16490851,980
2019-03-11 13:33:11.812,3.2,buy,3841.35,BTC-29MAR19-4250-C,47.16,0.0095,3.2,3,1552311191812,16490853,982
2019-03-11 23:41:57.483,0.7000000000000001,sell,3852.68,BTC-29MAR19-4250-C,47.88,0.01,0.7000000000000001,0,1552347717483,16498504,983
2019-03-12 00:26:10.258,0.3,sell,3837.96,BTC-29MAR19-4250-C,49.22,0.01,0.3,1,1552350370258,16499245,984
2019-03-12 00:34:29.674,4.0,sell,3835.38,BTC-29MAR19-4250-C,49.27,0.01,4.0,1,1552350869674,16499486,985
2019-03-12 01:50:12.635,5.0,sell,3822.42,BTC-29MAR19-4250-C,47.4,0.0085,5.0,2,1552355412635,16503329,986
2019-03-12 02:03:46.289,0.3,sell,3807.43,BTC-29MAR19-4250-C,47.84,0.008,0.3,2,1552356226289,16504096,987
2019-03-12 06:28:13.382,0.5,buy,3817.09,BTC-29MAR19-4250-C,48.95,0.009000000000000001,0.5,0,1552372093382,16510165,988
2019-03-12 08:00:53.341,0.5,buy,3826.8,BTC-29MAR19-4250-C,48.49,0.009000000000000001,0.5,1,1552377653341,16510781,989
2019-03-12 08:03:16.169,0.1,buy,3831.51,BTC-29MAR19-4250-C,48.12,0.009000000000000001,0.1,1,1552377796169,16510941,990
2019-03-12 08:03:17.372,0.1,buy,3832.05,BTC-29MAR19-4250-C,48.07,0.009000000000000001,0.1,1,1552377797372,16510978,991
2019-03-12 08:03:17.639,0.1,buy,3833.21,BTC-29MAR19-4250-C,48.06,0.009000000000000001,0.1,1,1552377797639,16510982,992
2019-03-12 08:03:18.224,0.1,buy,3833.21,BTC-29MAR19-4250-C,48.06,0.009000000000000001,0.1,1,1552377798224,16511002,993
2019-03-12 08:03:18.796,0.1,buy,3833.63,BTC-29MAR19-4250-C,47.96,0.009000000000000001,0.1,1,1552377798796,16511004,994
2019-03-12 08:03:19.376,0.1,buy,3833.63,BTC-29MAR19-4250-C,47.93,0.009000000000000001,0.1,1,1552377799376,16511006,995
2019-03-12 08:03:20.003,0.1,buy,3833.93,BTC-29MAR19-4250-C,47.93,0.009000000000000001,0.1,1,1552377800003,16511010,996
2019-03-12 08:03:20.454,0.1,buy,3833.93,BTC-29MAR19-4250-C,47.93,0.009000000000000001,0.1,1,1552377800454,16511011,997
2019-03-12 08:03:20.618,0.1,buy,3834.06,BTC-29MAR19-4250-C,47.9,0.009000000000000001,0.1,1,1552377800618,16511014,998
2019-03-12 08:03:21.109,0.1,buy,3834.06,BTC-29MAR19-4250-C,47.9,0.009000000000000001,0.1,1,1552377801109,16511016,999
2019-03-12 08:03:21.602,0.1,buy,3835.7,BTC-29MAR19-4250-C,47.76,0.009000000000000001,0.1,1,1552377801602,16511023,1000
2019-03-12 08:03:22.207,0.1,buy,3835.7,BTC-29MAR19-4250-C,47.76,0.009000000000000001,0.1,1,1552377802207,16511033,1001
2019-03-12 08:03:22.386,0.1,buy,3835.7,BTC-29MAR19-4250-C,47.76,0.009000000000000001,0.1,1,1552377802386,16511034,1002
2019-03-12 08:03:22.433,0.1,buy,3835.7,BTC-29MAR19-4250-C,47.76,0.009000000000000001,0.1,1,1552377802433,16511035,1003
2019-03-12 08:03:22.464,0.1,buy,3835.7,BTC-29MAR19-4250-C,47.76,0.009000000000000001,0.1,1,1552377802464,16511036,1004
2019-03-12 08:03:22.497,0.1,buy,3835.7,BTC-29MAR19-4250-C,47.76,0.009000000000000001,0.1,1,1552377802497,16511037,1005
2019-03-12 08:03:22.840,0.1,buy,3835.47,BTC-29MAR19-4250-C,47.76,0.009000000000000001,0.1,1,1552377802840,16511038,1006
2019-03-12 08:03:23.448,0.1,buy,3835.47,BTC-29MAR19-4250-C,47.76,0.009000000000000001,0.1,1,1552377803448,16511041,1007
2019-03-12 08:03:23.979,0.1,buy,3835.69,BTC-29MAR19-4250-C,47.76,0.009000000000000001,0.1,1,1552377803979,16511042,1008
2019-03-12 08:03:24.523,0.1,buy,3835.69,BTC-29MAR19-4250-C,47.76,0.009000000000000001,0.1,1,1552377804523,16511043,1009
2019-03-12 08:03:25.090,0.1,buy,3835.57,BTC-29MAR19-4250-C,47.77,0.009000000000000001,0.1,1,1552377805090,16511045,1010
2019-03-12 08:03:25.629,0.1,buy,3836.19,BTC-29MAR19-4250-C,47.76,0.009000000000000001,0.1,1,1552377805629,16511047,1011
2019-03-12 08:03:26.114,0.1,buy,3836.19,BTC-29MAR19-4250-C,47.76,0.009000000000000001,0.1,1,1552377806114,16511049,1012
2019-03-12 08:03:26.637,0.1,buy,3836.19,BTC-29MAR19-4250-C,47.76,0.009000000000000001,0.1,1,1552377806637,16511053,1013
2019-03-12 08:03:27.205,0.1,buy,3836.19,BTC-29MAR19-4250-C,47.76,0.009000000000000001,0.1,1,1552377807205,16511062,1014
2019-03-12 08:03:27.771,0.1,buy,3836.19,BTC-29MAR19-4250-C,47.76,0.009000000000000001,0.1,1,1552377807771,16511063,1015
2019-03-12 08:03:28.251,0.1,buy,3836.19,BTC-29MAR19-4250-C,47.72,0.009000000000000001,0.1,1,1552377808251,16511067,1016
2019-03-12 08:03:28.769,0.1,buy,3836.19,BTC-29MAR19-4250-C,47.72,0.009000000000000001,0.1,1,1552377808769,16511068,1017
2019-03-12 08:03:43.611,0.1,buy,3837.66,BTC-29MAR19-4250-C,47.68,0.009000000000000001,0.1,1,1552377823611,16511111,1018
2019-03-12 08:03:43.641,0.1,buy,3837.66,BTC-29MAR19-4250-C,47.68,0.009000000000000001,0.1,1,1552377823641,16511112,1019
2019-03-12 08:03:43.675,0.1,buy,3837.66,BTC-29MAR19-4250-C,47.68,0.009000000000000001,0.1,1,1552377823675,16511113,1020
2019-03-12 08:03:43.711,0.1,buy,3837.66,BTC-29MAR19-4250-C,47.68,0.009000000000000001,0.1,1,1552377823711,16511114,1021
2019-03-12 08:03:43.755,0.1,buy,3837.66,BTC-29MAR19-4250-C,47.68,0.009000000000000001,0.1,1,1552377823755,16511115,1022
2019-03-12 08:03:45.052,0.1,buy,3837.66,BTC-29MAR19-4250-C,47.68,0.009000000000000001,0.1,1,1552377825052,16511119,1023
2019-03-12 08:03:45.591,0.1,buy,3837.66,BTC-29MAR19-4250-C,47.68,0.009000000000000001,0.1,1,1552377825591,16511122,1024
2019-03-12 08:03:46.157,0.1,buy,3837.66,BTC-29MAR19-4250-C,47.67,0.009000000000000001,0.1,1,1552377826157,16511124,1025
2019-03-12 08:03:47.371,0.3,buy,3837.69,BTC-29MAR19-4250-C,47.67,0.009000000000000001,0.3,1,1552377827371,16511128,1026
2019-03-12 08:03:50.147,0.3,buy,3838.5,BTC-29MAR19-4250-C,47.59,0.009000000000000001,0.3,1,1552377830147,16511160,1027
2019-03-12 08:03:50.873,0.1,buy,3838.47,BTC-29MAR19-4250-C,47.58,0.009000000000000001,0.1,1,1552377830873,16511163,1028
2019-03-12 08:03:52.826,0.1,buy,3838.47,BTC-29MAR19-4250-C,47.58,0.009000000000000001,0.1,1,1552377832826,16511170,1029
2019-03-12 08:03:53.356,0.1,buy,3838.47,BTC-29MAR19-4250-C,47.58,0.009000000000000001,0.1,1,1552377833356,16511174,1030
2019-03-12 08:03:54.620,0.1,buy,3838.54,BTC-29MAR19-4250-C,47.56,0.009000000000000001,0.1,1,1552377834620,16511187,1031
2019-03-12 08:03:54.916,0.1,buy,3838.54,BTC-29MAR19-4250-C,47.56,0.009000000000000001,0.1,1,1552377834916,16511188,1032
2019-03-12 08:03:55.460,0.1,buy,3838.54,BTC-29MAR19-4250-C,47.55,0.009000000000000001,0.1,1,1552377835460,16511193,1033
2019-03-12 08:03:55.961,0.1,buy,3838.54,BTC-29MAR19-4250-C,47.55,0.009000000000000001,0.1,1,1552377835961,16511195,1034
2019-03-12 14:37:41.343,3.0,sell,3862.33,BTC-29MAR19-4250-C,47.48,0.0095,3.0,0,1552401461343,16521336,1035
2019-03-12 15:05:12.620,1.0,sell,3866.29,BTC-29MAR19-4250-C,46.44,0.009000000000000001,1.0,2,1552403112620,16521675,1036
2019-03-12 15:05:13.884,1.0,sell,3866.29,BTC-29MAR19-4250-C,46.43,0.009000000000000001,1.0,3,1552403113884,16521676,1037
2019-03-12 22:49:18.877,0.4,sell,3866.11,BTC-29MAR19-4250-C,47.59,0.0095,0.4,0,1552430958877,16526035,1038
2019-03-13 17:38:34.401,0.1,buy,3855.29,BTC-29MAR19-4250-C,49.3,0.009000000000000001,0.1,2,1552498714401,16544050,1039
2019-03-13 19:47:13.189,0.4,buy,3854.21,BTC-29MAR19-4250-C,49.55,0.009000000000000001,0.4,3,1552506433189,16544709,1040
2019-03-13 20:01:46.672,1.0,sell,3850.63,BTC-29MAR19-4250-C,49.93,0.009000000000000001,1.0,3,1552507306672,16544789,1041
2019-03-13 21:31:07.478,0.5,sell,3847.57,BTC-29MAR19-4250-C,50.23,0.009000000000000001,0.5,3,1552512667478,16545414,1043
2019-03-13 21:31:07.478,0.6,sell,3847.57,BTC-29MAR19-4250-C,50.23,0.009000000000000001,0.6,3,1552512667478,16545413,1042
2019-03-14 02:27:54.430,2.1,sell,3854.73,BTC-29MAR19-4250-C,48.79,0.0085,2.1,2,1552530474430,16548615,1044
2019-03-14 06:56:46.042,0.5,buy,3843.77,BTC-29MAR19-4250-C,50.75,0.009000000000000001,0.5,0,1552546606042,16550584,1045
2019-03-14 14:13:19.874,0.5,sell,3881.69,BTC-29MAR19-4250-C,48.31,0.009000000000000001,0.5,1,1552572799874,16558609,1046
2019-03-14 14:22:37.549,17.900000000000006,sell,3836.96,BTC-29MAR19-4250-C,51.08,0.0085,17.900000000000006,2,1552573357549,16561462,1047
2019-03-14 14:23:09.944,0.1,sell,3811.66,BTC-29MAR19-4250-C,51.08,0.0075,0.1,2,1552573389944,16562511,1048
2019-03-14 20:14:13.003,2.5,buy,3853.31,BTC-29MAR19-4250-C,51.75,0.0095,2.5,0,1552594453003,16573195,1050
2019-03-14 20:14:13.003,0.5,buy,3853.31,BTC-29MAR19-4250-C,50.78,0.009000000000000001,0.5,0,1552594453003,16573194,1049
2019-03-15 01:45:15.173,0.1,buy,3864.94,BTC-29MAR19-4250-C,51.0,0.0095,0.1,1,1552614315173,16576593,1051
2019-03-15 16:00:38.918,8.2,buy,3902.1,BTC-29MAR19-4250-C,49.83,0.01,8.2,0,1552665638918,16596727,1052
2019-03-15 16:18:06.772,1.0,buy,3899.66,BTC-29MAR19-4250-C,50.17,0.01,1.0,1,1552666686772,16597369,1054
2019-03-15 16:18:06.772,7.2,buy,3899.66,BTC-29MAR19-4250-C,50.17,0.01,7.2,1,1552666686772,16597370,1055
2019-03-15 16:18:06.772,1.8,buy,3899.66,BTC-29MAR19-4250-C,50.17,0.01,1.8,1,1552666686772,16597368,1053
2019-03-15 16:18:43.554,0.1,sell,3899.08,BTC-29MAR19-4250-C,48.4,0.009000000000000001,0.1,2,1552666723554,16597399,1056
2019-03-15 23:03:10.369,30.0,sell,3895.2,BTC-29MAR19-4250-C,48.0,0.0085,30.0,2,1552690990369,16602232,1057
2019-03-16 05:34:12.771,0.1,buy,4008.45,BTC-29MAR19-4250-C,55.25,0.019,0.1,0,1552714452771,16631126,1058
2019-03-16 06:07:41.031,4.0,sell,3996.05,BTC-29MAR19-4250-C,51.79,0.0155,4.0,2,1552716461031,16632866,1059
2019-03-16 07:46:29.209,13.7,sell,4004.81,BTC-29MAR19-4250-C,51.38,0.016,13.7,0,1552722389209,16635388,1060
2019-03-16 07:46:59.358,0.2,buy,4004.87,BTC-29MAR19-4250-C,54.52,0.018000000000000002,0.2,0,1552722419358,16635420,1061
2019-03-16 07:47:50.716,0.2,buy,4004.81,BTC-29MAR19-4250-C,54.55,0.018000000000000002,0.2,1,1552722470716,16635425,1062
2019-03-16 07:56:38.572,0.5,sell,4002.17,BTC-29MAR19-4250-C,50.12,0.015,0.5,2,1552722998572,16635564,1063
2019-03-16 07:56:38.678,0.1,buy,4002.17,BTC-29MAR19-4250-C,50.12,0.015,0.1,3,1552722998678,16635565,1064
2019-03-16 10:45:58.394,0.3,buy,4005.07,BTC-29MAR19-4250-C,53.18,0.017,0.3,0,1552733158394,16638192,1065
2019-03-16 10:45:58.517,0.3,buy,4005.07,BTC-29MAR19-4250-C,53.18,0.017,0.3,1,1552733158517,16638199,1066
2019-03-16 10:45:58.861,0.2,buy,4005.07,BTC-29MAR19-4250-C,53.18,0.017,0.2,1,1552733158861,16638208,1067
2019-03-16 10:45:58.861,0.1,buy,4005.07,BTC-29MAR19-4250-C,53.18,0.017,0.1,1,1552733158861,16638209,1068
2019-03-16 10:45:59.265,0.3,buy,4005.07,BTC-29MAR19-4250-C,53.18,0.017,0.3,1,1552733159265,16638217,1069
2019-03-16 11:00:45.873,0.5,buy,4007.27,BTC-29MAR19-4250-C,53.88,0.0175,0.5,0,1552734045873,16638345,1070
2019-03-16 11:07:51.212,0.4,sell,4005.7,BTC-29MAR19-4250-C,50.81,0.0155,0.4,2,1552734471212,16638435,1071
2019-03-16 11:08:19.106,0.4,sell,4006.28,BTC-29MAR19-4250-C,50.0,0.015,0.4,2,1552734499106,16638449,1072
2019-03-16 11:08:32.956,0.3,sell,4006.17,BTC-29MAR19-4250-C,50.02,0.015,0.3,3,1552734512956,16638455,1074
2019-03-16 11:08:32.956,0.1,sell,4006.17,BTC-29MAR19-4250-C,50.02,0.015,0.1,3,1552734512956,16638454,1073
2019-03-16 11:08:50.983,0.4,sell,4006.18,BTC-29MAR19-4250-C,50.02,0.015,0.4,3,1552734530983,16638464,1075
2019-03-16 11:09:32.508,0.4,sell,4005.76,BTC-29MAR19-4250-C,50.07,0.015,0.4,3,1552734572508,16638489,1076
2019-03-16 11:09:37.549,0.4,sell,4005.24,BTC-29MAR19-4250-C,50.11,0.015,0.4,3,1552734577549,16638492,1077
2019-03-16 11:09:42.967,0.4,sell,4004.81,BTC-29MAR19-4250-C,50.13,0.015,0.4,3,1552734582967,16638504,1078
2019-03-16 11:09:54.435,0.4,sell,4004.52,BTC-29MAR19-4250-C,50.16,0.015,0.4,3,1552734594435,16638511,1079
2019-03-16 11:14:55.292,0.4,sell,4003.64,BTC-29MAR19-4250-C,49.43,0.0145,0.4,2,1552734895292,16638743,1080
2019-03-16 12:14:21.872,0.4,sell,3998.21,BTC-29MAR19-4250-C,49.84,0.0145,0.4,3,1552738461872,16639306,1081
2019-03-16 12:24:08.303,0.4,sell,3990.89,BTC-29MAR19-4250-C,50.71,0.0145,0.4,3,1552739048303,16639626,1082
2019-03-16 12:24:18.241,0.4,sell,3984.26,BTC-29MAR19-4250-C,51.44,0.0145,0.4,3,1552739058241,16639798,1083
2019-03-16 12:24:19.350,0.4,sell,3984.26,BTC-29MAR19-4250-C,51.44,0.0145,0.4,3,1552739059350,16639807,1084
2019-03-16 12:24:20.503,0.4,sell,3984.26,BTC-29MAR19-4250-C,51.44,0.0145,0.4,3,1552739060503,16639809,1085
2019-03-16 12:24:21.196,0.4,sell,3983.32,BTC-29MAR19-4250-C,51.43,0.0145,0.4,3,1552739061196,16639815,1086
2019-03-16 12:24:23.051,0.4,sell,3983.28,BTC-29MAR19-4250-C,51.53,0.0145,0.4,3,1552739063051,16639826,1087
2019-03-16 12:24:37.310,0.4,sell,3975.06,BTC-29MAR19-4250-C,52.33,0.0145,0.4,3,1552739077310,16639953,1088
2019-03-16 12:24:37.556,0.3,sell,3975.06,BTC-29MAR19-4250-C,52.33,0.0145,0.3,3,1552739077556,16639970,1089
2019-03-16 12:24:50.053,1.1,sell,3967.59,BTC-29MAR19-4250-C,53.13,0.0145,1.1,3,1552739090053,16640110,1090
2019-03-16 12:27:43.236,0.4,sell,3983.6,BTC-29MAR19-4250-C,49.68,0.0135,0.4,2,1552739263236,16640826,1091
2019-03-16 12:27:45.537,0.4,buy,3983.18,BTC-29MAR19-4250-C,49.71,0.0135,0.4,3,1552739265537,16640827,1092
2019-03-17 00:38:35.833,0.1,sell,3961.37,BTC-29MAR19-4250-C,49.2,0.0115,0.1,2,1552783115833,16652119,1093
2019-03-17 00:38:35.879,0.4,sell,3961.37,BTC-29MAR19-4250-C,47.38,0.0105,0.4,2,1552783115879,16652120,1094
2019-03-17 02:23:21.086,0.1,sell,3943.66,BTC-29MAR19-4250-C,50.21,0.011000000000000001,0.1,0,1552789401086,16653866,1095
2019-03-17 02:23:22.252,0.4,sell,3943.28,BTC-29MAR19-4250-C,47.36,0.0095,0.4,2,1552789402252,16653870,1096
2019-03-17 12:50:03.801,0.2,sell,3957.48,BTC-29MAR19-4250-C,47.15,0.0095,0.2,3,1552827003801,16662671,1099
2019-03-17 12:50:03.801,0.1,sell,3957.48,BTC-29MAR19-4250-C,48.11,0.01,0.1,0,1552827003801,16662669,1097
2019-03-17 12:50:03.801,0.1,sell,3957.48,BTC-29MAR19-4250-C,47.15,0.0095,0.1,2,1552827003801,16662670,1098
2019-03-17 19:28:44.345,0.4,buy,3970.06,BTC-29MAR19-4250-C,49.6,0.011000000000000001,0.4,0,1552850924345,16666386,1100
2019-03-17 19:28:44.345,0.1,buy,3970.06,BTC-29MAR19-4250-C,49.6,0.011000000000000001,0.1,1,1552850924345,16666387,1101
2019-03-17 20:19:08.329,480.1,buy,3973.73,BTC-29MAR19-4250-C,48.15,0.0105,480.1,2,1552853948329,16666704,1102
2019-03-17 20:19:08.329,0.5,buy,3973.73,BTC-29MAR19-4250-C,48.15,0.0105,0.5,3,1552853948329,16666705,1103
2019-03-17 22:39:18.602,0.5,sell,3969.34,BTC-29MAR19-4250-C,46.1,0.009000000000000001,0.5,2,1552862358602,16667687,1104
2019-03-18 01:31:59.581,0.4,buy,4008.67,BTC-29MAR19-4250-C,46.11,0.011000000000000001,0.4,0,1552872719581,16672327,1105
2019-03-18 04:45:35.385,0.4,sell,3986.85,BTC-29MAR19-4250-C,47.4,0.0105,0.4,2,1552884335385,16677454,1106
2019-03-18 04:45:36.974,0.4,buy,3986.85,BTC-29MAR19-4250-C,47.4,0.0105,0.4,3,1552884336974,16677455,1107
2019-03-18 05:59:30.794,0.1,sell,3955.53,BTC-29MAR19-4250-C,47.67,0.009000000000000001,0.1,2,1552888770794,16680285,1108
2019-03-18 08:42:36.825,0.4,buy,3966.93,BTC-29MAR19-4250-C,46.04,0.0085,0.4,2,1552898556825,16684861,1109
2019-03-18 12:42:52.891,9.0,sell,3966.41,BTC-29MAR19-4250-C,44.17,0.0075,9.0,2,1552912972891,16689170,1110
2019-03-18 12:44:10.401,0.3,sell,3966.66,BTC-29MAR19-4250-C,43.08,0.006999999999999999,0.3,3,1552913050401,16689181,1112
2019-03-18 12:44:10.401,9.5,sell,3966.66,BTC-29MAR19-4250-C,43.08,0.006999999999999999,9.5,2,1552913050401,16689180,1111
2019-03-18 12:44:10.401,17.400000000000002,sell,3966.66,BTC-29MAR19-4250-C,43.08,0.006999999999999999,17.400000000000002,3,1552913050401,16689183,1114
2019-03-18 12:44:10.401,0.4,sell,3966.66,BTC-29MAR19-4250-C,43.08,0.006999999999999999,0.4,3,1552913050401,16689182,1113
2019-03-18 12:44:10.514,0.4,buy,3966.66,BTC-29MAR19-4250-C,43.08,0.006999999999999999,0.4,3,1552913050514,16689187,1115
2019-03-18 12:44:10.531,0.3,buy,3966.66,BTC-29MAR19-4250-C,43.08,0.006999999999999999,0.3,3,1552913050531,16689189,1116
2019-03-18 12:44:17.112,2.7,buy,3966.57,BTC-29MAR19-4250-C,43.09,0.006999999999999999,2.7,3,1552913057112,16689194,1117
2019-03-18 20:07:47.408,0.5,buy,3969.58,BTC-29MAR19-4250-C,44.52,0.0075,0.5,0,1552939667408,16693265,1118
2019-03-18 22:25:14.578,0.4,buy,3975.0,BTC-29MAR19-4250-C,45.26,0.008,0.4,0,1552947914578,16694226,1120
2019-03-18 22:25:14.578,0.1,buy,3975.0,BTC-29MAR19-4250-C,44.18,0.0075,0.1,1,1552947914578,16694225,1119
2019-03-18 23:47:24.479,3.0,buy,3969.96,BTC-29MAR19-4250-C,44.71,0.0075,3.0,2,1552952844479,16694940,1121
2019-03-18 23:58:31.570,0.3,buy,3969.9,BTC-29MAR19-4250-C,44.75,0.0075,0.3,3,1552953511570,16695056,1122
2019-03-19 10:17:06.592,1.0,buy,3969.22,BTC-29MAR19-4250-C,44.47,0.006999999999999999,1.0,2,1552990626592,16702950,1123
2019-03-19 22:10:11.334,0.5,sell,3988.33,BTC-29MAR19-4250-C,41.57,0.006,0.5,2,1553033411334,16716450,1124
2019-03-20 16:04:00.807,1.0,sell,4001.02,BTC-29MAR19-4250-C,41.92,0.006,1.0,3,1553097840807,16734430,1125
2019-03-20 22:20:39.886,1.0,sell,4021.73,BTC-29MAR19-4250-C,43.15,0.006999999999999999,1.0,0,1553120439886,16741049,1126
2019-03-20 22:25:59.834,1.0,sell,4018.95,BTC-29MAR19-4250-C,43.47,0.006999999999999999,1.0,1,1553120759834,16741221,1127
2019-03-20 22:36:32.599,0.4,buy,4045.45,BTC-29MAR19-4250-C,42.34,0.008,0.4,0,1553121392599,16742282,1128
2019-03-20 22:44:46.739,0.1,sell,4031.36,BTC-29MAR19-4250-C,41.86,0.006999999999999999,0.1,2,1553121886739,16743170,1129
2019-03-21 00:19:25.153,2.8000000000000003,buy,4041.25,BTC-29MAR19-4250-C,43.06,0.008,2.8000000000000003,0,1553127565153,16745756,1130
2019-03-21 10:06:12.243,0.3,sell,4031.24,BTC-29MAR19-4250-C,42.03,0.0065,0.3,2,1553162772243,16750627,1131
2019-03-21 12:23:36.077,0.2,sell,4041.18,BTC-29MAR19-4250-C,45.75,0.0085,0.2,0,1553171016077,16752458,1132
2019-03-21 14:59:29.420,1.0,sell,3926.18,BTC-29MAR19-4250-C,47.35,0.004,1.0,2,1553180369420,16763956,1133
2019-03-21 15:17:17.928,0.5,buy,3965.15,BTC-29MAR19-4250-C,46.41,0.005,0.5,0,1553181437928,16766541,1134
2019-03-21 15:17:17.928,7.3,buy,3965.15,BTC-29MAR19-4250-C,46.41,0.005,7.3,1,1553181437928,16766542,1135
2019-03-21 15:17:18.729,0.2,sell,3965.15,BTC-29MAR19-4250-C,46.39,0.005,0.2,1,1553181438729,16766543,1136
2019-03-21 15:48:07.720,0.8,buy,3954.65,BTC-29MAR19-4250-C,43.85,0.004,0.8,2,1553183287720,16767832,1137
2019-03-21 15:50:43.687,0.2,buy,3955.31,BTC-29MAR19-4250-C,43.78,0.004,0.2,3,1553183443687,16767862,1138
2019-03-21 15:56:40.175,0.8,buy,3965.08,BTC-29MAR19-4250-C,44.37,0.0045,0.8,0,1553183800175,16768097,1139
2019-03-21 17:03:16.248,0.2,buy,3963.44,BTC-29MAR19-4250-C,44.88,0.0045,0.2,1,1553187796248,16769526,1140
2019-03-21 17:07:52.372,0.4,sell,3963.15,BTC-29MAR19-4250-C,43.36,0.004,0.4,2,1553188072372,16769567,1141
2019-03-21 18:55:24.638,1.0,buy,3964.11,BTC-29MAR19-4250-C,44.85,0.0045,1.0,0,1553194524638,16770362,1142
2019-03-22 03:39:48.973,45.0,sell,3978.71,BTC-29MAR19-4250-C,42.67,0.004,45.0,2,1553225988973,16773683,1143
2019-03-22 08:01:28.353,1.0,sell,3966.41,BTC-29MAR19-4250-C,39.14,0.0025,1.0,2,1553241688353,16775449,1144
2019-03-22 08:02:07.473,1.0,buy,3966.57,BTC-29MAR19-4250-C,44.7,0.004,1.0,0,1553241727473,16775465,1145
2019-03-22 08:03:23.021,1.0,sell,3966.67,BTC-29MAR19-4250-C,42.94,0.0035,1.0,2,1553241803021,16775570,1146
2019-03-22 08:07:38.011,1.5,buy,3967.23,BTC-29MAR19-4250-C,44.48,0.004,1.5,0,1553242058011,16775750,1147
2019-03-22 08:10:19.149,0.5,buy,3968.38,BTC-29MAR19-4250-C,44.37,0.004,0.5,1,1553242219149,16775795,1148
2019-03-22 08:31:05.726,1.0,sell,3978.56,BTC-29MAR19-4250-C,41.36,0.0035,1.0,2,1553243465726,16776103,1149
2019-03-22 08:31:05.726,0.5,sell,3978.56,BTC-29MAR19-4250-C,41.36,0.0035,0.5,3,1553243465726,16776104,1150
2019-03-22 10:31:29.358,1.0,sell,3980.42,BTC-29MAR19-4250-C,39.57,0.003,1.0,2,1553250689358,16776917,1151
2019-03-22 11:24:10.146,0.2,sell,3977.59,BTC-29MAR19-4250-C,40.25,0.003,0.2,3,1553253850146,16777144,1152
2019-03-22 12:21:50.278,0.1,sell,3982.08,BTC-29MAR19-4250-C,40.0,0.003,0.1,3,1553257310278,16777342,1153
2019-03-22 13:16:20.713,0.4,buy,3993.38,BTC-29MAR19-4250-C,42.26,0.004,0.4,0,1553260580713,16778257,1154
2019-03-22 13:16:23.966,0.4,buy,3993.52,BTC-29MAR19-4250-C,42.24,0.004,0.4,1,1553260583966,16778259,1155
2019-03-22 13:16:24.014,0.2,buy,3993.52,BTC-29MAR19-4250-C,42.24,0.004,0.2,1,1553260584014,16778262,1157
