date_utc,amount,direction,indexPrice,instrument,iv,price,quantity,tickDirection,timeStamp,tradeId,tradeSeq
2019-02-14 17:33:26.516,0.1,buy,3572.62,BTC-27SEP19-5500-C,58.32,0.0495,0.1,2,1550165606516,15371722,80
2019-02-16 03:20:39.600,0.1,buy,3583.11,BTC-27SEP19-5500-C,59.08,0.052000000000000005,0.1,0,1550287239600,15406120,81
2019-02-16 03:58:41.835,0.1,buy,3584.59,BTC-27SEP19-5500-C,59.63,0.0535,0.1,0,1550289521835,15406682,82
2019-02-16 09:17:45.152,6.6000000000000005,buy,3589.86,BTC-27SEP19-5500-C,59.11,0.0525,6.6000000000000005,2,1550308665152,15410963,83
2019-02-17 01:01:09.531,10.0,sell,3582.79,BTC-27SEP19-5500-C,57.8,0.049,10.0,2,1550365269531,15426191,84
2019-02-17 23:36:35.785,0.5,buy,3629.29,BTC-27SEP19-5500-C,57.01,0.049,0.5,3,1550446595785,15458785,85
2019-02-18 01:07:55.385,0.5,sell,3714.03,BTC-27SEP19-5500-C,56.81,0.054000000000000006,0.5,0,1550452075385,15470079,86
2019-02-18 13:00:03.442,1.0,buy,3734.96,BTC-27SEP19-5500-C,57.31,0.0555,1.0,0,1550494803442,15520178,87
2019-02-18 16:08:29.139,0.1,buy,3826.1,BTC-27SEP19-5500-C,56.64,0.059000000000000004,0.1,0,1550506109139,15548870,88
2019-02-18 22:49:46.174,0.1,buy,3856.02,BTC-27SEP19-5500-C,57.55,0.064,0.1,0,1550530186174,15584837,89
2019-02-18 23:00:04.215,5.3,sell,3858.02,BTC-27SEP19-5500-C,57.52,0.064,5.3,1,1550530804215,15584962,90
2019-02-18 23:12:40.801,8.8,sell,3870.35,BTC-27SEP19-5500-C,57.54,0.0645,8.8,0,1550531560801,15585670,91
2019-02-19 00:37:16.499,1.0,buy,3912.79,BTC-27SEP19-5500-C,58.33,0.0695,1.0,0,1550536636499,15591428,92
2019-02-19 00:38:09.367,2.0,buy,3916.08,BTC-27SEP19-5500-C,58.49,0.07,2.0,0,1550536689367,15591653,93
2019-02-19 12:13:01.009,0.1,buy,3882.13,BTC-27SEP19-5500-C,58.71,0.069,0.1,2,1550578381009,15621921,94
2019-02-25 01:01:16.269,1.0,buy,3762.39,BTC-27SEP19-5500-C,60.83,0.063,1.0,2,1551056476269,15969259,95
2019-02-25 01:44:48.176,0.3,buy,3765.54,BTC-27SEP19-5500-C,60.93,0.0635,0.3,0,1551059088176,15970555,96
2019-02-25 02:51:54.506,5.2,buy,3769.82,BTC-27SEP19-5500-C,59.43,0.06,5.2,2,1551063114506,15971833,97
2019-02-25 02:52:15.820,4.8,buy,3770.04,BTC-27SEP19-5500-C,59.41,0.06,4.8,3,1551063135820,15971840,98
2019-02-25 17:02:11.260,0.1,buy,3823.09,BTC-27SEP19-5500-C,60.62,0.0655,0.1,0,1551114131260,15998691,99
2019-02-25 19:43:51.730,1.0,sell,3846.31,BTC-27SEP19-5500-C,60.3,0.066,1.0,0,1551123831730,16006453,100
2019-02-26 09:25:52.887,0.1,buy,3786.85,BTC-27SEP19-5500-C,59.56,0.061,0.1,2,1551173152887,16025444,101
2019-02-26 15:17:18.732,0.1,buy,3807.34,BTC-27SEP19-5500-C,59.76,0.062,0.1,0,1551194238732,16034362,102
2019-02-26 21:55:36.226,0.1,sell,3787.3,BTC-27SEP19-5500-C,59.28,0.06,0.1,2,1551218136226,16042739,103
2019-02-27 11:50:12.605,5.0,sell,3810.95,BTC-27SEP19-5500-C,58.72,0.0595,5.0,2,1551268212605,16054060,104
2019-02-27 15:25:31.573,1.0,buy,3796.77,BTC-27SEP19-5500-C,59.19,0.06,1.0,0,1551281131573,16061558,105
2019-02-27 20:50:38.557,0.1,buy,3729.94,BTC-27SEP19-5500-C,59.39,0.057,0.1,2,1551300638557,16076297,106
2019-02-27 22:06:30.083,0.1,buy,3746.32,BTC-27SEP19-5500-C,60.17,0.06,0.1,0,1551305190083,16081319,107
2019-02-27 22:57:14.839,0.1,buy,3763.58,BTC-27SEP19-5500-C,59.87,0.06,0.1,1,1551308234839,16083415,108
2019-02-28 00:10:15.333,0.1,buy,3794.07,BTC-27SEP19-5500-C,59.95,0.062,0.1,0,1551312615333,16089643,109
2019-02-28 00:30:37.992,0.1,buy,3794.86,BTC-27SEP19-5500-C,58.97,0.0595,0.1,2,1551313837992,16089998,110
2019-02-28 01:02:38.227,0.1,buy,3811.85,BTC-27SEP19-5500-C,58.94,0.0605,0.1,0,1551315758227,16091061,111
2019-03-01 05:53:22.117,1.0,buy,3801.91,BTC-27SEP19-5500-C,58.92,0.0595,1.0,2,1551419602117,16143172,112
2019-03-01 14:14:51.841,0.1,buy,3813.41,BTC-27SEP19-5500-C,58.54,0.059,0.1,2,1551449691841,16150570,113
2019-03-01 17:46:37.002,0.1,buy,3841.35,BTC-27SEP19-5500-C,58.27,0.06,0.1,0,1551462397002,16154262,114
2019-03-04 00:19:15.108,0.1,buy,3801.56,BTC-27SEP19-5500-C,57.93,0.056,0.1,2,1551658755108,16202330,115
2019-03-04 05:18:41.656,0.1,buy,3709.54,BTC-27SEP19-5500-C,58.48,0.0525,0.1,2,1551676721656,16215866,116
2019-03-04 05:35:32.322,0.1,buy,3724.18,BTC-27SEP19-5500-C,58.43,0.053,0.1,0,1551677732322,16218360,117
2019-03-04 17:54:59.064,0.1,buy,3719.09,BTC-27SEP19-5500-C,57.74,0.051,0.1,2,1551722099064,16240536,118
2019-03-05 03:26:53.551,0.1,buy,3697.77,BTC-27SEP19-5500-C,58.1,0.051,0.1,3,1551756413551,16248357,119
2019-03-05 04:33:50.405,0.1,buy,3701.4,BTC-27SEP19-5500-C,58.22,0.0515,0.1,0,1551760430405,16249034,120
2019-03-05 21:59:45.893,0.1,buy,3834.59,BTC-27SEP19-5500-C,58.56,0.0595,0.1,0,1551823185893,16295888,121
2019-03-06 00:02:28.969,10.0,sell,3845.07,BTC-27SEP19-5500-C,58.3,0.0595,10.0,1,1551830548969,16297669,122
2019-03-06 06:53:02.759,10.0,sell,3839.37,BTC-27SEP19-5500-C,58.35,0.059,10.0,2,1551855182759,16307206,123
2019-03-08 04:47:19.897,10.0,sell,3866.84,BTC-27SEP19-5500-C,56.75,0.055999999999999994,10.0,2,1552020439897,16367625,124
2019-03-12 03:23:02.577,0.1,buy,3816.62,BTC-27SEP19-5500-C,57.83,0.0545,0.1,2,1552360982577,16507194,125
2019-03-12 13:44:37.020,0.1,buy,3863.88,BTC-27SEP19-5500-C,57.79,0.0565,0.1,0,1552398277020,16520764,126
2019-03-12 19:38:07.832,0.1,buy,3851.48,BTC-27SEP19-5500-C,57.9,0.055999999999999994,0.1,2,1552419487832,16524896,127
2019-03-12 20:06:08.184,0.1,buy,3859.37,BTC-27SEP19-5500-C,57.78,0.055999999999999994,0.1,3,1552421168184,16525182,128
2019-03-12 22:00:38.937,0.1,buy,3865.13,BTC-27SEP19-5500-C,57.75,0.056,0.1,3,1552428038937,16525791,129
2019-03-14 08:49:00.830,10.0,buy,3846.36,BTC-27SEP19-5500-C,57.99,0.055,10.0,2,1552553340830,16551504,130
2019-03-14 08:49:20.680,10.0,sell,3846.54,BTC-27SEP19-5500-C,57.99,0.055,10.0,3,1552553360680,16551505,131
2019-03-14 20:19:40.582,0.1,buy,3855.02,BTC-27SEP19-5500-C,58.64,0.057,0.1,0,1552594780582,16573206,132
2019-03-16 03:36:20.927,0.5,buy,3944.91,BTC-27SEP19-5500-C,56.79,0.0575,0.5,0,1552707380927,16611557,133
2019-03-18 11:01:38.737,10.0,sell,3952.94,BTC-27SEP19-5500-C,56.71,0.0565,10.0,2,1552906898737,16686870,134
2019-03-18 12:45:43.675,10.0,sell,3965.33,BTC-27SEP19-5500-C,56.39,0.0565,10.0,3,1552913143675,16689223,135
2019-03-21 21:28:08.911,5.0,buy,3979.55,BTC-27SEP19-5500-C,57.0,0.057,5.0,0,1553203688911,16771416,136
2019-03-22 06:45:06.213,1.2,sell,3972.54,BTC-27SEP19-5500-C,56.23,0.0545,1.2,2,1553237106213,16774584,137
2019-03-22 06:45:14.041,0.1,sell,3972.55,BTC-27SEP19-5500-C,56.23,0.0545,0.1,3,1553237114041,16774586,138
2019-03-22 21:20:02.921,1.0,buy,3984.97,BTC-27SEP19-5500-C,56.0,0.0545,1.0,3,1553289602921,16782454,139
2019-03-22 21:27:00.918,1.0,buy,3984.88,BTC-27SEP19-5500-C,56.0,0.0545,1.0,3,1553290020918,16782496,140
2019-03-22 21:32:27.927,3.0,buy,3984.85,BTC-27SEP19-5500-C,56.0,0.0545,3.0,3,1553290347927,16782521,141
