date_utc,amount,direction,indexPrice,instrument,iv,price,quantity,tickDirection,timeStamp,tradeId,tradeSeq
2019-02-14 09:45:54.472,1.0,buy,3570.56,BTC-27SEP19-5000-C,58.5,0.0695,1.0,2,1550137554472,15359699,76
2019-02-14 17:33:40.511,0.1,buy,3572.62,BTC-27SEP19-5000-C,58.36,0.069,0.1,2,1550165620511,15371723,77
2019-02-15 06:25:03.351,10.0,buy,3578.7,BTC-27SEP19-5000-C,57.79,0.068,10.0,2,1550211903351,15380900,78
2019-02-15 14:17:38.009,10.0,buy,3593.07,BTC-27SEP19-5000-C,57.72,0.0685,10.0,0,1550240258009,15388731,79
2019-02-16 05:19:20.535,4.4,buy,3588.58,BTC-27SEP19-5000-C,59.16,0.0725,4.4,0,1550294360535,15409230,80
2019-02-16 12:39:41.474,1.0,buy,3584.41,BTC-27SEP19-5000-C,58.92,0.07200000000000001,1.0,2,1550320781474,15414816,81
2019-02-16 15:33:57.937,0.1,buy,3597.17,BTC-27SEP19-5000-C,58.83,0.0725,0.1,0,1550331237937,15419922,82
2019-02-17 01:01:17.690,10.0,sell,3582.16,BTC-27SEP19-5000-C,57.65,0.068,10.0,2,1550365277690,15426219,83
2019-02-18 03:07:42.190,0.1,buy,3690.73,BTC-27SEP19-5000-C,57.59,0.075,0.1,0,1550459262190,15486108,84
2019-02-18 03:42:50.069,0.1,buy,3689.34,BTC-27SEP19-5000-C,57.53,0.0745,0.1,2,1550461370069,15488645,85
2019-02-18 12:29:05.253,2.0,buy,3705.12,BTC-27SEP19-5000-C,57.84,0.0765,2.0,0,1550492945253,15515868,86
2019-02-18 13:01:42.145,0.1,buy,3726.22,BTC-27SEP19-5000-C,57.31,0.0765,0.1,1,1550494902145,15520472,87
2019-02-18 13:04:54.099,3.9,buy,3720.31,BTC-27SEP19-5000-C,57.16,0.0755,3.9,2,1550495094099,15520979,88
2019-02-18 13:06:33.101,3.9,buy,3723.85,BTC-27SEP19-5000-C,57.14,0.0755,3.9,3,1550495193101,15521288,89
2019-02-18 13:16:25.561,3.9,buy,3728.11,BTC-27SEP19-5000-C,57.07,0.0755,3.9,3,1550495785561,15521619,90
2019-02-18 13:26:40.776,3.8,buy,3752.27,BTC-27SEP19-5000-C,57.02,0.077,3.8,0,1550496400776,15524889,91
2019-02-18 14:58:39.500,3.6,buy,3796.57,BTC-27SEP19-5000-C,56.69,0.0795,3.6,0,1550501919500,15543736,92
2019-02-18 16:08:07.234,0.1,sell,3834.46,BTC-27SEP19-5000-C,56.54,0.08199999999999999,0.1,0,1550506087234,15548747,93
2019-02-18 22:50:23.222,10.0,buy,3856.12,BTC-27SEP19-5000-C,57.22,0.0865,10.0,0,1550530223222,15584840,94
2019-02-18 22:50:46.077,10.0,buy,3856.49,BTC-27SEP19-5000-C,57.53,0.0875,10.0,0,1550530246077,15584857,95
2019-02-18 22:51:14.579,5.4,sell,3856.23,BTC-27SEP19-5000-C,57.51,0.0875,5.4,1,1550530274579,15584868,96
2019-02-18 22:59:52.892,8.0,buy,3857.76,BTC-27SEP19-5000-C,57.52,0.0875,8.0,1,1550530792892,15584948,97
2019-02-18 22:59:52.903,0.2,sell,3857.76,BTC-27SEP19-5000-C,57.52,0.0875,0.2,1,1550530792903,15584949,98
2019-02-19 00:36:43.293,2.0,buy,3908.97,BTC-27SEP19-5000-C,58.48,0.094,2.0,0,1550536603293,15591313,99
2019-02-19 07:37:09.095,0.1,buy,3881.65,BTC-27SEP19-5000-C,59.32,0.0945,0.1,0,1550561829095,15613668,100
2019-02-20 19:58:16.298,5.0,buy,3924.0,BTC-27SEP19-5000-C,59.78,0.098,5.0,0,1550692696298,15709496,101
2019-02-20 19:58:16.326,1.0,sell,3924.0,BTC-27SEP19-5000-C,59.95,0.0985,1.0,0,1550692696326,15709497,102
2019-02-21 08:21:06.904,1.0,sell,3917.44,BTC-27SEP19-5000-C,58.09,0.0925,1.0,2,1550737266904,15732045,103
2019-02-22 14:38:06.643,0.4,sell,3938.11,BTC-27SEP19-5000-C,57.68,0.09300000000000001,0.4,0,1550846286643,15778029,104
2019-02-22 18:04:13.576,0.6,buy,3944.06,BTC-27SEP19-5000-C,57.7,0.093,0.6,1,1550858653576,15785488,105
2019-02-27 15:01:29.476,10.0,sell,3801.85,BTC-27SEP19-5000-C,58.16,0.08,10.0,2,1551279689476,16060950,106
2019-02-27 15:25:20.901,1.0,sell,3796.56,BTC-27SEP19-5000-C,57.81,0.0785,1.0,2,1551281120901,16061553,107
2019-02-27 16:15:49.161,1.0,buy,3797.12,BTC-27SEP19-5000-C,58.87,0.0815,1.0,0,1551284149161,16062556,108
2019-02-27 20:50:27.524,0.1,buy,3731.35,BTC-27SEP19-5000-C,58.97,0.0775,0.1,2,1551300627524,16076266,109
2019-02-27 23:33:55.033,0.1,buy,3794.38,BTC-27SEP19-5000-C,59.69,0.084,0.1,0,1551310435033,16088697,110
2019-03-01 14:14:44.061,0.1,buy,3813.11,BTC-27SEP19-5000-C,58.39,0.081,0.1,2,1551449684061,16150569,111
2019-03-01 14:43:43.103,0.1,buy,3816.98,BTC-27SEP19-5000-C,58.47,0.0815,0.1,0,1551451423103,16150829,112
2019-03-03 04:09:52.786,1.0,sell,3813.46,BTC-27SEP19-5000-C,55.8,0.0735,1.0,2,1551586192786,16184797,113
2019-03-03 05:17:55.600,0.1,buy,3808.06,BTC-27SEP19-5000-C,56.89,0.076,0.1,0,1551590275600,16185134,114
2019-03-04 02:55:15.170,3.8,buy,3793.17,BTC-27SEP19-5000-C,57.42,0.076,3.8,1,1551668115170,16203792,116
2019-03-04 02:55:15.170,5.0,buy,3793.17,BTC-27SEP19-5000-C,57.42,0.076,5.0,1,1551668115170,16203791,115
2019-03-04 13:12:27.334,10.0,sell,3692.86,BTC-27SEP19-5000-C,57.55,0.0695,10.0,2,1551705147334,16236030,117
2019-03-04 17:54:52.105,0.1,buy,3719.05,BTC-27SEP19-5000-C,57.47,0.071,0.1,0,1551722092105,16240534,118
2019-03-05 10:50:55.696,0.1,sell,3720.95,BTC-27SEP19-5000-C,57.63,0.07200000000000001,0.1,0,1551783055696,16254302,119
2019-03-05 12:20:38.235,5.0,buy,3737.0,BTC-27SEP19-5000-C,57.74,0.073,5.0,0,1551788438235,16255674,120
2019-03-05 12:20:38.235,4.0,buy,3737.0,BTC-27SEP19-5000-C,57.74,0.073,4.0,1,1551788438235,16255675,121
2019-03-06 00:00:38.958,3.4,sell,3845.88,BTC-27SEP19-5000-C,58.13,0.08199999999999999,3.4,0,1551830438958,16297625,122
2019-03-06 00:01:09.031,3.4,sell,3845.69,BTC-27SEP19-5000-C,58.16,0.08199999999999999,3.4,1,1551830469031,16297629,123
2019-03-06 00:02:03.141,3.2,sell,3844.96,BTC-27SEP19-5000-C,58.17,0.08199999999999999,3.2,1,1551830523141,16297652,124
2019-03-06 00:02:14.976,10.0,sell,3845.07,BTC-27SEP19-5000-C,57.99,0.0815,10.0,2,1551830534976,16297656,125
2019-03-06 01:21:03.340,10.0,buy,3822.89,BTC-27SEP19-5000-C,58.49,0.081,10.0,2,1551835263340,16301769,126
2019-03-06 03:38:20.533,10.0,buy,3818.49,BTC-27SEP19-5000-C,58.5,0.081,10.0,3,1551843500533,16303445,127
2019-03-06 06:52:29.396,10.0,sell,3836.93,BTC-27SEP19-5000-C,58.31,0.0815,10.0,0,1551855149396,16307177,128
2019-03-06 10:05:33.725,10.0,buy,3840.03,BTC-27SEP19-5000-C,58.1,0.081,10.0,2,1551866733725,16310429,129
2019-03-06 19:41:14.757,10.0,buy,3844.11,BTC-27SEP19-5000-C,58.0,0.081,10.0,3,1551901274757,16327014,130
2019-03-07 05:31:45.663,0.1,sell,3857.23,BTC-27SEP19-5000-C,57.82,0.0815,0.1,0,1551936705663,16341750,131
2019-03-07 10:19:49.625,10.0,buy,3834.17,BTC-27SEP19-5000-C,56.94,0.0775,10.0,2,1551953989625,16348130,132
2019-03-07 13:52:49.086,10.0,sell,3858.71,BTC-27SEP19-5000-C,56.74,0.0785,10.0,0,1551966769086,16352124,133
2019-03-07 19:17:51.651,0.1,buy,3868.84,BTC-27SEP19-5000-C,57.02,0.08,0.1,0,1551986271651,16361344,134
2019-03-08 04:47:19.287,10.0,sell,3866.84,BTC-27SEP19-5000-C,56.53,0.078,10.0,2,1552020439287,16367622,135
2019-03-08 04:47:19.836,0.5,sell,3866.84,BTC-27SEP19-5000-C,56.53,0.078,0.5,3,1552020439836,16367624,136
2019-03-08 06:54:29.672,1.0,buy,3883.17,BTC-27SEP19-5000-C,56.97,0.0805,1.0,0,1552028069672,16374803,137
2019-03-08 08:09:35.834,0.5,sell,3868.91,BTC-27SEP19-5000-C,55.28,0.0745,0.5,3,1552032575834,16378252,139
2019-03-08 08:09:35.834,5.0,sell,3868.91,BTC-27SEP19-5000-C,55.28,0.0745,5.0,2,1552032575834,16378251,138
2019-03-08 20:20:38.274,2.0,sell,3888.16,BTC-27SEP19-5000-C,56.52,0.079,2.0,0,1552076438274,16393587,140
2019-03-08 22:29:35.533,3.0,sell,3811.79,BTC-27SEP19-5000-C,56.48,0.07400000000000001,3.0,2,1552084175533,16404277,141
2019-03-09 18:30:42.763,0.5,buy,3910.14,BTC-27SEP19-5000-C,57.11,0.081,0.5,0,1552156242763,16444444,142
2019-03-09 18:30:42.763,2.0,buy,3910.14,BTC-27SEP19-5000-C,57.11,0.081,2.0,1,1552156242763,16444445,143
2019-03-10 16:29:46.030,1.0,buy,3879.39,BTC-27SEP19-5000-C,57.53,0.08,1.0,2,1552235386030,16464357,144
2019-03-11 17:43:25.190,2.5,sell,3849.91,BTC-27SEP19-5000-C,57.04,0.0765,2.5,2,1552326205190,16495189,145
2019-03-11 23:53:51.104,0.1,sell,3846.85,BTC-27SEP19-5000-C,57.01,0.076,0.1,2,1552348431104,16498761,146
2019-03-12 01:46:14.126,0.1,sell,3824.86,BTC-27SEP19-5000-C,56.97,0.0745,0.1,2,1552355174126,16503242,147
2019-03-12 03:08:36.288,0.1,sell,3804.94,BTC-27SEP19-5000-C,57.04,0.0735,0.1,2,1552360116288,16506633,148
2019-03-12 13:44:30.285,0.1,buy,3863.9,BTC-27SEP19-5000-C,57.58,0.0785,0.1,0,1552398270285,16520763,149
2019-03-12 21:16:07.932,5.0,buy,3864.98,BTC-27SEP19-5000-C,57.67,0.0785,5.0,1,1552425367932,16525647,150
2019-03-14 02:13:38.472,7.5,sell,3856.02,BTC-27SEP19-5000-C,57.1,0.0755,7.5,2,1552529618472,16548550,151
2019-03-14 02:27:02.274,7.5,sell,3854.73,BTC-27SEP19-5000-C,57.12,0.0755,7.5,3,1552530422274,16548611,152
2019-03-14 03:06:09.786,1.0,sell,3856.68,BTC-27SEP19-5000-C,57.3,0.076,1.0,0,1552532769786,16548801,153
2019-03-14 04:32:15.360,0.1,sell,3853.46,BTC-27SEP19-5000-C,56.83,0.0745,0.1,2,1552537935360,16549284,154
2019-03-15 13:18:59.016,10.0,buy,3883.11,BTC-27SEP19-5000-C,57.18,0.0775,10.0,0,1552655939016,16591411,155
2019-03-16 04:02:52.204,5.0,buy,3951.1,BTC-27SEP19-5000-C,58.05,0.0845,5.0,0,1552708972204,16614752,156
2019-03-16 04:03:20.925,4.0,buy,3947.37,BTC-27SEP19-5000-C,58.14,0.0845,4.0,1,1552709000925,16614801,157
2019-03-16 04:05:24.245,3.0,sell,3949.78,BTC-27SEP19-5000-C,58.09,0.0845,3.0,1,1552709124245,16614936,158
2019-03-17 12:50:46.457,0.3,sell,3957.04,BTC-27SEP19-5000-C,55.59,0.0775,0.3,2,1552827046457,16662682,159
2019-03-18 10:14:10.458,0.3,sell,3955.4,BTC-27SEP19-5000-C,56.29,0.079,0.3,0,1552904050458,16686077,160
2019-03-18 11:00:49.039,10.0,sell,3953.51,BTC-27SEP19-5000-C,56.38,0.079,10.0,1,1552906849039,16686854,161
2019-03-18 12:45:35.035,10.0,sell,3965.5,BTC-27SEP19-5000-C,56.06,0.079,10.0,1,1552913135035,16689210,162
2019-03-19 14:40:02.943,0.5,buy,3986.62,BTC-27SEP19-5000-C,55.18,0.078,0.5,2,1553006402943,16705943,163
2019-03-20 10:46:58.109,0.2,sell,3987.9,BTC-27SEP19-5000-C,55.01,0.077,0.2,2,1553078818109,16729369,164
2019-03-21 18:02:30.196,0.4,buy,3963.49,BTC-27SEP19-5000-C,56.64,0.0785,0.4,1,1553191350196,16770049,166
2019-03-21 18:02:30.196,9.6,buy,3963.49,BTC-27SEP19-5000-C,56.64,0.0785,9.6,0,1553191350196,16770048,165
2019-03-22 10:45:22.014,0.5,sell,3979.87,BTC-27SEP19-5000-C,55.55,0.0765,0.5,2,1553251522014,16776997,167
2019-03-22 16:44:32.059,0.5,buy,3984.12,BTC-27SEP19-5000-C,56.35,0.0785,0.5,0,1553273072059,16780112,168
2019-03-22 16:44:32.059,1.5,buy,3984.12,BTC-27SEP19-5000-C,56.35,0.0785,1.5,1,1553273072059,16780113,169
2019-03-23 02:50:09.978,3.1,buy,3994.1,BTC-27SEP19-5000-C,55.0,0.076,3.1,2,1553309409978,16786755,170
2019-03-23 10:52:47.061,0.2,sell,3974.31,BTC-27SEP19-5000-C,55.46,0.076,0.2,3,1553338367061,16791394,171
2019-03-23 21:27:03.054,1.0,sell,3976.58,BTC-27SEP19-5000-C,54.83,0.07400000000000001,1.0,2,1553376423054,16795570,172
2019-03-23 22:31:34.280,0.5,sell,3977.96,BTC-27SEP19-5000-C,54.82,0.07400000000000001,0.5,3,1553380294280,16795816,173
2019-03-23 22:31:34.280,1.5,sell,3977.96,BTC-27SEP19-5000-C,54.82,0.07400000000000001,1.5,3,1553380294280,16795817,174
2019-03-24 00:13:24.353,0.1,sell,3977.34,BTC-27SEP19-5000-C,54.95,0.0745,0.1,0,1553386404353,16796614,175
2019-03-24 21:05:09.697,0.1,sell,3958.43,BTC-27SEP19-5000-C,55.0,0.073,0.1,2,1553461509697,16804767,176
2019-03-25 09:32:21.875,4.2,sell,3971.16,BTC-27SEP19-5000-C,54.94,0.0735,4.2,0,1553506341875,16809527,177
2019-03-25 09:32:22.090,3.3000000000000003,buy,3971.16,BTC-27SEP19-5000-C,54.94,0.0735,3.3000000000000003,1,1553506342090,16809528,178
2019-03-25 10:09:07.504,2.0,buy,3972.03,BTC-27SEP19-5000-C,54.75,0.073,2.0,3,1553508547504,16809642,180
2019-03-25 10:09:07.504,3.3000000000000003,buy,3972.03,BTC-27SEP19-5000-C,54.75,0.073,3.3000000000000003,2,1553508547504,16809641,179
2019-03-25 11:10:39.073,3.3000000000000003,buy,3968.71,BTC-27SEP19-5000-C,54.99,0.0735,3.3000000000000003,0,1553512239073,16809962,181
2019-03-25 15:28:39.021,3.4,buy,3960.27,BTC-27SEP19-5000-C,54.94,0.0725,3.4,2,1553527719021,16812909,182
2019-03-25 16:37:46.277,10.0,sell,3954.56,BTC-27SEP19-5000-C,55.11,0.0725,10.0,3,1553531866277,16814720,183
2019-03-25 16:37:46.277,2.0,sell,3954.56,BTC-27SEP19-5000-C,55.11,0.0725,2.0,3,1553531866277,16814721,184
2019-03-25 17:16:17.940,2.0,buy,3955.86,BTC-27SEP19-5000-C,54.92,0.07200000000000001,2.0,2,1553534177940,16814865,185
2019-03-25 17:16:42.744,2.0,buy,3955.85,BTC-27SEP19-5000-C,54.91,0.07200000000000001,2.0,3,1553534202744,16814867,186
2019-03-25 17:17:56.701,2.0,buy,3955.85,BTC-27SEP19-5000-C,54.91,0.07200000000000001,2.0,3,1553534276701,16814889,187
2019-03-25 17:20:12.786,2.0,sell,3949.82,BTC-27SEP19-5000-C,54.89,0.0715,2.0,2,1553534412786,16815317,188
2019-03-25 17:20:31.452,2.0,buy,3947.65,BTC-27SEP19-5000-C,54.95,0.0715,2.0,3,1553534431452,16815347,189
2019-03-25 17:25:04.073,2.0,sell,3950.44,BTC-27SEP19-5000-C,54.82,0.0715,2.0,3,1553534704073,16815482,190
2019-03-25 17:25:04.073,10.0,sell,3950.44,BTC-27SEP19-5000-C,54.82,0.0715,10.0,3,1553534704073,16815483,191
2019-03-25 17:29:57.099,4.0,buy,3949.61,BTC-27SEP19-5000-C,54.73,0.071,4.0,2,1553534997099,16815524,192
2019-03-25 17:30:47.284,2.0,buy,3948.79,BTC-27SEP19-5000-C,54.73,0.071,2.0,3,1553535047284,16815533,193
2019-03-25 18:25:25.981,0.1,sell,3932.63,BTC-27SEP19-5000-C,54.76,0.07,0.1,2,1553538325981,16817286,194
2019-03-25 18:50:34.417,0.1,sell,3907.58,BTC-27SEP19-5000-C,54.94,0.069,0.1,2,1553539834417,16819188,195
2019-03-25 18:56:57.525,0.1,sell,3907.5,BTC-27SEP19-5000-C,54.76,0.0685,0.1,2,1553540217525,16819422,196
2019-03-25 22:13:57.827,2.0,sell,3889.24,BTC-27SEP19-5000-C,55.2,0.0685,2.0,3,1553552037827,16828508,197
2019-03-25 22:13:57.827,5.0,sell,3889.24,BTC-27SEP19-5000-C,55.2,0.0685,5.0,3,1553552037827,16828509,198
2019-03-25 22:41:29.598,3.0,buy,3899.9,BTC-27SEP19-5000-C,54.89,0.0685,3.0,3,1553553689598,16828977,199
2019-03-25 22:41:29.598,2.0,buy,3899.9,BTC-27SEP19-5000-C,54.89,0.0685,2.0,3,1553553689598,16828978,200
2019-03-25 22:50:56.644,2.0,buy,3906.18,BTC-27SEP19-5000-C,54.95,0.069,2.0,0,1553554256644,16829205,201
2019-03-25 23:40:41.169,2.0,buy,3905.45,BTC-27SEP19-5000-C,55.3,0.0695,2.0,0,1553557241169,16829923,202
2019-03-25 23:40:41.169,2.0,buy,3905.45,BTC-27SEP19-5000-C,55.3,0.0695,2.0,1,1553557241169,16829924,203
2019-03-25 23:40:41.169,2.0,buy,3905.45,BTC-27SEP19-5000-C,55.5,0.07,2.0,0,1553557241169,16829925,204
2019-03-25 23:40:41.169,3.7,buy,3905.45,BTC-27SEP19-5000-C,55.5,0.07,3.7,1,1553557241169,16829926,205
2019-03-25 23:40:41.169,0.3,buy,3905.45,BTC-27SEP19-5000-C,55.69,0.0705,0.3,0,1553557241169,16829927,206
2019-03-26 07:28:30.520,2.0,sell,3898.2,BTC-27SEP19-5000-C,55.69,0.0695,2.0,2,1553585310520,16834125,207
2019-03-26 11:17:48.643,3.7,buy,3899.56,BTC-27SEP19-5000-C,56.23,0.071,3.7,0,1553599068643,16835721,208
2019-03-26 11:17:48.643,0.4,buy,3899.56,BTC-27SEP19-5000-C,56.23,0.071,0.4,1,1553599068643,16835722,209
2019-03-26 16:26:49.972,10.0,sell,3912.42,BTC-27SEP19-5000-C,55.84,0.069,10.0,2,1553617609972,16840095,210
2019-03-26 22:58:05.374,3.9,buy,3913.63,BTC-27SEP19-5000-C,55.59,0.068,3.9,2,1553641085374,16842479,211
2019-03-27 11:18:27.101,1.0,buy,4008.34,BTC-27SEP19-5000-C,55.5,0.0745,1.0,0,1553685507101,16860467,212
