date_utc,amount,direction,indexPrice,instrument,iv,price,quantity,tickDirection,timeStamp,tradeId,tradeSeq
2019-02-14 09:45:54.472,1.0,buy,3570.56,BTC-27SEP19-5000-C,58.5,0.0695,1.0,2,1550137554472,15359699,76
2019-02-14 17:33:40.511,0.1,buy,3572.62,BTC-27SEP19-5000-C,58.36,0.069,0.1,2,1550165620511,15371723,77
2019-02-15 06:25:03.351,10.0,buy,3578.7,BTC-27SEP19-5000-C,57.79,0.068,10.0,2,1550211903351,15380900,78
2019-02-15 14:17:38.009,10.0,buy,3593.07,BTC-27SEP19-5000-C,57.72,0.0685,10.0,0,1550240258009,15388731,79
2019-02-16 05:19:20.535,4.4,buy,3588.58,BTC-27SEP19-5000-C,59.16,0.0725,4.4,0,1550294360535,15409230,80
2019-02-16 12:39:41.474,1.0,buy,3584.41,BTC-27SEP19-5000-C,58.92,0.07200000000000001,1.0,2,1550320781474,15414816,81
2019-02-16 15:33:57.937,0.1,buy,3597.17,BTC-27SEP19-5000-C,58.83,0.0725,0.1,0,1550331237937,15419922,82
2019-02-17 01:01:17.690,10.0,sell,3582.16,BTC-27SEP19-5000-C,57.65,0.068,10.0,2,1550365277690,15426219,83
2019-02-18 03:07:42.190,0.1,buy,3690.73,BTC-27SEP19-5000-C,57.59,0.075,0.1,0,1550459262190,15486108,84
2019-02-18 03:42:50.069,0.1,buy,3689.34,BTC-27SEP19-5000-C,57.53,0.0745,0.1,2,1550461370069,15488645,85
2019-02-18 12:29:05.253,2.0,buy,3705.12,BTC-27SEP19-5000-C,57.84,0.0765,2.0,0,1550492945253,15515868,86
2019-02-18 13:01:42.145,0.1,buy,3726.22,BTC-27SEP19-5000-C,57.31,0.0765,0.1,1,1550494902145,15520472,87
2019-02-18 13:04:54.099,3.9,buy,3720.31,BTC-27SEP19-5000-C,57.16,0.0755,3.9,2,1550495094099,15520979,88
2019-02-18 13:06:33.101,3.9,buy,3723.85,BTC-27SEP19-5000-C,57.14,0.0755,3.9,3,1550495193101,15521288,89
2019-02-18 13:16:25.561,3.9,buy,3728.11,BTC-27SEP19-5000-C,57.07,0.0755,3.9,3,1550495785561,15521619,90
2019-02-18 13:26:40.776,3.8,buy,3752.27,BTC-27SEP19-5000-C,57.02,0.077,3.8,0,1550496400776,15524889,91
2019-02-18 14:58:39.500,3.6,buy,3796.57,BTC-27SEP19-5000-C,56.69,0.0795,3.6,0,1550501919500,15543736,92
2019-02-18 16:08:07.234,0.1,sell,3834.46,BTC-27SEP19-5000-C,56.54,0.08199999999999999,0.1,0,1550506087234,15548747,93
2019-02-18 22:50:23.222,10.0,buy,3856.12,BTC-27SEP19-5000-C,57.22,0.0865,10.0,0,1550530223222,15584840,94
2019-02-18 22:50:46.077,10.0,buy,3856.49,BTC-27SEP19-5000-C,57.53,0.0875,10.0,0,1550530246077,15584857,95
2019-02-18 22:51:14.579,5.4,sell,3856.23,BTC-27SEP19-5000-C,57.51,0.0875,5.4,1,1550530274579,15584868,96
2019-02-18 22:59:52.892,8.0,buy,3857.76,BTC-27SEP19-5000-C,57.52,0.0875,8.0,1,1550530792892,15584948,97
2019-02-18 22:59:52.903,0.2,sell,3857.76,BTC-27SEP19-5000-C,57.52,0.0875,0.2,1,1550530792903,15584949,98
2019-02-19 00:36:43.293,2.0,buy,3908.97,BTC-27SEP19-5000-C,58.48,0.094,2.0,0,1550536603293,15591313,99
2019-02-19 07:37:09.095,0.1,buy,3881.65,BTC-27SEP19-5000-C,59.32,0.0945,0.1,0,1550561829095,15613668,100
2019-02-20 19:58:16.298,5.0,buy,3924.0,BTC-27SEP19-5000-C,59.78,0.098,5.0,0,1550692696298,15709496,101
2019-02-20 19:58:16.326,1.0,sell,3924.0,BTC-27SEP19-5000-C,59.95,0.0985,1.0,0,1550692696326,15709497,102
2019-02-21 08:21:06.904,1.0,sell,3917.44,BTC-27SEP19-5000-C,58.09,0.0925,1.0,2,1550737266904,15732045,103
2019-02-22 14:38:06.643,0.4,sell,3938.11,BTC-27SEP19-5000-C,57.68,0.093,0.4,0,1550846286643,15778029,104
2019-02-22 18:04:13.576,0.6,buy,3944.06,BTC-27SEP19-5000-C,57.7,0.09300000000000001,0.6,1,1550858653576,15785488,105
2019-02-27 15:01:29.476,10.0,sell,3801.85,BTC-27SEP19-5000-C,58.16,0.08,10.0,2,1551279689476,16060950,106
2019-02-27 15:25:20.901,1.0,sell,3796.56,BTC-27SEP19-5000-C,57.81,0.0785,1.0,2,1551281120901,16061553,107
2019-02-27 16:15:49.161,1.0,buy,3797.12,BTC-27SEP19-5000-C,58.87,0.0815,1.0,0,1551284149161,16062556,108
2019-02-27 20:50:27.524,0.1,buy,3731.35,BTC-27SEP19-5000-C,58.97,0.0775,0.1,2,1551300627524,16076266,109
2019-02-27 23:33:55.033,0.1,buy,3794.38,BTC-27SEP19-5000-C,59.69,0.084,0.1,0,1551310435033,16088697,110
2019-03-01 14:14:44.061,0.1,buy,3813.11,BTC-27SEP19-5000-C,58.39,0.081,0.1,2,1551449684061,16150569,111
2019-03-01 14:43:43.103,0.1,buy,3816.98,BTC-27SEP19-5000-C,58.47,0.0815,0.1,0,1551451423103,16150829,112
2019-03-03 04:09:52.786,1.0,sell,3813.46,BTC-27SEP19-5000-C,55.8,0.0735,1.0,2,1551586192786,16184797,113
2019-03-03 05:17:55.600,0.1,buy,3808.06,BTC-27SEP19-5000-C,56.89,0.076,0.1,0,1551590275600,16185134,114
2019-03-04 02:55:15.170,5.0,buy,3793.17,BTC-27SEP19-5000-C,57.42,0.076,5.0,1,1551668115170,16203791,115
2019-03-04 02:55:15.170,3.8,buy,3793.17,BTC-27SEP19-5000-C,57.42,0.076,3.8,1,1551668115170,16203792,116
2019-03-04 13:12:27.334,10.0,sell,3692.86,BTC-27SEP19-5000-C,57.55,0.0695,10.0,2,1551705147334,16236030,117
2019-03-04 17:54:52.105,0.1,buy,3719.05,BTC-27SEP19-5000-C,57.47,0.071,0.1,0,1551722092105,16240534,118
2019-03-05 10:50:55.696,0.1,sell,3720.95,BTC-27SEP19-5000-C,57.63,0.07200000000000001,0.1,0,1551783055696,16254302,119
2019-03-05 12:20:38.235,4.0,buy,3737.0,BTC-27SEP19-5000-C,57.74,0.073,4.0,1,1551788438235,16255675,121
2019-03-05 12:20:38.235,5.0,buy,3737.0,BTC-27SEP19-5000-C,57.74,0.073,5.0,0,1551788438235,16255674,120
2019-03-06 00:00:38.958,3.4,sell,3845.88,BTC-27SEP19-5000-C,58.13,0.08199999999999999,3.4,0,1551830438958,16297625,122
2019-03-06 00:01:09.031,3.4,sell,3845.69,BTC-27SEP19-5000-C,58.16,0.08199999999999999,3.4,1,1551830469031,16297629,123
2019-03-06 00:02:03.141,3.2,sell,3844.96,BTC-27SEP19-5000-C,58.17,0.08199999999999999,3.2,1,1551830523141,16297652,124
2019-03-06 00:02:14.976,10.0,sell,3845.07,BTC-27SEP19-5000-C,57.99,0.0815,10.0,2,1551830534976,16297656,125
2019-03-06 01:21:03.340,10.0,buy,3822.89,BTC-27SEP19-5000-C,58.49,0.081,10.0,2,1551835263340,16301769,126
2019-03-06 03:38:20.533,10.0,buy,3818.49,BTC-27SEP19-5000-C,58.5,0.081,10.0,3,1551843500533,16303445,127
2019-03-06 06:52:29.396,10.0,sell,3836.93,BTC-27SEP19-5000-C,58.31,0.0815,10.0,0,1551855149396,16307177,128
2019-03-06 10:05:33.725,10.0,buy,3840.03,BTC-27SEP19-5000-C,58.1,0.081,10.0,2,1551866733725,16310429,129
2019-03-06 19:41:14.757,10.0,buy,3844.11,BTC-27SEP19-5000-C,58.0,0.081,10.0,3,1551901274757,16327014,130
2019-03-07 05:31:45.663,0.1,sell,3857.23,BTC-27SEP19-5000-C,57.82,0.0815,0.1,0,1551936705663,16341750,131
2019-03-07 10:19:49.625,10.0,buy,3834.17,BTC-27SEP19-5000-C,56.94,0.0775,10.0,2,1551953989625,16348130,132
2019-03-07 13:52:49.086,10.0,sell,3858.71,BTC-27SEP19-5000-C,56.74,0.0785,10.0,0,1551966769086,16352124,133
2019-03-07 19:17:51.651,0.1,buy,3868.84,BTC-27SEP19-5000-C,57.02,0.08,0.1,0,1551986271651,16361344,134
2019-03-08 04:47:19.287,10.0,sell,3866.84,BTC-27SEP19-5000-C,56.53,0.078,10.0,2,1552020439287,16367622,135
2019-03-08 04:47:19.836,0.5,sell,3866.84,BTC-27SEP19-5000-C,56.53,0.078,0.5,3,1552020439836,16367624,136
2019-03-08 06:54:29.672,1.0,buy,3883.17,BTC-27SEP19-5000-C,56.97,0.0805,1.0,0,1552028069672,16374803,137
2019-03-08 08:09:35.834,5.0,sell,3868.91,BTC-27SEP19-5000-C,55.28,0.0745,5.0,2,1552032575834,16378251,138
2019-03-08 08:09:35.834,0.5,sell,3868.91,BTC-27SEP19-5000-C,55.28,0.0745,0.5,3,1552032575834,16378252,139
2019-03-08 20:20:38.274,2.0,sell,3888.16,BTC-27SEP19-5000-C,56.52,0.079,2.0,0,1552076438274,16393587,140
2019-03-08 22:29:35.533,3.0,sell,3811.79,BTC-27SEP19-5000-C,56.48,0.07400000000000001,3.0,2,1552084175533,16404277,141
2019-03-09 18:30:42.763,2.0,buy,3910.14,BTC-27SEP19-5000-C,57.11,0.081,2.0,1,1552156242763,16444445,143
2019-03-09 18:30:42.763,0.5,buy,3910.14,BTC-27SEP19-5000-C,57.11,0.081,0.5,0,1552156242763,16444444,142
2019-03-10 16:29:46.030,1.0,buy,3879.39,BTC-27SEP19-5000-C,57.53,0.08,1.0,2,1552235386030,16464357,144
2019-03-11 17:43:25.190,2.5,sell,3849.91,BTC-27SEP19-5000-C,57.04,0.0765,2.5,2,1552326205190,16495189,145
2019-03-11 23:53:51.104,0.1,sell,3846.85,BTC-27SEP19-5000-C,57.01,0.076,0.1,2,1552348431104,16498761,146
2019-03-12 01:46:14.126,0.1,sell,3824.86,BTC-27SEP19-5000-C,56.97,0.0745,0.1,2,1552355174126,16503242,147
2019-03-12 03:08:36.288,0.1,sell,3804.94,BTC-27SEP19-5000-C,57.04,0.0735,0.1,2,1552360116288,16506633,148
2019-03-12 13:44:30.285,0.1,buy,3863.9,BTC-27SEP19-5000-C,57.58,0.0785,0.1,0,1552398270285,16520763,149
2019-03-12 21:16:07.932,5.0,buy,3864.98,BTC-27SEP19-5000-C,57.67,0.0785,5.0,1,1552425367932,16525647,150
2019-03-14 02:13:38.472,7.5,sell,3856.02,BTC-27SEP19-5000-C,57.1,0.0755,7.5,2,1552529618472,16548550,151
2019-03-14 02:27:02.274,7.5,sell,3854.73,BTC-27SEP19-5000-C,57.12,0.0755,7.5,3,1552530422274,16548611,152
2019-03-14 03:06:09.786,1.0,sell,3856.68,BTC-27SEP19-5000-C,57.3,0.076,1.0,0,1552532769786,16548801,153
2019-03-14 04:32:15.360,0.1,sell,3853.46,BTC-27SEP19-5000-C,56.83,0.0745,0.1,2,1552537935360,16549284,154
2019-03-15 13:18:59.016,10.0,buy,3883.11,BTC-27SEP19-5000-C,57.18,0.0775,10.0,0,1552655939016,16591411,155
2019-03-16 04:02:52.204,5.0,buy,3951.1,BTC-27SEP19-5000-C,58.05,0.0845,5.0,0,1552708972204,16614752,156
2019-03-16 04:03:20.925,4.0,buy,3947.37,BTC-27SEP19-5000-C,58.14,0.0845,4.0,1,1552709000925,16614801,157
2019-03-16 04:05:24.245,3.0,sell,3949.78,BTC-27SEP19-5000-C,58.09,0.0845,3.0,1,1552709124245,16614936,158
2019-03-17 12:50:46.457,0.3,sell,3957.04,BTC-27SEP19-5000-C,55.59,0.0775,0.3,2,1552827046457,16662682,159
2019-03-18 10:14:10.458,0.3,sell,3955.4,BTC-27SEP19-5000-C,56.29,0.079,0.3,0,1552904050458,16686077,160
2019-03-18 11:00:49.039,10.0,sell,3953.51,BTC-27SEP19-5000-C,56.38,0.079,10.0,1,1552906849039,16686854,161
2019-03-18 12:45:35.035,10.0,sell,3965.5,BTC-27SEP19-5000-C,56.06,0.079,10.0,1,1552913135035,16689210,162
2019-03-19 14:40:02.943,0.5,buy,3986.62,BTC-27SEP19-5000-C,55.18,0.078,0.5,2,1553006402943,16705943,163
2019-03-20 10:46:58.109,0.2,sell,3987.9,BTC-27SEP19-5000-C,55.01,0.077,0.2,2,1553078818109,16729369,164
2019-03-21 18:02:30.196,0.4,buy,3963.49,BTC-27SEP19-5000-C,56.64,0.0785,0.4,1,1553191350196,16770049,166
2019-03-21 18:02:30.196,9.6,buy,3963.49,BTC-27SEP19-5000-C,56.64,0.0785,9.6,0,1553191350196,16770048,165
2019-03-22 10:45:22.014,0.5,sell,3979.87,BTC-27SEP19-5000-C,55.55,0.0765,0.5,2,1553251522014,16776997,167
2019-03-22 16:44:32.059,0.5,buy,3984.12,BTC-27SEP19-5000-C,56.35,0.0785,0.5,0,1553273072059,16780112,168
2019-03-22 16:44:32.059,1.5,buy,3984.12,BTC-27SEP19-5000-C,56.35,0.0785,1.5,1,1553273072059,16780113,169
2019-03-23 02:50:09.978,3.1,buy,3994.1,BTC-27SEP19-5000-C,55.0,0.076,3.1,2,1553309409978,16786755,170
2019-03-23 10:52:47.061,0.2,sell,3974.31,BTC-27SEP19-5000-C,55.46,0.076,0.2,3,1553338367061,16791394,171
2019-03-23 21:27:03.054,1.0,sell,3976.58,BTC-27SEP19-5000-C,54.83,0.07400000000000001,1.0,2,1553376423054,16795570,172
2019-03-23 22:31:34.280,1.5,sell,3977.96,BTC-27SEP19-5000-C,54.82,0.07400000000000001,1.5,3,1553380294280,16795817,174
2019-03-23 22:31:34.280,0.5,sell,3977.96,BTC-27SEP19-5000-C,54.82,0.07400000000000001,0.5,3,1553380294280,16795816,173
2019-03-24 00:13:24.353,0.1,sell,3977.34,BTC-27SEP19-5000-C,54.95,0.0745,0.1,0,1553386404353,16796614,175
2019-03-24 21:05:09.697,0.1,sell,3958.43,BTC-27SEP19-5000-C,55.0,0.073,0.1,2,1553461509697,16804767,176
2019-03-25 09:32:21.875,4.2,sell,3971.16,BTC-27SEP19-5000-C,54.94,0.0735,4.2,0,1553506341875,16809527,177
2019-03-25 09:32:22.090,3.3000000000000003,buy,3971.16,BTC-27SEP19-5000-C,54.94,0.0735,3.3000000000000003,1,1553506342090,16809528,178
2019-03-25 10:09:07.504,2.0,buy,3972.03,BTC-27SEP19-5000-C,54.75,0.073,2.0,3,1553508547504,16809642,180
2019-03-25 10:09:07.504,3.3000000000000003,buy,3972.03,BTC-27SEP19-5000-C,54.75,0.073,3.3000000000000003,2,1553508547504,16809641,179
2019-03-25 11:10:39.073,3.3000000000000003,buy,3968.71,BTC-27SEP19-5000-C,54.99,0.0735,3.3000000000000003,0,1553512239073,16809962,181
2019-03-25 15:28:39.021,3.4,buy,3960.27,BTC-27SEP19-5000-C,54.94,0.0725,3.4,2,1553527719021,16812909,182
2019-03-25 16:37:46.277,10.0,sell,3954.56,BTC-27SEP19-5000-C,55.11,0.0725,10.0,3,1553531866277,16814720,183
2019-03-25 16:37:46.277,2.0,sell,3954.56,BTC-27SEP19-5000-C,55.11,0.0725,2.0,3,1553531866277,16814721,184
2019-03-25 17:16:17.940,2.0,buy,3955.86,BTC-27SEP19-5000-C,54.92,0.07200000000000001,2.0,2,1553534177940,16814865,185
2019-03-25 17:16:42.744,2.0,buy,3955.85,BTC-27SEP19-5000-C,54.91,0.07200000000000001,2.0,3,1553534202744,16814867,186
2019-03-25 17:17:56.701,2.0,buy,3955.85,BTC-27SEP19-5000-C,54.91,0.07200000000000001,2.0,3,1553534276701,16814889,187
2019-03-25 17:20:12.786,2.0,sell,3949.82,BTC-27SEP19-5000-C,54.89,0.0715,2.0,2,1553534412786,16815317,188
2019-03-25 17:20:31.452,2.0,buy,3947.65,BTC-27SEP19-5000-C,54.95,0.0715,2.0,3,1553534431452,16815347,189
2019-03-25 17:25:04.073,10.0,sell,3950.44,BTC-27SEP19-5000-C,54.82,0.0715,10.0,3,1553534704073,16815483,191
2019-03-25 17:25:04.073,2.0,sell,3950.44,BTC-27SEP19-5000-C,54.82,0.0715,2.0,3,1553534704073,16815482,190
2019-03-25 17:29:57.099,4.0,buy,3949.61,BTC-27SEP19-5000-C,54.73,0.071,4.0,2,1553534997099,16815524,192
2019-03-25 17:30:47.284,2.0,buy,3948.79,BTC-27SEP19-5000-C,54.73,0.071,2.0,3,1553535047284,16815533,193
2019-03-25 18:25:25.981,0.1,sell,3932.63,BTC-27SEP19-5000-C,54.76,0.07,0.1,2,1553538325981,16817286,194
2019-03-25 18:50:34.417,0.1,sell,3907.58,BTC-27SEP19-5000-C,54.94,0.069,0.1,2,1553539834417,16819188,195
2019-03-25 18:56:57.525,0.1,sell,3907.5,BTC-27SEP19-5000-C,54.76,0.0685,0.1,2,1553540217525,16819422,196
2019-03-25 22:13:57.827,5.0,sell,3889.24,BTC-27SEP19-5000-C,55.2,0.0685,5.0,3,1553552037827,16828509,198
2019-03-25 22:13:57.827,2.0,sell,3889.24,BTC-27SEP19-5000-C,55.2,0.0685,2.0,3,1553552037827,16828508,197
2019-03-25 22:41:29.598,3.0,buy,3899.9,BTC-27SEP19-5000-C,54.89,0.0685,3.0,3,1553553689598,16828977,199
2019-03-25 22:41:29.598,2.0,buy,3899.9,BTC-27SEP19-5000-C,54.89,0.0685,2.0,3,1553553689598,16828978,200
2019-03-25 22:50:56.644,2.0,buy,3906.18,BTC-27SEP19-5000-C,54.95,0.069,2.0,0,1553554256644,16829205,201
2019-03-25 23:40:41.169,2.0,buy,3905.45,BTC-27SEP19-5000-C,55.5,0.07,2.0,0,1553557241169,16829925,204
2019-03-25 23:40:41.169,0.3,buy,3905.45,BTC-27SEP19-5000-C,55.69,0.0705,0.3,0,1553557241169,16829927,206
2019-03-25 23:40:41.169,3.7,buy,3905.45,BTC-27SEP19-5000-C,55.5,0.07,3.7,1,1553557241169,16829926,205
2019-03-25 23:40:41.169,2.0,buy,3905.45,BTC-27SEP19-5000-C,55.3,0.0695,2.0,0,1553557241169,16829923,202
2019-03-25 23:40:41.169,2.0,buy,3905.45,BTC-27SEP19-5000-C,55.3,0.0695,2.0,1,1553557241169,16829924,203
2019-03-26 07:28:30.520,2.0,sell,3898.2,BTC-27SEP19-5000-C,55.69,0.0695,2.0,2,1553585310520,16834125,207
2019-03-26 11:17:48.643,0.4,buy,3899.56,BTC-27SEP19-5000-C,56.23,0.071,0.4,1,1553599068643,16835722,209
2019-03-26 11:17:48.643,3.7,buy,3899.56,BTC-27SEP19-5000-C,56.23,0.071,3.7,0,1553599068643,16835721,208
2019-03-26 16:26:49.972,10.0,sell,3912.42,BTC-27SEP19-5000-C,55.84,0.069,10.0,2,1553617609972,16840095,210
2019-03-26 22:58:05.374,3.9,buy,3913.63,BTC-27SEP19-5000-C,55.59,0.068,3.9,2,1553641085374,16842479,211
2019-03-27 11:18:27.101,1.0,buy,4008.34,BTC-27SEP19-5000-C,55.5,0.0745,1.0,0,1553685507101,16860467,212
2019-03-27 20:28:54.066,10.0,sell,4002.45,BTC-27SEP19-5000-C,54.24,0.0715,10.0,2,1553718534066,16869090,213
2019-03-27 20:52:21.816,0.1,sell,4007.35,BTC-27SEP19-5000-C,54.07,0.0715,0.1,3,1553719941816,16869247,214
2019-03-28 14:03:04.567,0.3,sell,4011.79,BTC-27SEP19-5000-C,55.31,0.075,0.3,0,1553781784567,16925695,215
2019-03-28 14:03:23.054,0.3,sell,4011.95,BTC-27SEP19-5000-C,55.32,0.075,0.3,1,1553781803054,16925697,216
2019-03-28 14:03:37.967,0.4,sell,4011.84,BTC-27SEP19-5000-C,55.33,0.075,0.4,1,1553781817967,16925700,217
2019-03-28 15:20:07.487,10.0,sell,4013.6,BTC-27SEP19-5000-C,54.7,0.0735,10.0,2,1553786407487,16926175,218
2019-03-28 15:20:15.151,10.0,sell,4013.55,BTC-27SEP19-5000-C,54.52,0.073,10.0,2,1553786415151,16926177,219
2019-03-28 19:56:16.682,5.0,sell,4010.72,BTC-27SEP19-5000-C,54.77,0.073,5.0,3,1553802976682,16928108,220
2019-03-28 19:56:20.273,5.0,sell,4010.71,BTC-27SEP19-5000-C,54.77,0.073,5.0,3,1553802980273,16928109,221
2019-03-29 00:53:54.515,0.3,sell,4021.95,BTC-27SEP19-5000-C,54.73,0.0735,0.3,0,1553820834515,16930598,222
2019-03-29 10:40:34.218,1.0,buy,4084.04,BTC-27SEP19-5000-C,55.4,0.08,1.0,0,1553856034218,16953262,223
2019-03-29 17:00:42.747,2.0,sell,4081.53,BTC-27SEP19-5000-C,54.89,0.0785,2.0,2,1553878842747,16960170,224
2019-03-29 21:18:18.337,100.0,buy,4080.25,BTC-27SEP19-5000-C,55.03,0.079,100.0,0,1553894298337,16962143,225
2019-03-29 21:41:00.077,100.0,buy,4076.27,BTC-27SEP19-5000-C,55.1,0.079,100.0,1,1553895660077,16962209,226
2019-03-29 21:46:17.156,100.0,sell,4079.91,BTC-27SEP19-5000-C,55.02,0.079,100.0,1,1553895977156,16962269,227
2019-03-30 03:36:21.272,0.1,sell,4096.21,BTC-27SEP19-5000-C,52.82,0.07400000000000001,0.1,2,1553916981272,16968727,228
2019-03-31 15:28:50.659,3.0,buy,4093.03,BTC-27SEP19-5000-C,55.32,0.08,3.0,0,1554046130659,16989663,230
2019-03-31 15:28:50.659,3.1,buy,4093.03,BTC-27SEP19-5000-C,55.32,0.08,3.1,1,1554046130659,16989664,231
2019-03-31 15:28:50.659,3.0,buy,4093.03,BTC-27SEP19-5000-C,54.94,0.079,3.0,0,1554046130659,16989662,229
2019-04-01 16:29:55.552,1.0,buy,4142.74,BTC-27SEP19-5000-C,55.77,0.083,1.0,0,1554136195552,17008671,232
2019-04-02 04:32:31.070,0.2,buy,4215.17,BTC-27SEP19-5000-C,54.18,0.084,0.2,0,1554179551070,17019689,233
2019-04-02 04:38:39.773,3.1,buy,4434.67,BTC-27SEP19-5000-C,53.48,0.1,3.1,0,1554179919773,17028542,234
2019-04-02 04:38:39.904,0.4,buy,4434.67,BTC-27SEP19-5000-C,53.48,0.1,0.4,1,1554179919904,17028543,235
2019-04-02 04:38:41.379,0.1,buy,4434.24,BTC-27SEP19-5000-C,53.48,0.1,0.1,1,1554179921379,17028553,236
2019-04-02 04:38:41.406,0.1,buy,4434.24,BTC-27SEP19-5000-C,53.48,0.1,0.1,1,1554179921406,17028555,237
2019-04-02 04:39:00.769,0.2,buy,4453.25,BTC-27SEP19-5000-C,53.06,0.1,0.2,1,1554179940769,17028961,238
2019-04-02 04:39:00.874,0.1,buy,4453.25,BTC-27SEP19-5000-C,53.06,0.1,0.1,1,1554179940874,17028964,239
2019-04-02 04:39:00.876,0.5,buy,4453.25,BTC-27SEP19-5000-C,53.06,0.1,0.5,1,1554179940876,17028966,240
2019-04-02 04:39:02.137,0.4,buy,4453.1,BTC-27SEP19-5000-C,53.07,0.1,0.4,1,1554179942137,17029052,241
2019-04-02 04:39:02.940,0.1,buy,4453.1,BTC-27SEP19-5000-C,53.07,0.1,0.1,1,1554179942940,17029075,242
2019-04-02 05:52:45.654,0.1,sell,4759.77,BTC-27SEP19-5000-C,50.19,0.119,0.1,0,1554184365654,17073829,243
2019-04-02 06:55:58.087,0.1,sell,4734.73,BTC-27SEP19-5000-C,51.37,0.1205,0.1,0,1554188158087,17088092,244
2019-04-02 10:10:31.741,1.0,sell,4795.46,BTC-27SEP19-5000-C,56.76,0.14,1.0,0,1554199831741,17103328,245
2019-04-02 12:38:10.106,0.5,buy,4821.54,BTC-27SEP19-5000-C,57.62,0.14400000000000002,0.5,0,1554208690106,17109430,246
2019-04-02 14:02:20.751,0.1,buy,4801.4,BTC-27SEP19-5000-C,59.93,0.149,0.1,0,1554213740751,17112603,247
2019-04-02 18:37:13.246,0.1,sell,4733.89,BTC-27SEP19-5000-C,57.09,0.136,0.1,2,1554230233246,17126609,248
2019-04-02 22:26:53.662,0.8,sell,4820.06,BTC-27SEP19-5000-C,56.81,0.1415,0.8,0,1554244013662,17140514,249
2019-04-02 23:46:13.797,3.4,buy,4940.05,BTC-27SEP19-5000-C,56.57,0.15,3.4,0,1554248773797,17150207,250
2019-04-02 23:46:42.067,3.4,buy,4943.65,BTC-27SEP19-5000-C,56.47,0.15,3.4,1,1554248802067,17150291,251
2019-04-02 23:46:59.503,2.3000000000000003,buy,4940.46,BTC-27SEP19-5000-C,56.45,0.15,2.3000000000000003,1,1554248819503,17150327,252
2019-04-03 00:51:38.406,0.2,sell,4955.74,BTC-27SEP19-5000-C,56.93,0.152,0.2,0,1554252698406,17161954,253
2019-04-03 01:44:28.017,0.4,buy,4957.17,BTC-27SEP19-5000-C,60.1,0.161,0.4,0,1554255868017,17165907,254
2019-04-03 02:27:31.158,0.5,buy,5018.56,BTC-27SEP19-5000-C,59.76,0.165,0.5,1,1554258451158,17169384,256
2019-04-03 02:27:31.158,2.0,buy,5018.56,BTC-27SEP19-5000-C,59.76,0.165,2.0,0,1554258451158,17169383,255
2019-04-03 02:30:23.062,3.2,sell,5021.74,BTC-27SEP19-5000-C,60.01,0.166,3.2,0,1554258623062,17170216,257
2019-04-03 02:38:26.414,16.8,buy,5019.42,BTC-27SEP19-5000-C,60.07,0.1665,16.8,0,1554259106414,17171080,258
2019-04-03 06:53:38.477,1.0,buy,4967.03,BTC-27SEP19-5000-C,61.07,0.165,1.0,2,1554274418477,17189974,259
2019-04-03 12:21:27.870,0.5,buy,5008.97,BTC-27SEP19-5000-C,59.68,0.165,0.5,3,1554294087870,17197645,260
2019-04-03 12:33:50.320,0.8,sell,5000.13,BTC-27SEP19-5000-C,59.36,0.1635,0.8,2,1554294830320,17198580,261
2019-04-03 13:10:51.520,0.5,buy,5022.5,BTC-27SEP19-5000-C,61.09,0.1705,0.5,1,1554297051520,17200216,264
2019-04-03 13:10:51.520,3.0,buy,5022.5,BTC-27SEP19-5000-C,61.09,0.1705,3.0,1,1554297051520,17200215,263
2019-04-03 13:10:51.520,2.0,buy,5022.5,BTC-27SEP19-5000-C,61.09,0.1705,2.0,0,1554297051520,17200214,262
2019-04-03 16:06:14.708,0.5,buy,5040.53,BTC-27SEP19-5000-C,61.42,0.1725,0.5,0,1554307574708,17206031,265
2019-04-03 16:06:14.708,3.0,buy,5040.53,BTC-27SEP19-5000-C,61.42,0.1725,3.0,1,1554307574708,17206033,267
2019-04-03 16:06:14.708,0.5,buy,5040.53,BTC-27SEP19-5000-C,61.42,0.1725,0.5,1,1554307574708,17206032,266
2019-04-03 21:03:24.189,3.0,sell,5340.16,BTC-27SEP19-5000-C,64.03,0.2045,3.0,0,1554325404189,17238713,268
2019-04-03 21:15:20.373,5.0,sell,5305.23,BTC-27SEP19-5000-C,63.23,0.199,5.0,2,1554326120373,17240330,269
2019-04-03 22:09:52.505,0.1,sell,5227.71,BTC-27SEP19-5000-C,62.85,0.1925,0.1,2,1554329392505,17246918,270
2019-04-03 22:23:14.573,1.0,sell,5253.56,BTC-27SEP19-5000-C,62.74,0.1935,1.0,0,1554330194573,17247647,271
2019-04-03 22:53:20.268,0.1,sell,5091.7,BTC-27SEP19-5000-C,61.67,0.1775,0.1,2,1554332000268,17256844,272
2019-04-03 23:04:22.119,0.1,sell,5023.47,BTC-27SEP19-5000-C,58.61,0.16399999999999998,0.1,2,1554332662119,17259890,273
2019-04-03 23:06:42.029,0.1,buy,4853.68,BTC-27SEP19-5000-C,59.71,0.1535,0.1,2,1554332802029,17263202,274
2019-04-03 23:19:06.273,0.1,sell,4877.78,BTC-27SEP19-5000-C,58.46,0.1515,0.1,2,1554333546273,17270586,275
2019-04-03 23:22:52.494,4.0,buy,4920.46,BTC-27SEP19-5000-C,67.25,0.1795,4.0,0,1554333772494,17271614,276
2019-04-04 00:47:26.825,0.1,sell,4998.98,BTC-27SEP19-5000-C,63.58,0.174,0.1,2,1554338846825,17281862,277
2019-04-04 00:48:01.932,0.1,sell,5003.14,BTC-27SEP19-5000-C,63.64,0.1745,0.1,0,1554338881932,17281864,278
2019-04-04 05:55:03.728,0.1,sell,5025.18,BTC-27SEP19-5000-C,35.14,0.099,0.1,2,1554357303728,17293206,279
2019-04-04 08:50:19.148,0.1,sell,5016.93,BTC-27SEP19-5000-C,60.66,0.1675,0.1,0,1554367819148,17297938,280
2019-04-04 08:54:38.668,0.1,sell,5018.27,BTC-27SEP19-5000-C,60.62,0.1675,0.1,1,1554368078668,17298011,281
2019-04-04 09:08:19.782,0.1,sell,5013.09,BTC-27SEP19-5000-C,60.72,0.1675,0.1,1,1554368899782,17298540,282
2019-04-04 10:34:21.879,1.0,buy,4990.75,BTC-27SEP19-5000-C,67.36,0.1835,1.0,0,1554374061879,17300791,283
2019-04-04 11:01:30.633,0.1,sell,4958.92,BTC-27SEP19-5000-C,63.05,0.1695,0.1,2,1554375690633,17301861,284
2019-04-04 11:03:23.059,0.1,buy,4940.33,BTC-27SEP19-5000-C,63.17,0.1685,0.1,2,1554375803059,17302298,285
2019-04-04 15:39:08.538,1.0,buy,4973.89,BTC-27SEP19-5000-C,62.59,0.17,1.0,0,1554392348538,17312484,286
2019-04-04 20:08:13.482,0.1,sell,4807.9,BTC-27SEP19-5000-C,61.65,0.155,0.1,2,1554408493482,17330007,287
2019-04-05 17:08:22.221,0.1,sell,5019.55,BTC-27SEP19-5000-C,62.08,0.172,0.1,0,1554484102221,17374616,288
2019-04-05 17:08:36.367,0.1,buy,5019.55,BTC-27SEP19-5000-C,62.26,0.1725,0.1,0,1554484116367,17374617,289
2019-04-05 17:11:02.440,0.1,sell,5019.0,BTC-27SEP19-5000-C,62.27,0.1725,0.1,1,1554484262440,17374701,290
2019-04-05 19:39:30.408,0.9,sell,5012.37,BTC-27SEP19-5000-C,62.73,0.1725,0.9,1,1554493170408,17379968,291
2019-04-05 19:40:35.060,0.1,buy,5012.33,BTC-27SEP19-5000-C,62.75,0.1725,0.1,1,1554493235060,17379974,292
2019-04-05 21:52:00.689,0.1,sell,5010.54,BTC-27SEP19-5000-C,62.93,0.1735,0.1,0,1554501120689,17384176,293
2019-04-05 22:00:16.306,0.1,sell,5005.26,BTC-27SEP19-5000-C,62.9,0.1725,0.1,2,1554501616306,17384232,294
2019-04-06 01:04:41.102,0.1,sell,5011.32,BTC-27SEP19-5000-C,62.88,0.17300000000000001,0.1,0,1554512681102,17387045,295
2019-04-06 01:49:40.068,0.1,sell,4990.46,BTC-27SEP19-5000-C,62.99,0.172,0.1,2,1554515380068,17387862,296
2019-04-06 08:15:25.063,1.0,sell,4999.06,BTC-27SEP19-5000-C,62.93,0.1725,1.0,0,1554538525063,17390860,297
2019-04-06 08:33:15.565,5.7,sell,4994.99,BTC-27SEP19-5000-C,62.91,0.172,5.7,2,1554539595565,17390957,298
2019-04-06 08:33:15.565,0.6,sell,4994.99,BTC-27SEP19-5000-C,62.91,0.172,0.6,3,1554539595565,17390958,299
2019-04-06 16:13:13.817,0.1,sell,5128.58,BTC-27SEP19-5000-C,62.82,0.184,0.1,0,1554567193817,17405047,300
2019-04-06 21:51:06.213,0.1,sell,5006.46,BTC-27SEP19-5000-C,61.82,0.1715,0.1,2,1554587466213,17434596,301
2019-04-07 10:05:47.619,1.0,sell,5138.86,BTC-27SEP19-5000-C,62.39,0.1855,1.0,0,1554631547619,17463400,302
2019-04-07 14:37:56.000,0.1,sell,5139.45,BTC-27SEP19-5000-C,62.49,0.18600000000000005,0.1,0,1554647876000,17468340,303
2019-04-07 15:30:23.058,0.1,sell,5120.01,BTC-27SEP19-5000-C,62.69,0.184,0.1,2,1554651023058,17469390,304
2019-04-07 16:23:03.114,0.1,sell,5074.78,BTC-27SEP19-5000-C,62.49,0.1795,0.1,2,1554654183114,17472478,305
2019-04-08 02:59:49.005,4.4,sell,5288.5,BTC-27SEP19-5000-C,66.12,0.2095,4.4,0,1554692389005,17508964,306
2019-04-08 02:59:58.041,4.4,buy,5288.65,BTC-27SEP19-5000-C,61.45,0.1975,4.4,2,1554692398041,17508978,307
2019-04-08 04:17:08.339,5.0,buy,5282.99,BTC-27SEP19-5000-C,66.4,0.2095,5.0,0,1554697028339,17512274,308
2019-04-08 04:17:08.339,0.1,buy,5282.99,BTC-27SEP19-5000-C,66.4,0.2095,0.1,1,1554697028339,17512275,309
2019-04-08 07:06:00.842,360.1,buy,5261.39,BTC-27SEP19-5000-C,65.34,0.205,360.1,2,1554707160842,17516301,310
2019-04-08 11:15:22.010,1.0,sell,5207.04,BTC-27SEP19-5000-C,62.61,0.192,1.0,2,1554722122010,17525793,311
2019-04-08 14:11:41.452,0.1,sell,5196.97,BTC-27SEP19-5000-C,62.0,0.1885,0.1,2,1554732701452,17532200,312
2019-04-08 17:07:56.345,0.1,sell,5206.05,BTC-27SEP19-5000-C,62.3,0.19,0.1,0,1554743276345,17537264,313
2019-04-08 18:19:28.235,7.2,buy,5230.06,BTC-27SEP19-5000-C,63.15,0.19399999999999998,7.2,0,1554747568235,17538421,314
2019-04-08 18:19:28.948,1.5,buy,5230.06,BTC-27SEP19-5000-C,63.15,0.19399999999999998,1.5,1,1554747568948,17538425,315
2019-04-08 22:29:36.889,1.0,sell,5284.57,BTC-27SEP19-5000-C,62.88,0.1975,1.0,0,1554762576889,17545964,316
2019-04-09 23:10:47.245,25.0,buy,5208.66,BTC-27SEP19-5000-C,61.5,0.187,25.0,2,1554851447245,17586186,317
2019-04-10 18:45:08.587,1.1,sell,5385.83,BTC-27SEP19-5000-C,61.02,0.199,1.1,0,1554921908587,17620224,318
2019-04-10 22:06:47.011,1.0,sell,5283.31,BTC-27SEP19-5000-C,62.2,0.194,1.0,2,1554934007011,17647863,319
2019-04-11 02:38:56.752,0.4,sell,5301.34,BTC-27SEP19-5000-C,60.33,0.19,0.4,2,1554950336752,17656651,320
2019-04-11 02:39:55.670,0.6,sell,5300.34,BTC-27SEP19-5000-C,60.34,0.19,0.6,3,1554950395670,17656652,321
2019-04-11 13:54:23.298,1.0,buy,5046.91,BTC-27SEP19-5000-C,63.81,0.1755,1.0,2,1554990863298,17701198,322
2019-04-11 15:19:02.984,0.5,sell,5062.69,BTC-27SEP19-5000-C,60.86,0.1685,0.5,2,1554995942984,17704453,323
2019-04-11 20:03:25.542,5.0,sell,5066.33,BTC-27SEP19-5000-C,63.19,0.1735,5.0,0,1555013005542,17714352,324
2019-04-11 21:03:28.612,5.0,sell,5049.97,BTC-27SEP19-5000-C,62.91,0.1715,5.0,2,1555016608612,17716244,325
2019-04-11 21:08:47.375,5.0,sell,5046.73,BTC-27SEP19-5000-C,62.7,0.1705,5.0,2,1555016927375,17716375,326
2019-04-11 22:07:49.262,0.2,buy,5018.42,BTC-27SEP19-5000-C,63.11,0.1695,0.2,2,1555020469262,17719909,327
2019-04-12 06:44:02.338,5.0,sell,5036.97,BTC-27SEP19-5000-C,62.38,0.1705,5.0,0,1555051442338,17739271,328
2019-04-12 06:44:04.613,5.0,sell,5037.43,BTC-27SEP19-5000-C,62.18,0.17,5.0,2,1555051444613,17739273,329
2019-04-12 06:44:07.499,5.0,sell,5037.44,BTC-27SEP19-5000-C,61.79,0.16899999999999998,5.0,2,1555051447499,17739274,330
2019-04-12 07:23:53.204,4.0,sell,5044.97,BTC-27SEP19-5000-C,61.74,0.1695,4.0,0,1555053833204,17740408,331
2019-04-12 18:10:07.041,0.5,sell,5066.51,BTC-27SEP19-5000-C,58.34,0.1615,0.5,2,1555092607041,17757063,332
2019-04-14 23:09:21.943,4.0,buy,5171.71,BTC-27SEP19-5000-C,58.71,0.168,4.0,0,1555283361943,17808850,333
2019-04-15 04:37:06.575,1.0,buy,5169.91,BTC-27SEP19-5000-C,59.06,0.16899999999999998,1.0,0,1555303026575,17813107,334
2019-04-15 19:20:38.996,0.5,sell,5034.35,BTC-27SEP19-5000-C,58.83,0.157,0.5,2,1555356038996,17834921,335
2019-04-16 20:56:14.345,1.0,sell,5184.68,BTC-27SEP19-5000-C,58.6,0.1715,1.0,0,1555448174345,17879785,336
2019-04-19 08:34:44.419,1.0,sell,5234.56,BTC-27SEP19-5000-C,59.5,0.1765,1.0,0,1555662884419,17947974,337
2019-04-19 21:13:02.880,5.0,sell,5282.33,BTC-27SEP19-5000-C,59.69,0.18100000000000002,5.0,0,1555708382880,17968397,338
2019-04-19 21:39:54.131,1.0,sell,5281.38,BTC-27SEP19-5000-C,59.43,0.18,1.0,2,1555709994131,17968804,339
2019-04-20 04:48:05.079,0.7000000000000001,buy,5318.55,BTC-27SEP19-5000-C,59.6,0.183,0.7000000000000001,0,1555735685079,17975308,340
2019-04-20 07:51:12.621,0.7000000000000001,buy,5332.96,BTC-27SEP19-5000-C,60.06,0.1855,0.7000000000000001,0,1555746672621,17978129,341
2019-04-20 07:51:12.621,0.7000000000000001,buy,5332.96,BTC-27SEP19-5000-C,60.06,0.1855,0.7000000000000001,1,1555746672621,17978130,342
2019-04-20 08:09:51.358,0.6,buy,5359.65,BTC-27SEP19-5000-C,59.55,0.1865,0.6,0,1555747791358,17978599,343
2019-04-22 14:38:32.537,0.3,buy,5311.36,BTC-27SEP19-5000-C,60.11,0.1835,0.3,2,1555943912537,18038288,344
2019-04-23 08:15:55.697,0.2,buy,5553.81,BTC-27SEP19-5000-C,64.34,0.2135,0.2,0,1556007355697,18101321,345
2019-04-25 15:29:32.691,5.0,sell,5460.85,BTC-27SEP19-5000-C,60.57,0.1925,5.0,2,1556206172691,18223317,346
2019-04-25 15:43:07.097,5.0,sell,5461.35,BTC-27SEP19-5000-C,60.29,0.192,5.0,2,1556206987097,18223538,347
2019-04-26 05:34:26.249,1.0,buy,5202.17,BTC-27SEP19-5000-C,60.24,0.17,1.0,2,1556256866249,18313047,348
2019-04-26 16:01:37.129,6.0,sell,5102.94,BTC-27SEP19-5000-C,62.7,0.1665,6.0,2,1556294497129,18333837,349
2019-04-26 22:14:10.978,1.0,buy,5164.81,BTC-27SEP19-5000-C,60.09,0.1655,1.0,2,1556316850978,18351974,350
2019-04-26 22:15:33.827,1.0,buy,5156.56,BTC-27SEP19-5000-C,60.51,0.166,1.0,0,1556316933827,18352045,351
2019-04-29 06:29:24.154,5.0,sell,5175.85,BTC-27SEP19-5000-C,60.62,0.1645,5.0,2,1556519364154,18409643,352
2019-04-30 13:36:41.090,5.0,sell,5239.58,BTC-27SEP19-5000-C,59.89,0.1665,5.0,0,1556631401090,18470496,353
2019-04-30 15:27:38.459,5.0,sell,5254.67,BTC-27SEP19-5000-C,59.79,0.16699999999999998,5.0,0,1556638058459,18477359,354
2019-04-30 15:31:37.964,5.0,sell,5257.77,BTC-27SEP19-5000-C,59.71,0.16699999999999998,5.0,1,1556638297964,18477442,355
2019-05-01 08:08:04.662,5.0,sell,5305.36,BTC-27SEP19-5000-C,60.17,0.1715,5.0,0,1556698084662,18500174,356
2019-05-04 00:30:31.695,0.1,buy,5734.64,BTC-27SEP19-5000-C,59.84,0.2115,0.1,0,1556929831695,18725918,357
2019-05-04 13:49:22.735,1.0,sell,5574.52,BTC-27SEP19-5000-C,62.23,0.202,1.0,2,1556977762735,18770327,358
2019-05-08 17:55:06.616,1.0,buy,5885.88,BTC-27SEP19-5000-C,60.73,0.22,1.0,0,1557338106616,19162433,359
2019-05-09 01:08:37.863,1.0,buy,6061.33,BTC-27SEP19-5000-C,63.68,0.24,1.0,0,1557364117863,19205881,360
2019-05-09 16:50:43.533,0.2,buy,6047.03,BTC-27SEP19-5000-C,63.19,0.237,0.2,2,1557420643533,19254244,361
2019-05-09 21:05:49.624,0.3,buy,6084.42,BTC-27SEP19-5000-C,63.47,0.2405,0.3,0,1557435949624,19264037,362
2019-05-11 07:53:02.847,0.2,sell,6777.73,BTC-27SEP19-5000-C,69.68,0.3065,0.2,0,1557561182847,19529294,363
2019-05-11 16:57:46.778,1.0,buy,6928.35,BTC-27SEP19-5000-C,50.14,0.295,1.0,2,1557593866778,19610842,364
2019-05-11 22:49:44.732,1.0,buy,7239.99,BTC-27SEP19-5000-C,71.35,0.35,1.0,0,1557614984732,19686561,365
2019-05-12 07:50:28.151,0.3,buy,7526.18,BTC-27SEP19-5000-C,111.29,0.4235,0.3,0,1557647428151,19840814,366
