date_utc,amount,direction,indexPrice,instrument,iv,price,quantity,tickDirection,timeStamp,tradeId,tradeSeq
2019-03-22 09:01:32.423,0.5,sell,3977.1,BTC-5APR19-4250-C,39.84,0.0085,0.5,1,1553245292423,16776386,1
2019-03-22 11:43:36.005,8.0,sell,3981.69,BTC-5APR19-4250-C,40.54,0.009000000000000001,8.0,0,1553255016005,16777261,2
2019-03-22 11:43:36.005,2.0,sell,3981.69,BTC-5APR19-4250-C,40.54,0.009000000000000001,2.0,1,1553255016005,16777262,3
2019-03-22 16:48:48.025,1.0,sell,3984.6,BTC-5APR19-4250-C,40.69,0.009000000000000001,1.0,1,1553273328025,16780118,4
2019-03-22 20:17:50.448,0.5,sell,3987.2,BTC-5APR19-4250-C,40.81,0.009000000000000001,0.5,1,1553285870448,16781433,5
2019-03-23 04:04:22.172,1.0,sell,3995.42,BTC-5APR19-4250-C,40.92,0.0095,1.0,0,1553313862172,16787259,6
2019-03-23 04:10:17.644,1.0,sell,3995.44,BTC-5APR19-4250-C,41.12,0.0095,1.0,1,1553314217644,16787295,7
2019-03-23 06:37:07.879,1.0,buy,3999.52,BTC-5APR19-4250-C,41.54,0.01,1.0,0,1553323027879,16788927,8
2019-03-23 06:37:07.879,2.0,buy,3999.52,BTC-5APR19-4250-C,41.54,0.01,2.0,1,1553323027879,16788928,9
2019-03-23 06:37:13.888,2.0,sell,3999.52,BTC-5APR19-4250-C,41.54,0.01,2.0,1,1553323033888,16788933,10
2019-03-23 07:07:01.509,0.5,buy,3995.27,BTC-5APR19-4250-C,42.68,0.0105,0.5,1,1553324821509,16789143,12
2019-03-23 07:07:01.509,2.0,buy,3995.27,BTC-5APR19-4250-C,42.68,0.0105,2.0,0,1553324821509,16789142,11
2019-03-23 13:12:11.431,7.7,buy,3971.18,BTC-5APR19-4250-C,44.61,0.01,7.7,2,1553346731431,16792585,13
2019-03-23 18:45:31.600,0.1,buy,3971.63,BTC-5APR19-4250-C,45.75,0.0105,0.1,0,1553366731600,16795261,14
2019-03-24 06:23:56.349,1.0,buy,3966.25,BTC-5APR19-4250-C,44.66,0.009000000000000001,1.0,2,1553408636349,16798908,15
2019-03-24 19:06:22.427,0.5,buy,3960.05,BTC-5APR19-4250-C,43.07,0.0075,0.5,2,1553454382427,16802782,16
2019-03-25 19:32:27.776,0.5,buy,3899.28,BTC-5APR19-4250-C,46.54,0.0055,0.5,2,1553542347776,16825750,17
2019-03-25 21:05:11.686,0.1,sell,3884.46,BTC-5APR19-4250-C,43.6,0.004,0.1,2,1553547911686,16827690,18
2019-03-25 22:50:44.423,0.2,sell,3906.31,BTC-5APR19-4250-C,43.23,0.0045,0.2,0,1553554244423,16829203,19
2019-03-25 23:40:40.790,10.0,buy,3904.72,BTC-5APR19-4250-C,45.06,0.005,10.0,0,1553557240790,16829904,20
2019-03-26 00:38:19.215,7.2,sell,3912.18,BTC-5APR19-4250-C,42.89,0.0045,7.2,2,1553560699215,16830813,21
2019-03-26 12:20:44.693,1.0,buy,3895.01,BTC-5APR19-4250-C,45.65,0.0045,1.0,3,1553602844693,16836104,22
2019-03-26 18:11:39.008,10.0,sell,3912.89,BTC-5APR19-4250-C,41.51,0.0035,10.0,2,1553623899008,16840693,23
2019-03-26 18:53:41.173,10.0,buy,3917.4,BTC-5APR19-4250-C,44.08,0.0045,10.0,0,1553626421173,16840983,24
2019-03-27 00:21:20.547,20.0,sell,3915.45,BTC-5APR19-4250-C,43.28,0.004,20.0,2,1553646080547,16843355,25
2019-03-27 00:21:20.547,2.0,sell,3915.45,BTC-5APR19-4250-C,43.28,0.004,2.0,3,1553646080547,16843356,26
2019-03-27 00:27:29.368,10.0,buy,3915.44,BTC-5APR19-4250-C,43.33,0.004,10.0,3,1553646449368,16843368,27
2019-03-27 00:27:29.368,2.0,buy,3915.44,BTC-5APR19-4250-C,43.33,0.004,2.0,3,1553646449368,16843369,28
2019-03-27 00:30:02.739,10.0,buy,3916.51,BTC-5APR19-4250-C,43.23,0.004,10.0,3,1553646602739,16843394,29
2019-03-27 00:30:37.039,10.0,buy,3916.66,BTC-5APR19-4250-C,43.18,0.004,10.0,3,1553646637039,16843396,30
2019-03-27 00:43:35.399,10.0,buy,3916.16,BTC-5APR19-4250-C,43.18,0.004,10.0,3,1553647415399,16843590,31
2019-03-27 00:52:25.176,20.0,sell,3925.72,BTC-5APR19-4250-C,42.3,0.004,20.0,3,1553647945176,16844009,32
2019-03-27 00:52:25.176,2.0,sell,3925.72,BTC-5APR19-4250-C,42.3,0.004,2.0,3,1553647945176,16844010,33
2019-03-27 01:01:09.642,2.0,buy,3944.8,BTC-5APR19-4250-C,42.0,0.0045,2.0,1,1553648469642,16845105,35
2019-03-27 01:01:09.642,10.0,buy,3944.8,BTC-5APR19-4250-C,42.0,0.0045,10.0,0,1553648469642,16845104,34
2019-03-27 01:09:07.718,2.0,sell,3932.95,BTC-5APR19-4250-C,41.62,0.004,2.0,2,1553648947718,16846332,36
2019-03-27 01:17:52.429,2.0,buy,3945.04,BTC-5APR19-4250-C,41.78,0.0045,2.0,1,1553649472429,16846932,38
2019-03-27 01:17:52.429,10.0,buy,3945.04,BTC-5APR19-4250-C,41.78,0.0045,10.0,0,1553649472429,16846931,37
2019-03-27 02:19:22.440,10.0,buy,3966.12,BTC-5APR19-4250-C,42.67,0.0055,10.0,0,1553653162440,16850603,39
2019-03-27 03:11:41.016,16.0,buy,3971.72,BTC-5APR19-4250-C,44.74,0.0065,16.0,1,1553656301016,16851513,42
2019-03-27 03:11:41.016,0.5,buy,3971.72,BTC-5APR19-4250-C,44.74,0.0065,0.5,1,1553656301016,16851512,41
2019-03-27 03:11:41.016,11.3,buy,3971.72,BTC-5APR19-4250-C,44.74,0.0065,11.3,1,1553656301016,16851514,43
2019-03-27 03:11:41.016,10.0,buy,3971.72,BTC-5APR19-4250-C,44.74,0.0065,10.0,0,1553656301016,16851511,40
2019-03-27 03:12:11.693,16.0,buy,3971.86,BTC-5APR19-4250-C,44.73,0.0065,16.0,1,1553656331693,16851518,44
2019-03-27 03:12:37.978,14.2,buy,3970.7,BTC-5APR19-4250-C,46.06,0.006999999999999999,14.2,1,1553656357978,16851523,46
2019-03-27 03:12:37.978,10.0,buy,3970.7,BTC-5APR19-4250-C,46.06,0.006999999999999999,10.0,0,1553656357978,16851522,45
2019-03-27 03:12:37.978,15.8,buy,3970.7,BTC-5APR19-4250-C,46.06,0.006999999999999999,15.8,1,1553656357978,16851525,48
2019-03-27 03:12:37.978,10.0,buy,3970.7,BTC-5APR19-4250-C,46.06,0.006999999999999999,10.0,1,1553656357978,16851524,47
2019-03-27 03:40:07.806,10.0,buy,3972.38,BTC-5APR19-4250-C,47.16,0.0075,10.0,0,1553658007806,16851842,49
2019-03-27 04:58:06.119,10.0,buy,3975.31,BTC-5APR19-4250-C,44.66,0.0065,10.0,2,1553662686119,16852954,50
2019-03-27 04:58:06.119,22.0,buy,3975.31,BTC-5APR19-4250-C,44.66,0.0065,22.0,3,1553662686119,16852955,51
2019-03-27 09:50:52.224,10.0,buy,3983.9,BTC-5APR19-4250-C,44.23,0.0065,10.0,3,1553680252224,16856037,52
2019-03-27 09:51:53.058,10.0,sell,3983.43,BTC-5APR19-4250-C,44.26,0.0065,10.0,3,1553680313058,16856040,53
2019-03-27 09:53:22.799,10.0,sell,3983.73,BTC-5APR19-4250-C,44.24,0.0065,10.0,3,1553680402799,16856048,54
2019-03-27 10:23:23.906,10.0,buy,4008.94,BTC-5APR19-4250-C,41.83,0.0065,10.0,3,1553682203906,16857312,55
2019-03-27 10:24:16.510,6.9,buy,4029.25,BTC-5APR19-4250-C,40.68,0.006999999999999999,6.9,0,1553682256510,16858030,56
2019-03-27 10:26:41.976,1.0,sell,4011.92,BTC-5APR19-4250-C,40.37,0.006,1.0,2,1553682401976,16858812,57
2019-03-27 10:28:56.595,1.0,sell,4005.8,BTC-5APR19-4250-C,41.03,0.006,1.0,3,1553682536595,16859149,58
2019-03-27 10:43:04.454,1.0,sell,4012.6,BTC-5APR19-4250-C,41.49,0.0065,1.0,0,1553683384454,16859594,59
2019-03-27 13:12:23.452,0.1,sell,4010.66,BTC-5APR19-4250-C,41.86,0.0065,0.1,1,1553692343452,16863297,60
2019-03-27 13:26:01.781,7.0,buy,4009.46,BTC-5APR19-4250-C,45.31,0.008,7.0,0,1553693161781,16863508,61
2019-03-27 13:26:11.577,8.0,buy,4009.56,BTC-5APR19-4250-C,46.4,0.0085,8.0,0,1553693171577,16863509,62
2019-03-27 16:08:23.317,10.0,buy,4011.66,BTC-5APR19-4250-C,42.94,0.006999999999999999,10.0,2,1553702903317,16865939,63
2019-03-27 16:25:35.808,14.0,sell,4005.73,BTC-5APR19-4250-C,43.73,0.006999999999999999,14.0,3,1553703935808,16866273,64
2019-03-27 16:31:46.000,3.6,buy,4003.47,BTC-5APR19-4250-C,44.1,0.006999999999999999,3.6,3,1553704306000,16866551,65
2019-03-27 20:30:52.648,0.9,sell,4003.97,BTC-5APR19-4250-C,43.19,0.0065,0.9,2,1553718652648,16869105,66
2019-03-27 20:30:52.648,1.0,sell,4003.97,BTC-5APR19-4250-C,43.19,0.0065,1.0,3,1553718652648,16869106,67
2019-03-28 06:24:52.968,0.1,sell,4011.55,BTC-5APR19-4250-C,40.66,0.0055,0.1,2,1553754292968,16922034,68
2019-03-28 08:02:57.840,1.0,sell,4013.14,BTC-5APR19-4250-C,41.98,0.006,1.0,0,1553760177840,16922597,69
2019-03-28 08:38:08.144,5.0,sell,4004.92,BTC-5APR19-4250-C,41.55,0.0055,5.0,2,1553762288144,16922861,70
2019-03-28 11:09:53.736,2.0,buy,4004.6,BTC-5APR19-4250-C,44.22,0.0065,2.0,0,1553771393736,16923952,71
2019-03-28 11:48:37.093,10.0,sell,3998.58,BTC-5APR19-4250-C,41.29,0.005,10.0,2,1553773717093,16924573,72
2019-03-28 12:02:47.831,10.0,sell,4001.95,BTC-5APR19-4250-C,42.26,0.0055,10.0,0,1553774567831,16924700,73
2019-03-28 15:39:38.338,0.5,sell,4014.83,BTC-5APR19-4250-C,41.28,0.0055,0.5,1,1553787578338,16926215,74
2019-03-28 19:53:27.928,0.2,sell,4010.43,BTC-5APR19-4250-C,42.21,0.0055,0.2,1,1553802807928,16928104,75
2019-03-29 00:14:04.235,2.0,buy,4013.63,BTC-5APR19-4250-C,43.83,0.006,2.0,0,1553818444235,16929304,76
2019-03-29 00:14:41.462,1.0,buy,4013.63,BTC-5APR19-4250-C,43.83,0.006,1.0,1,1553818481462,16929305,77
2019-03-29 00:29:56.215,4.0,buy,4019.45,BTC-5APR19-4250-C,42.98,0.006,4.0,1,1553819396215,16929633,78
2019-03-29 00:33:15.619,0.5,buy,4020.46,BTC-5APR19-4250-C,42.78,0.006,0.5,1,1553819595619,16929703,79
2019-03-29 00:33:36.280,2.5,buy,4023.67,BTC-5APR19-4250-C,42.37,0.006,2.5,1,1553819616280,16929788,80
2019-03-29 02:41:41.466,0.1,buy,4014.25,BTC-5APR19-4250-C,43.78,0.006,0.1,1,1553827301466,16931880,81
2019-03-29 02:42:10.922,0.9,sell,4014.25,BTC-5APR19-4250-C,43.78,0.006,0.9,1,1553827330922,16931881,82
2019-03-29 02:42:10.922,0.1,sell,4014.25,BTC-5APR19-4250-C,41.03,0.005,0.1,2,1553827330922,16931882,83
2019-03-29 02:51:16.848,1.3,buy,4016.56,BTC-5APR19-4250-C,44.61,0.0065,1.3,0,1553827876848,16931935,84
2019-03-29 03:04:55.125,8.0,buy,4024.17,BTC-5APR19-4250-C,44.05,0.0065,8.0,1,1553828695125,16932157,85
2019-03-29 04:18:15.723,0.7000000000000001,buy,4030.72,BTC-5APR19-4250-C,43.51,0.0065,0.7000000000000001,1,1553833095723,16933420,86
2019-03-29 04:34:21.859,0.4,buy,4046.64,BTC-5APR19-4250-C,43.55,0.0075,0.4,0,1553834061859,16934305,87
2019-03-29 04:37:48.306,10.0,buy,4044.31,BTC-5APR19-4250-C,45.59,0.008,10.0,0,1553834268306,16934658,88
2019-03-29 04:54:48.587,20.0,buy,4018.22,BTC-5APR19-4250-C,46.02,0.006999999999999999,20.0,2,1553835288587,16935909,89
2019-03-29 06:44:59.273,1.0,buy,4014.2,BTC-5APR19-4250-C,44.36,0.006,1.0,2,1553841899273,16937586,90
2019-03-29 06:45:13.468,1.0,sell,4014.22,BTC-5APR19-4250-C,42.98,0.0055,1.0,2,1553841913468,16937591,91
2019-03-29 07:52:58.769,5.0,buy,4043.91,BTC-5APR19-4250-C,43.24,0.006999999999999999,5.0,0,1553845978769,16939839,92
2019-03-29 07:55:02.903,5.0,buy,4043.1,BTC-5APR19-4250-C,43.35,0.006999999999999999,5.0,1,1553846102903,16939905,93
2019-03-29 08:07:33.551,1.0,sell,4026.13,BTC-5APR19-4250-C,41.54,0.0055,1.0,2,1553846853551,16941145,94
2019-03-29 08:38:43.566,1.0,sell,4031.59,BTC-5APR19-4250-C,40.95,0.0055,1.0,3,1553848723566,16941792,95
2019-03-29 08:52:20.497,1.0,sell,4030.05,BTC-5APR19-4250-C,41.16,0.0055,1.0,3,1553849540497,16941981,96
2019-03-29 09:10:19.457,9.0,buy,4038.88,BTC-5APR19-4250-C,41.47,0.006,9.0,0,1553850619457,16942175,97
2019-03-29 09:17:00.225,1.0,buy,4066.56,BTC-5APR19-4250-C,41.73,0.0075,1.0,0,1553851020225,16944271,98
2019-03-29 09:25:49.146,1.0,buy,4059.84,BTC-5APR19-4250-C,42.62,0.0075,1.0,1,1553851549146,16945168,99
2019-03-29 09:27:10.009,29.0,sell,4051.99,BTC-5APR19-4250-C,43.64,0.0075,29.0,1,1553851630009,16945298,100
2019-03-29 09:27:13.717,50.0,sell,4050.85,BTC-5APR19-4250-C,43.79,0.0075,50.0,1,1553851633717,16945309,101
2019-03-29 09:27:47.663,10.7,sell,4052.55,BTC-5APR19-4250-C,43.57,0.0075,10.7,1,1553851667663,16945354,102
2019-03-29 09:29:15.938,0.5,sell,4053.47,BTC-5APR19-4250-C,43.45,0.0075,0.5,1,1553851755938,16945498,103
2019-03-29 09:37:44.221,3.0,buy,4064.26,BTC-5APR19-4250-C,43.26,0.008,3.0,0,1553852264221,16945837,104
2019-03-29 09:39:49.006,5.1000000000000005,sell,4064.82,BTC-5APR19-4250-C,43.19,0.008,5.1000000000000005,1,1553852389006,16945870,105
2019-03-29 09:52:36.448,0.2,sell,4067.72,BTC-5APR19-4250-C,40.45,0.006999999999999999,0.2,2,1553853156448,16946177,106
2019-03-29 10:06:38.781,1.0,sell,4073.78,BTC-5APR19-4250-C,42.06,0.008,1.0,0,1553853998781,16946593,107
2019-03-29 10:08:47.475,0.3,sell,4081.3,BTC-5APR19-4250-C,43.33,0.009000000000000001,0.3,0,1553854127475,16946992,108
2019-03-29 10:09:02.626,0.2,sell,4082.7,BTC-5APR19-4250-C,43.14,0.009000000000000001,0.2,1,1553854142626,16947009,109
2019-03-29 10:10:34.758,1.5,sell,4081.52,BTC-5APR19-4250-C,43.31,0.009000000000000001,1.5,1,1553854234758,16947583,110
2019-03-29 10:13:24.794,0.1,sell,4078.19,BTC-5APR19-4250-C,41.48,0.008,0.1,2,1553854404794,16947888,111
2019-03-29 10:13:28.879,10.0,buy,4078.19,BTC-5APR19-4250-C,43.77,0.009000000000000001,10.0,0,1553854408879,16947891,112
2019-03-29 10:14:10.254,8.0,sell,4078.52,BTC-5APR19-4250-C,43.73,0.009000000000000001,8.0,1,1553854450254,16947914,113
2019-03-29 10:24:17.539,0.2,sell,4081.11,BTC-5APR19-4250-C,41.11,0.008,0.2,2,1553855057539,16948148,114
2019-03-29 10:30:57.491,0.1,buy,4086.95,BTC-5APR19-4250-C,42.6,0.009000000000000001,0.1,0,1553855457491,16948376,115
2019-03-29 10:44:22.044,1.0,buy,4081.83,BTC-5APR19-4250-C,42.2,0.0085,1.0,2,1553856262044,16953422,116
2019-03-29 11:23:17.857,2.0,buy,4080.13,BTC-5APR19-4250-C,44.78,0.0095,2.0,0,1553858597857,16954151,117
2019-03-29 12:04:44.621,4.7,sell,4071.02,BTC-5APR19-4250-C,45.0,0.009000000000000001,4.7,2,1553861084621,16956141,118
2019-03-29 12:46:00.650,10.0,sell,4072.53,BTC-5APR19-4250-C,42.57,0.008,10.0,2,1553863560650,16957491,119
2019-03-29 13:35:47.263,75.0,buy,4080.48,BTC-5APR19-4250-C,43.9,0.009000000000000001,75.0,0,1553866547263,16958118,120
2019-03-29 13:36:19.890,75.0,buy,4081.16,BTC-5APR19-4250-C,42.67,0.0085,75.0,2,1553866579890,16958119,121
2019-03-29 13:40:32.415,150.0,buy,4082.96,BTC-5APR19-4250-C,43.57,0.009000000000000001,150.0,0,1553866832415,16958222,122
2019-03-29 13:48:36.777,6.5,buy,4079.09,BTC-5APR19-4250-C,44.13,0.009000000000000001,6.5,1,1553867316777,16958353,123
2019-03-29 13:48:36.777,243.5,buy,4079.09,BTC-5APR19-4250-C,44.13,0.009000000000000001,243.5,1,1553867316777,16958354,124
2019-03-29 15:13:42.980,1.0,sell,4076.94,BTC-5APR19-4250-C,42.29,0.008,1.0,2,1553872422980,16959349,125
2019-03-29 15:15:31.401,0.7000000000000001,sell,4077.6,BTC-5APR19-4250-C,42.21,0.008,0.7000000000000001,3,1553872531401,16959359,126
2019-03-29 18:30:37.314,1.4,buy,4084.46,BTC-5APR19-4250-C,42.87,0.0085,1.4,0,1553884237314,16960567,127
2019-03-29 19:29:34.997,8.0,sell,4087.69,BTC-5APR19-4250-C,42.55,0.0085,8.0,1,1553887774997,16961166,128
2019-03-29 19:48:33.434,3.0,buy,4088.0,BTC-5APR19-4250-C,43.7,0.009000000000000001,3.0,0,1553888913434,16961221,129
2019-03-29 20:16:58.850,1.5,sell,4075.56,BTC-5APR19-4250-C,43.16,0.008,1.5,2,1553890618850,16961688,130
2019-03-29 22:32:19.997,5.0,sell,4082.32,BTC-5APR19-4250-C,42.54,0.008,5.0,3,1553898739997,16962389,131
2019-03-30 00:06:59.308,1.0,sell,4087.53,BTC-5APR19-4250-C,43.21,0.0085,1.0,0,1553904419308,16963329,132
2019-03-30 00:26:41.283,1.0,buy,4113.63,BTC-5APR19-4250-C,40.61,0.009000000000000001,1.0,0,1553905601283,16964334,133
2019-03-30 00:40:09.739,0.2,buy,4118.63,BTC-5APR19-4250-C,42.12,0.01,0.2,0,1553906409739,16964986,134
2019-03-30 00:48:47.594,8.1,buy,4126.46,BTC-5APR19-4250-C,44.18,0.0115,8.1,0,1553906927594,16965600,135
2019-03-30 00:51:53.501,1.0,sell,4127.73,BTC-5APR19-4250-C,43.99,0.0115,1.0,1,1553907113501,16965879,136
2019-03-30 00:53:00.190,20.7,sell,4125.03,BTC-5APR19-4250-C,44.42,0.0115,20.7,1,1553907180190,16965927,137
2019-03-30 02:50:21.103,0.4,sell,4116.33,BTC-5APR19-4250-C,40.53,0.009000000000000001,0.4,2,1553914221103,16967458,138
2019-03-30 03:29:41.500,78.8,sell,4095.12,BTC-5APR19-4250-C,41.41,0.008,78.8,2,1553916581500,16968549,139
2019-03-30 03:29:49.563,24.0,sell,4094.6,BTC-5APR19-4250-C,40.28,0.0075,24.0,2,1553916589563,16968550,140
2019-03-30 06:34:50.411,5.0,buy,4088.62,BTC-5APR19-4250-C,42.79,0.008,5.0,0,1553927690411,16976115,141
2019-03-30 06:44:15.432,0.4,buy,4088.66,BTC-5APR19-4250-C,42.81,0.008,0.4,1,1553928255432,16976259,142
2019-03-30 06:51:30.945,5.0,buy,4089.47,BTC-5APR19-4250-C,42.71,0.008,5.0,1,1553928690945,16976336,143
2019-03-30 06:52:46.644,5.0,buy,4089.33,BTC-5APR19-4250-C,42.73,0.008,5.0,1,1553928766644,16976348,144
2019-03-30 06:55:48.366,5.0,buy,4089.71,BTC-5APR19-4250-C,42.68,0.008,5.0,1,1553928948366,16976383,145
2019-03-30 06:58:09.390,3.6,buy,4089.82,BTC-5APR19-4250-C,42.67,0.008,3.6,1,1553929089390,16976408,146
2019-03-30 08:33:47.421,0.1,sell,4074.77,BTC-5APR19-4250-C,42.54,0.006999999999999999,0.1,2,1553934827421,16977210,147
2019-03-30 08:48:28.692,0.1,buy,4079.33,BTC-5APR19-4250-C,43.21,0.0075,0.1,0,1553935708692,16977287,148
2019-03-30 09:29:12.484,0.1,sell,4081.87,BTC-5APR19-4250-C,41.68,0.006999999999999999,0.1,2,1553938152484,16977507,149
2019-03-30 09:43:59.266,0.4,buy,4082.05,BTC-5APR19-4250-C,44.22,0.008,0.4,0,1553939039266,16977560,150
2019-03-30 10:39:10.560,0.4,buy,4075.09,BTC-5APR19-4250-C,44.1,0.0075,0.4,2,1553942350560,16978127,151
2019-03-30 10:49:34.160,0.4,sell,4073.16,BTC-5APR19-4250-C,43.11,0.006999999999999999,0.4,2,1553942974160,16978153,152
2019-03-30 12:16:20.425,1.0,buy,4086.54,BTC-5APR19-4250-C,42.7,0.0075,1.0,0,1553948180425,16978884,153
2019-03-30 14:54:30.893,0.1,sell,4077.25,BTC-5APR19-4250-C,40.47,0.006,0.1,2,1553957670893,16979909,154
2019-03-30 22:54:05.776,7.9,buy,4080.38,BTC-5APR19-4250-C,44.01,0.006999999999999999,7.9,0,1553986445776,16983744,155
2019-03-30 22:54:05.776,0.1,buy,4080.38,BTC-5APR19-4250-C,45.35,0.0075,0.1,0,1553986445776,16983745,156
2019-03-30 22:54:14.470,11.9,buy,4080.38,BTC-5APR19-4250-C,45.35,0.0075,11.9,1,1553986454470,16983747,158
2019-03-30 22:54:14.470,6.1000000000000005,buy,4080.38,BTC-5APR19-4250-C,45.35,0.0075,6.1000000000000005,1,1553986454470,16983746,157
2019-03-30 22:54:23.382,6.0,buy,4080.43,BTC-5APR19-4250-C,45.35,0.0075,6.0,1,1553986463382,16983748,159
2019-03-30 22:54:31.462,6.0,buy,4080.46,BTC-5APR19-4250-C,46.66,0.008,6.0,0,1553986471462,16983749,160
2019-03-30 22:54:40.805,9.0,buy,4080.46,BTC-5APR19-4250-C,46.66,0.008,9.0,1,1553986480805,16983750,161
2019-03-31 00:17:30.414,0.5,buy,4101.64,BTC-5APR19-4250-C,47.41,0.0095,0.5,0,1553991450414,16984709,162
2019-03-31 15:04:53.228,0.5,buy,4093.76,BTC-5APR19-4250-C,43.49,0.0065,0.5,2,1554044693228,16989621,163
2019-03-31 15:12:58.570,0.1,sell,4093.73,BTC-5APR19-4250-C,43.52,0.0065,0.1,3,1554045178570,16989634,164
2019-03-31 18:48:42.378,1.0,buy,4090.14,BTC-5APR19-4250-C,43.32,0.006,1.0,3,1554058122378,16991001,166
2019-03-31 18:48:42.378,0.5,buy,4090.14,BTC-5APR19-4250-C,43.32,0.006,0.5,2,1554058122378,16991000,165
2019-03-31 21:45:26.449,1.0,sell,4088.76,BTC-5APR19-4250-C,40.99,0.005,1.0,2,1554068726449,16991992,167
2019-04-01 01:40:38.917,0.5,buy,4117.95,BTC-5APR19-4250-C,41.59,0.0065,0.5,0,1554082838917,16998737,168
2019-04-01 03:00:38.432,1.0,buy,4121.58,BTC-5APR19-4250-C,45.53,0.008,1.0,0,1554087638432,16999410,169
2019-04-01 03:00:38.432,19.0,buy,4121.58,BTC-5APR19-4250-C,45.53,0.008,19.0,1,1554087638432,16999411,170
2019-04-01 03:01:07.359,30.0,buy,4121.68,BTC-5APR19-4250-C,45.51,0.008,30.0,1,1554087667359,16999414,171
2019-04-01 06:26:04.014,0.5,buy,4128.03,BTC-5APR19-4250-C,43.71,0.0075,0.5,2,1554099964014,17001214,172
2019-04-01 06:26:30.334,0.5,buy,4127.99,BTC-5APR19-4250-C,43.72,0.0075,0.5,3,1554099990334,17001215,173
2019-04-01 06:33:54.575,30.0,buy,4128.26,BTC-5APR19-4250-C,40.8,0.0065,30.0,2,1554100434575,17001249,174
2019-04-01 07:09:42.704,28.0,buy,4127.61,BTC-5APR19-4250-C,41.04,0.0065,28.0,3,1554102582704,17001484,175
2019-04-01 07:15:57.557,3.0,sell,4126.67,BTC-5APR19-4250-C,39.74,0.006,3.0,2,1554102957557,17001509,176
2019-04-01 07:29:21.326,0.1,sell,4120.66,BTC-5APR19-4250-C,39.29,0.0055,0.1,2,1554103761326,17001885,177
2019-04-01 09:18:41.400,0.1,buy,4123.53,BTC-5APR19-4250-C,42.24,0.0065,0.1,0,1554110321400,17003026,178
2019-04-01 09:42:19.425,0.5,sell,4119.87,BTC-5APR19-4250-C,39.89,0.0055,0.5,2,1554111739425,17003154,179
2019-04-01 09:42:33.396,0.8,sell,4120.21,BTC-5APR19-4250-C,36.6,0.0045,0.8,2,1554111753396,17003156,180
2019-04-01 09:53:38.416,17.900000000000006,buy,4117.63,BTC-5APR19-4250-C,40.32,0.0055,17.900000000000006,0,1554112418416,17003257,181
2019-04-01 10:04:40.568,0.5,buy,4122.5,BTC-5APR19-4250-C,39.51,0.0055,0.5,1,1554113080568,17003309,182
2019-04-01 11:12:15.663,0.5,sell,4113.51,BTC-5APR19-4250-C,39.69,0.005,0.5,2,1554117135663,17003889,183
2019-04-01 11:12:15.663,1.5,sell,4113.51,BTC-5APR19-4250-C,39.69,0.005,1.5,3,1554117135663,17003890,184
2019-04-01 11:24:57.739,3.0,sell,4115.82,BTC-5APR19-4250-C,40.97,0.0055,3.0,0,1554117897739,17004038,185
2019-04-01 11:32:33.278,0.3,sell,4116.07,BTC-5APR19-4250-C,40.95,0.0055,0.3,1,1554118353278,17004080,186
2019-04-01 13:13:50.004,2.2,sell,4125.76,BTC-5APR19-4250-C,39.61,0.0055,2.2,1,1554124430004,17005175,187
2019-04-01 13:13:50.016,1.4,sell,4125.76,BTC-5APR19-4250-C,39.61,0.0055,1.4,1,1554124430016,17005176,188
2019-04-01 13:13:50.028,1.6,sell,4125.76,BTC-5APR19-4250-C,39.61,0.0055,1.6,1,1554124430028,17005177,189
2019-04-01 13:13:50.029,1.9,sell,4125.76,BTC-5APR19-4250-C,39.61,0.0055,1.9,1,1554124430029,17005178,190
2019-04-01 13:13:50.167,1.3,sell,4125.76,BTC-5APR19-4250-C,39.61,0.0055,1.3,1,1554124430167,17005179,191
2019-04-01 13:13:50.176,0.4,sell,4125.76,BTC-5APR19-4250-C,39.61,0.0055,0.4,1,1554124430176,17005180,192
2019-04-01 13:13:50.188,1.4,sell,4125.76,BTC-5APR19-4250-C,39.61,0.0055,1.4,1,1554124430188,17005181,193
2019-04-01 13:13:50.377,0.1,buy,4125.76,BTC-5APR19-4250-C,38.0,0.005,0.1,3,1554124430377,17005183,195
2019-04-01 13:13:50.377,0.4,buy,4125.76,BTC-5APR19-4250-C,38.0,0.005,0.4,2,1554124430377,17005182,194
2019-04-01 13:13:50.584,0.5,buy,4125.76,BTC-5APR19-4250-C,38.0,0.005,0.5,3,1554124430584,17005186,196
2019-04-01 13:13:53.147,0.2,buy,4125.76,BTC-5APR19-4250-C,38.0,0.005,0.2,3,1554124433147,17005188,197
2019-04-01 13:13:53.147,3.8,buy,4125.76,BTC-5APR19-4250-C,38.0,0.005,3.8,3,1554124433147,17005189,198
2019-04-01 13:23:47.119,3.2,buy,4123.8,BTC-5APR19-4250-C,38.38,0.005,3.2,3,1554125027119,17005215,202
2019-04-01 13:23:47.119,1.9,buy,4123.8,BTC-5APR19-4250-C,38.38,0.005,1.9,3,1554125027119,17005214,201
2019-04-01 13:23:47.119,0.3,buy,4123.8,BTC-5APR19-4250-C,38.38,0.005,0.3,3,1554125027119,17005216,203
2019-04-01 13:23:47.119,0.9,buy,4123.8,BTC-5APR19-4250-C,38.38,0.005,0.9,3,1554125027119,17005212,199
2019-04-01 13:23:47.119,1.1,buy,4123.8,BTC-5APR19-4250-C,38.38,0.005,1.1,3,1554125027119,17005213,200
2019-04-01 14:33:59.148,0.3,buy,4145.55,BTC-5APR19-4250-C,40.8,0.006999999999999999,0.3,0,1554129239148,17006746,204
2019-04-01 15:09:00.092,10.0,sell,4135.81,BTC-5APR19-4250-C,41.31,0.0065,10.0,2,1554131340092,17007940,205
2019-04-01 17:40:38.750,1.2,sell,4133.7,BTC-5APR19-4250-C,39.16,0.0055,1.2,2,1554140438750,17009429,206
2019-04-01 19:36:29.700,8.0,sell,4132.25,BTC-5APR19-4250-C,39.87,0.0055,8.0,3,1554147389700,17010361,207
2019-04-01 19:45:37.826,0.8,sell,4132.0,BTC-5APR19-4250-C,39.96,0.0055,0.8,3,1554147937826,17010412,208
2019-04-01 20:14:26.261,5.0,sell,4131.46,BTC-5APR19-4250-C,36.82,0.0045,5.0,2,1554149666261,17010639,209
2019-04-01 22:01:47.754,0.5,sell,4133.26,BTC-5APR19-4250-C,36.89,0.0045,0.5,3,1554156107754,17011300,210
2019-04-01 22:42:17.730,6.0,sell,4140.23,BTC-5APR19-4250-C,37.44,0.005,6.0,0,1554158537730,17011576,211
2019-04-02 00:56:04.410,1.0,buy,4148.32,BTC-5APR19-4250-C,41.26,0.0065,1.0,0,1554166564410,17014257,212
2019-04-02 01:01:10.054,1.4,buy,4142.6,BTC-5APR19-4250-C,40.84,0.006,1.4,2,1554166870054,17014450,213
2019-04-02 01:01:22.182,0.2,buy,4141.18,BTC-5APR19-4250-C,41.12,0.006,0.2,3,1554166882182,17014479,214
2019-04-02 01:06:20.288,1.0,buy,4145.06,BTC-5APR19-4250-C,41.97,0.0065,1.0,0,1554167180288,17014583,215
2019-04-02 01:36:13.889,0.1,buy,4153.29,BTC-5APR19-4250-C,41.97,0.006999999999999999,0.1,0,1554168973889,17015065,216
2019-04-02 01:36:31.479,0.4,buy,4153.33,BTC-5APR19-4250-C,41.96,0.006999999999999999,0.4,1,1554168991479,17015067,217
2019-04-02 02:12:31.893,10.0,sell,4166.35,BTC-5APR19-4250-C,40.87,0.0075,10.0,0,1554171151893,17016263,218
2019-04-02 02:12:52.450,10.0,sell,4168.97,BTC-5APR19-4250-C,40.29,0.0075,10.0,1,1554171172450,17016268,219
2019-04-02 02:43:02.901,1.0,buy,4173.25,BTC-5APR19-4250-C,40.96,0.008,1.0,0,1554172982901,17016945,220
2019-04-02 03:22:40.622,1.0,sell,4173.26,BTC-5APR19-4250-C,38.14,0.006999999999999999,1.0,2,1554175360622,17017697,221
2019-04-02 03:35:17.154,1.0,buy,4175.68,BTC-5APR19-4250-C,39.16,0.0075,1.0,0,1554176117154,17017824,222
2019-04-02 03:40:50.478,0.5,buy,4176.87,BTC-5APR19-4250-C,40.4,0.008,0.5,0,1554176450478,17017854,223
2019-04-02 03:41:21.603,11.9,buy,4176.61,BTC-5APR19-4250-C,41.94,0.0085,11.9,1,1554176481603,17017856,225
2019-04-02 03:41:21.603,0.1,buy,4176.61,BTC-5APR19-4250-C,41.94,0.0085,0.1,0,1554176481603,17017855,224
2019-04-02 03:49:11.577,1.0,sell,4169.01,BTC-5APR19-4250-C,40.71,0.0075,1.0,2,1554176951577,17017968,226
2019-04-02 03:50:40.672,12.0,sell,4167.73,BTC-5APR19-4250-C,41.0,0.0075,12.0,3,1554177040672,17018012,227
2019-04-02 03:53:05.499,1.0,buy,4172.37,BTC-5APR19-4250-C,42.96,0.0085,1.0,0,1554177185499,17018074,228
2019-04-02 03:53:05.499,1.0,buy,4172.37,BTC-5APR19-4250-C,42.96,0.0085,1.0,1,1554177185499,17018075,229
2019-04-02 03:53:28.621,1.0,buy,4172.82,BTC-5APR19-4250-C,42.86,0.0085,1.0,1,1554177208621,17018078,230
2019-04-02 03:57:58.041,5.0,buy,4170.96,BTC-5APR19-4250-C,43.31,0.0085,5.0,1,1554177478041,17018140,231
2019-04-02 04:32:35.852,15.0,buy,4216.8,BTC-5APR19-4250-C,39.28,0.011000000000000001,15.0,0,1554179555852,17019869,232
2019-04-02 04:33:18.200,1.0,buy,4258.84,BTC-5APR19-4250-C,33.62,0.0135,1.0,0,1554179598200,17021816,233
2019-04-02 04:33:22.929,9.0,buy,4262.62,BTC-5APR19-4250-C,32.36,0.0135,9.0,1,1554179602929,17022030,234
2019-04-02 04:33:26.247,5.0,buy,4265.52,BTC-5APR19-4250-C,31.36,0.0135,5.0,1,1554179606247,17022164,235
2019-04-02 04:33:35.635,2.0,buy,4288.3,BTC-5APR19-4250-C,28.31,0.0155,2.0,0,1554179615635,17022597,236
2019-04-02 04:33:35.635,0.1,buy,4288.3,BTC-5APR19-4250-C,28.31,0.0155,0.1,1,1554179615635,17022598,237
2019-04-02 04:33:47.224,2.0,buy,4301.77,BTC-5APR19-4250-C,28.25,0.0175,2.0,0,1554179627224,17023073,238
2019-04-02 04:33:47.224,0.1,buy,4301.77,BTC-5APR19-4250-C,28.25,0.0175,0.1,1,1554179627224,17023074,239
2019-04-02 04:33:50.522,2.0,buy,4306.14,BTC-5APR19-4250-C,32.25,0.0195,2.0,0,1554179630522,17023231,240
2019-04-02 04:33:55.473,0.2,buy,4317.13,BTC-5APR19-4250-C,43.67,0.025,0.2,0,1554179635473,17023447,241
2019-04-02 04:33:57.603,0.1,buy,4315.46,BTC-5APR19-4250-C,58.73,0.03,0.1,0,1554179637603,17023515,242
2019-04-02 04:34:03.494,8.0,buy,4322.56,BTC-5APR19-4250-C,60.21,0.0315,8.0,0,1554179643494,17023713,243
2019-04-02 04:36:20.866,0.5,sell,4383.51,BTC-5APR19-4250-C,28.44,0.032,0.5,0,1554179780866,17026091,244
2019-04-02 04:36:40.583,1.0,sell,4379.34,BTC-5APR19-4250-C,34.53,0.0325,1.0,0,1554179800583,17026334,245
2019-04-02 04:39:02.120,0.4,buy,4453.1,BTC-5APR19-4250-C,48.44,0.049,0.4,0,1554179942120,17029048,246
2019-04-02 04:39:02.813,0.4,buy,4453.1,BTC-5APR19-4250-C,48.44,0.049,0.4,1,1554179942813,17029072,247
2019-04-02 04:39:03.181,0.4,buy,4453.25,BTC-5APR19-4250-C,48.31,0.049,0.4,1,1554179943181,17029076,248
2019-04-02 04:39:07.008,3.1,buy,4454.38,BTC-5APR19-4250-C,47.31,0.049,3.1,1,1554179947008,17029158,249
2019-04-02 04:39:10.171,1.4,buy,4453.46,BTC-5APR19-4250-C,48.13,0.049,1.4,1,1554179950171,17029194,250
2019-04-02 04:39:10.246,0.4,buy,4453.46,BTC-5APR19-4250-C,48.13,0.049,0.4,1,1554179950246,17029195,251
2019-04-02 04:39:11.171,2.9,buy,4453.24,BTC-5APR19-4250-C,48.32,0.049,2.9,1,1554179951171,17029198,252
2019-04-02 04:39:11.620,1.3,buy,4453.24,BTC-5APR19-4250-C,48.32,0.049,1.3,1,1554179951620,17029210,253
2019-04-02 04:39:14.399,2.1,buy,4459.34,BTC-5APR19-4250-C,42.4,0.049,2.1,1,1554179954399,17029252,254
2019-04-02 04:39:15.262,3.0,buy,4458.43,BTC-5APR19-4250-C,43.39,0.049,3.0,1,1554179955262,17029270,255
2019-04-02 04:39:17.227,1.0,buy,4458.28,BTC-5APR19-4250-C,43.55,0.049,1.0,1,1554179957227,17029283,256
2019-04-02 04:39:19.618,0.4,buy,4455.34,BTC-5APR19-4250-C,46.44,0.049,0.4,1,1554179959618,17029298,257
2019-04-02 04:39:30.272,8.700000000000001,buy,4460.23,BTC-5APR19-4250-C,41.39,0.049,8.700000000000001,1,1554179970272,17029508,258
2019-04-02 04:39:31.854,0.3,buy,4460.85,BTC-5APR19-4250-C,40.66,0.049,0.3,1,1554179971854,17029531,259
2019-04-02 04:39:31.940,1.0,buy,4460.85,BTC-5APR19-4250-C,40.66,0.049,1.0,1,1554179971940,17029534,260
2019-04-02 04:39:32.063,3.2,buy,4459.34,BTC-5APR19-4250-C,42.41,0.049,3.2,1,1554179972063,17029535,261
2019-04-02 04:39:32.093,3.9,buy,4459.34,BTC-5APR19-4250-C,45.2,0.0495,3.9,0,1554179972093,17029536,262
2019-04-02 04:39:34.036,1.4,buy,4458.87,BTC-5APR19-4250-C,45.66,0.0495,1.4,1,1554179974036,17029562,263
2019-04-02 04:39:34.192,8.0,buy,4459.76,BTC-5APR19-4250-C,44.78,0.0495,8.0,1,1554179974192,17029564,264
2019-04-02 04:39:34.409,8.4,buy,4459.76,BTC-5APR19-4250-C,44.78,0.0495,8.4,1,1554179974409,17029565,265
2019-04-02 04:39:34.604,0.9,buy,4459.76,BTC-5APR19-4250-C,44.78,0.0495,0.9,1,1554179974604,17029566,266
2019-04-02 04:39:34.824,7.4,buy,4459.76,BTC-5APR19-4250-C,44.78,0.0495,7.4,1,1554179974824,17029567,267
2019-04-02 04:39:34.837,0.5,buy,4459.76,BTC-5APR19-4250-C,47.39,0.05,0.5,0,1554179974837,17029568,268
2019-04-02 04:39:35.307,3.0,buy,4461.11,BTC-5APR19-4250-C,57.66,0.0525,3.0,0,1554179975307,17029697,269
2019-04-02 04:39:35.504,2.9,buy,4461.11,BTC-5APR19-4250-C,57.66,0.0525,2.9,1,1554179975504,17029706,270
2019-04-02 04:39:40.768,1.5,buy,4463.84,BTC-5APR19-4250-C,55.63,0.0525,1.5,1,1554179980768,17029805,271
2019-04-02 04:39:42.243,0.4,buy,4466.69,BTC-5APR19-4250-C,53.38,0.0525,0.4,1,1554179982243,17029833,272
2019-04-02 04:39:42.598,1.2,buy,4466.69,BTC-5APR19-4250-C,53.38,0.0525,1.2,1,1554179982598,17029843,273
2019-04-02 04:39:44.541,9.3,buy,4465.84,BTC-5APR19-4250-C,54.07,0.0525,9.3,1,1554179984541,17029876,274
2019-04-02 04:39:44.682,0.4,buy,4465.84,BTC-5APR19-4250-C,54.07,0.0525,0.4,1,1554179984682,17029877,275
2019-04-02 04:39:45.122,0.4,buy,4466.32,BTC-5APR19-4250-C,53.68,0.0525,0.4,1,1554179985122,17029880,276
2019-04-02 04:39:46.854,0.1,buy,4466.32,BTC-5APR19-4250-C,53.68,0.0525,0.1,1,1554179986854,17029925,277
2019-04-02 04:39:46.966,1.0,buy,4466.32,BTC-5APR19-4250-C,53.68,0.0525,1.0,1,1554179986966,17029928,278
2019-04-02 04:39:48.130,2.5,buy,4469.93,BTC-5APR19-4250-C,50.61,0.0525,2.5,1,1554179988130,17029935,279
2019-04-02 04:39:49.181,0.4,buy,4470.09,BTC-5APR19-4250-C,50.47,0.0525,0.4,1,1554179989181,17029949,280
2019-04-02 04:39:54.701,1.0,buy,4471.65,BTC-5APR19-4250-C,49.02,0.0525,1.0,1,1554179994701,17030034,281
2019-04-02 04:39:59.210,5.9,buy,4471.22,BTC-5APR19-4250-C,49.43,0.0525,5.9,1,1554179999210,17030078,282
2019-04-02 04:39:59.433,7.7,buy,4471.22,BTC-5APR19-4250-C,54.27,0.0535,7.7,0,1554179999433,17030083,283
2019-04-02 04:39:59.610,7.7,buy,4471.22,BTC-5APR19-4250-C,54.27,0.0535,7.7,1,1554179999610,17030088,284
2019-04-02 04:39:59.760,7.7,buy,4471.22,BTC-5APR19-4250-C,54.27,0.0535,7.7,1,1554179999760,17030093,285
2019-04-02 04:39:59.879,6.9,buy,4471.22,BTC-5APR19-4250-C,54.27,0.0535,6.9,1,1554179999879,17030095,286
2019-04-02 04:40:11.504,0.4,buy,4475.82,BTC-5APR19-4250-C,52.74,0.054000000000000006,0.4,0,1554180011504,17030183,287
2019-04-02 04:40:21.302,3.6,buy,4479.39,BTC-5APR19-4250-C,49.43,0.054000000000000006,3.6,1,1554180021302,17030311,288
2019-04-02 04:40:22.429,6.5,buy,4480.79,BTC-5APR19-4250-C,48.01,0.054000000000000006,6.5,1,1554180022429,17030335,289
2019-04-02 04:40:24.161,4.0,buy,4479.13,BTC-5APR19-4250-C,49.68,0.054000000000000006,4.0,1,1554180024161,17030375,290
2019-04-02 04:40:26.850,3.6,buy,4477.84,BTC-5APR19-4250-C,50.91,0.054000000000000006,3.6,1,1554180026850,17030438,291
2019-04-02 04:40:27.255,4.0,buy,4478.2,BTC-5APR19-4250-C,50.58,0.054000000000000006,4.0,1,1554180027255,17030443,292
2019-04-02 04:40:29.749,4.0,buy,4478.08,BTC-5APR19-4250-C,50.69,0.054000000000000006,4.0,1,1554180029749,17030470,293
2019-04-02 04:40:31.951,0.1,buy,4478.18,BTC-5APR19-4250-C,53.11,0.0545,0.1,0,1554180031951,17030519,295
2019-04-02 04:40:31.951,3.9,buy,4478.18,BTC-5APR19-4250-C,50.6,0.054000000000000006,3.9,1,1554180031951,17030518,294
2019-04-02 04:42:13.142,2.0,buy,4468.45,BTC-5APR19-4250-C,0.0,0.04,2.0,2,1554180133142,17031789,296
2019-04-02 04:42:18.807,5.0,sell,4468.92,BTC-5APR19-4250-C,0.0,0.009000000000000001,5.0,2,1554180138807,17031838,297
2019-04-02 04:42:18.811,3.0,buy,4468.92,BTC-5APR19-4250-C,0.0,0.009000000000000001,3.0,3,1554180138811,17031839,298
2019-04-02 04:43:02.824,3.0,buy,4472.09,BTC-5APR19-4250-C,29.72,0.05,3.0,0,1554180182824,17032090,299
2019-04-02 04:44:17.222,1.0,sell,4454.89,BTC-5APR19-4250-C,30.03,0.0465,1.0,2,1554180257222,17032951,300
2019-04-02 04:48:30.852,21.0,sell,4462.53,BTC-5APR19-4250-C,0.0,0.0455,21.0,2,1554180510852,17034105,301
2019-04-02 04:49:09.411,3.8,buy,4472.38,BTC-5APR19-4250-C,0.0,0.0495,3.8,0,1554180549411,17034277,302
2019-04-02 04:49:11.496,3.8,buy,4473.92,BTC-5APR19-4250-C,0.0,0.0495,3.8,1,1554180551496,17034344,303
2019-04-02 04:49:12.348,0.5,buy,4477.46,BTC-5APR19-4250-C,0.0,0.0495,0.5,1,1554180552348,17034359,304
2019-04-02 04:49:13.774,3.8,buy,4478.86,BTC-5APR19-4250-C,0.0,0.0495,3.8,1,1554180553774,17034393,305
2019-04-02 04:49:25.099,8.1,buy,4494.46,BTC-5APR19-4250-C,0.0,0.0495,8.1,1,1554180565099,17034545,306
2019-04-02 04:49:41.271,0.5,buy,4517.8,BTC-5APR19-4250-C,0.0,0.0545,0.5,0,1554180581271,17034778,307
2019-04-02 04:49:59.857,21.2,buy,4540.09,BTC-5APR19-4250-C,0.0,0.0545,21.2,1,1554180599857,17035522,308
2019-04-02 04:50:12.197,3.0,buy,4561.12,BTC-5APR19-4250-C,0.0,0.0545,3.0,1,1554180612197,17035858,309
2019-04-02 04:50:14.037,0.5,buy,4559.8,BTC-5APR19-4250-C,0.0,0.0545,0.5,1,1554180614037,17035891,310
2019-04-02 04:50:15.863,1.0,buy,4563.28,BTC-5APR19-4250-C,0.0,0.0545,1.0,1,1554180615863,17035917,311
2019-04-02 04:50:19.494,3.0,buy,4567.0,BTC-5APR19-4250-C,0.0,0.0545,3.0,1,1554180619494,17036029,312
2019-04-02 04:50:34.544,0.7000000000000001,buy,4578.99,BTC-5APR19-4250-C,0.0,0.0545,0.7000000000000001,1,1554180634544,17036342,313
2019-04-02 04:50:34.544,2.9,buy,4578.99,BTC-5APR19-4250-C,0.0,0.055,2.9,0,1554180634544,17036343,314
2019-04-02 04:50:39.386,3.0,buy,4582.9,BTC-5APR19-4250-C,0.0,0.055,3.0,1,1554180639386,17036431,315
2019-04-02 04:50:44.253,3.0,buy,4582.62,BTC-5APR19-4250-C,0.0,0.055,3.0,1,1554180644253,17036515,316
2019-04-02 04:50:45.698,11.1,buy,4582.75,BTC-5APR19-4250-C,0.0,0.055,11.1,1,1554180645698,17036532,317
2019-04-02 04:50:45.975,0.5,buy,4582.75,BTC-5APR19-4250-C,0.0,0.0575,0.5,0,1554180645975,17036534,318
2019-04-02 04:50:46.150,0.5,buy,4582.01,BTC-5APR19-4250-C,0.0,0.0575,0.5,1,1554180646150,17036539,319
2019-04-02 04:50:49.997,3.0,buy,4583.52,BTC-5APR19-4250-C,0.0,0.0575,3.0,1,1554180649997,17036593,320
2019-04-02 04:50:50.554,20.0,buy,4582.14,BTC-5APR19-4250-C,0.0,0.0575,20.0,1,1554180650554,17036600,322
2019-04-02 04:50:50.554,26.0,buy,4582.14,BTC-5APR19-4250-C,0.0,0.0575,26.0,1,1554180650554,17036599,321
2019-04-02 04:50:53.460,0.5,buy,4584.3,BTC-5APR19-4250-C,0.0,0.058,0.5,0,1554180653460,17036623,323
2019-04-02 04:50:58.994,3.0,buy,4581.53,BTC-5APR19-4250-C,0.0,0.057999999999999996,3.0,1,1554180658994,17036663,324
2019-04-02 04:51:17.037,0.2,buy,4594.66,BTC-5APR19-4250-C,0.0,0.057999999999999996,0.2,1,1554180677037,17036911,325
2019-04-02 04:51:17.572,0.1,buy,4594.66,BTC-5APR19-4250-C,0.0,0.057999999999999996,0.1,1,1554180677572,17036919,326
2019-04-02 04:51:27.440,26.2,buy,4598.3,BTC-5APR19-4250-C,0.0,0.057999999999999996,26.2,1,1554180687440,17036962,327
2019-04-02 04:51:30.451,3.0,buy,4599.45,BTC-5APR19-4250-C,0.0,0.0585,3.0,0,1554180690451,17036972,328
2019-04-02 04:51:46.712,1.0,buy,4603.18,BTC-5APR19-4250-C,0.0,0.0585,1.0,1,1554180706712,17037128,329
2019-04-02 04:51:47.452,26.0,buy,4605.56,BTC-5APR19-4250-C,0.0,0.0585,26.0,1,1554180707452,17037131,330
2019-04-02 04:51:56.991,30.0,buy,4613.59,BTC-5APR19-4250-C,0.0,0.059,30.0,0,1554180716991,17037212,331
2019-04-02 04:52:42.988,3.0,buy,4655.86,BTC-5APR19-4250-C,0.0,0.085,3.0,0,1554180762988,17037859,332
2019-04-02 04:52:46.099,3.0,buy,4657.61,BTC-5APR19-4250-C,0.0,0.085,3.0,1,1554180766099,17037911,333
2019-04-02 04:52:47.329,3.0,buy,4657.61,BTC-5APR19-4250-C,0.0,0.085,3.0,1,1554180767329,17037920,334
2019-04-02 04:52:54.632,2.0,buy,4662.46,BTC-5APR19-4250-C,0.0,0.085,2.0,1,1554180774632,17038010,336
2019-04-02 04:52:54.632,1.0,buy,4662.46,BTC-5APR19-4250-C,0.0,0.085,1.0,1,1554180774632,17038009,335
2019-04-02 04:52:58.364,3.0,buy,4667.75,BTC-5APR19-4250-C,0.0,0.085,3.0,1,1554180778364,17038105,337
2019-04-02 04:52:59.244,5.0,buy,4669.34,BTC-5APR19-4250-C,0.0,0.085,5.0,1,1554180779244,17038132,338
2019-04-02 04:53:27.282,3.0,buy,4703.6,BTC-5APR19-4250-C,0.0,0.095,3.0,0,1554180807282,17038514,339
2019-04-02 04:53:28.083,3.0,buy,4703.6,BTC-5APR19-4250-C,0.0,0.095,3.0,1,1554180808083,17038523,340
2019-04-02 04:53:34.399,3.0,buy,4718.72,BTC-5APR19-4250-C,0.0,0.095,3.0,1,1554180814399,17038631,341
2019-04-02 04:53:40.875,1.0,buy,4737.22,BTC-5APR19-4250-C,0.0,0.095,1.0,1,1554180820875,17038832,342
2019-04-02 04:53:57.201,0.2,buy,4751.47,BTC-5APR19-4250-C,118.94,0.114,0.2,0,1554180837201,17039346,343
2019-04-02 04:53:57.435,3.4,buy,4751.47,BTC-5APR19-4250-C,116.52,0.1135,3.4,2,1554180837435,17039360,344
2019-04-02 04:53:58.113,1.6,buy,4747.49,BTC-5APR19-4250-C,117.13,0.113,1.6,2,1554180838113,17039384,345
2019-04-02 04:53:58.389,0.3,buy,4747.49,BTC-5APR19-4250-C,117.13,0.113,0.3,3,1554180838389,17039389,346
2019-04-02 04:53:58.484,2.5,buy,4747.49,BTC-5APR19-4250-C,117.13,0.113,2.5,3,1554180838484,17039395,347
2019-04-02 04:53:58.900,0.4,buy,4747.49,BTC-5APR19-4250-C,117.13,0.113,0.4,3,1554180838900,17039410,348
2019-04-02 04:53:59.073,0.1,buy,4747.49,BTC-5APR19-4250-C,117.13,0.113,0.1,3,1554180839073,17039414,349
2019-04-02 04:53:59.218,1.5,buy,4747.49,BTC-5APR19-4250-C,117.13,0.113,1.5,3,1554180839218,17039424,350
2019-04-02 04:54:23.174,1.0,buy,4760.36,BTC-5APR19-4250-C,139.7,0.12,1.0,0,1554180863174,17040150,351
2019-04-02 04:54:36.948,1.0,buy,4757.95,BTC-5APR19-4250-C,139.11,0.1195,1.0,2,1554180876948,17040505,352
2019-04-02 04:54:46.904,0.1,buy,4767.22,BTC-5APR19-4250-C,137.48,0.1205,0.1,0,1554180886904,17040803,353
2019-04-02 04:58:07.130,0.1,sell,4693.33,BTC-5APR19-4250-C,95.64,0.1,0.1,2,1554181087130,17043728,354
2019-04-02 04:58:09.345,0.1,sell,4687.72,BTC-5APR19-4250-C,100.39,0.1,0.1,3,1554181089345,17043753,355
2019-04-02 04:58:19.785,0.1,sell,4684.4,BTC-5APR19-4250-C,103.02,0.1,0.1,3,1554181099785,17043910,356
2019-04-02 04:58:31.173,0.5,sell,4675.13,BTC-5APR19-4250-C,109.82,0.1,0.5,3,1554181111173,17044039,357
2019-04-02 04:58:33.362,0.2,sell,4676.85,BTC-5APR19-4250-C,108.62,0.1,0.2,3,1554181113362,17044082,358
2019-04-02 04:59:42.148,5.0,buy,4671.08,BTC-5APR19-4250-C,50.43,0.0905,5.0,2,1554181182148,17044998,359
2019-04-02 04:59:44.877,5.0,buy,4671.83,BTC-5APR19-4250-C,46.72,0.0905,5.0,3,1554181184877,17045027,360
2019-04-02 04:59:48.954,5.0,buy,4671.85,BTC-5APR19-4250-C,46.6,0.0905,5.0,3,1554181188954,17045077,361
2019-04-02 04:59:51.034,5.0,buy,4674.5,BTC-5APR19-4250-C,0.0,0.0905,5.0,3,1554181191034,17045101,362
2019-04-02 05:00:15.287,2.0,buy,4678.15,BTC-5APR19-4250-C,0.0,0.09,2.0,2,1554181215287,17045229,363
2019-04-02 05:00:17.114,5.0,buy,4679.3,BTC-5APR19-4250-C,0.0,0.09,5.0,3,1554181217114,17045242,364
2019-04-02 05:00:19.254,5.0,buy,4678.58,BTC-5APR19-4250-C,0.0,0.09,5.0,3,1554181219254,17045246,365
2019-04-02 05:00:21.274,5.0,buy,4678.27,BTC-5APR19-4250-C,0.0,0.09,5.0,3,1554181221274,17045252,366
2019-04-02 05:00:23.291,5.0,buy,4679.78,BTC-5APR19-4250-C,0.0,0.09,5.0,3,1554181223291,17045255,367
2019-04-02 05:00:25.313,5.0,buy,4681.2,BTC-5APR19-4250-C,0.0,0.09,5.0,3,1554181225313,17045265,368
2019-04-02 05:00:29.450,1.0,buy,4682.72,BTC-5APR19-4250-C,0.0,0.09,1.0,3,1554181229450,17045294,369
2019-04-02 05:00:30.999,1.0,buy,4677.57,BTC-5APR19-4250-C,0.0,0.09,1.0,3,1554181230999,17045313,370
2019-04-02 05:00:32.314,3.0,buy,4679.65,BTC-5APR19-4250-C,0.0,0.09,3.0,3,1554181232314,17045338,371
2019-04-02 05:00:37.200,3.0,buy,4684.02,BTC-5APR19-4250-C,0.0,0.09,3.0,3,1554181237200,17045395,372
2019-04-02 05:00:38.047,0.5,buy,4684.02,BTC-5APR19-4250-C,0.0,0.09,0.5,3,1554181238047,17045399,373
2019-04-02 05:00:41.625,14.5,buy,4682.29,BTC-5APR19-4250-C,0.0,0.09,14.5,3,1554181241625,17045439,374
2019-04-02 05:00:42.142,28.4,buy,4688.3,BTC-5APR19-4250-C,0.0,0.0905,28.4,0,1554181242142,17045445,375
2019-04-02 05:00:42.319,10.5,buy,4688.3,BTC-5APR19-4250-C,0.0,0.0905,10.5,1,1554181242319,17045446,376
2019-04-02 05:00:45.110,3.0,buy,4689.21,BTC-5APR19-4250-C,0.0,0.0905,3.0,1,1554181245110,17045464,377
2019-04-02 05:00:47.066,0.5,buy,4688.72,BTC-5APR19-4250-C,0.0,0.0905,0.5,1,1554181247066,17045484,378
2019-04-02 05:00:47.850,25.0,buy,4688.72,BTC-5APR19-4250-C,0.0,0.0905,25.0,1,1554181247850,17045489,379
2019-04-02 05:00:52.139,3.0,buy,4687.0,BTC-5APR19-4250-C,0.0,0.0905,3.0,1,1554181252139,17045531,380
2019-04-02 05:00:52.174,14.6,buy,4687.0,BTC-5APR19-4250-C,0.0,0.0905,14.6,1,1554181252174,17045533,381
2019-04-02 05:01:00.867,1.0,sell,4691.48,BTC-5APR19-4250-C,0.0,0.08900000000000001,1.0,2,1554181260867,17045556,382
2019-04-02 05:02:50.216,1.0,buy,4696.14,BTC-5APR19-4250-C,0.0,0.092,1.0,0,1554181370216,17046361,383
2019-04-02 05:03:24.168,3.0,sell,4710.39,BTC-5APR19-4250-C,80.94,0.1005,3.0,0,1554181404168,17046934,384
2019-04-02 05:04:14.801,3.0,sell,4739.62,BTC-5APR19-4250-C,52.47,0.1035,3.0,0,1554181454801,17047579,385
2019-04-02 05:06:22.647,3.0,sell,4716.34,BTC-5APR19-4250-C,66.94,0.1,3.0,2,1554181582647,17048635,386
2019-04-02 05:06:30.062,1.0,buy,4714.21,BTC-5APR19-4250-C,0.0,0.01,1.0,2,1554181590062,17048689,387
2019-04-02 05:08:00.845,0.5,buy,4702.92,BTC-5APR19-4250-C,100.58,0.1025,0.5,0,1554181680845,17049099,388
2019-04-02 05:08:47.241,1.0,sell,4694.77,BTC-5APR19-4250-C,0.0,0.09,1.0,2,1554181727241,17049387,389
2019-04-02 05:08:47.245,25.0,buy,4694.77,BTC-5APR19-4250-C,0.0,0.09,25.0,3,1554181727245,17049388,390
2019-04-02 05:08:47.311,0.5,buy,4694.77,BTC-5APR19-4250-C,0.0,0.09,0.5,3,1554181727311,17049389,391
2019-04-02 05:08:47.736,3.5,buy,4694.77,BTC-5APR19-4250-C,0.0,0.09,3.5,3,1554181727736,17049396,392
2019-04-02 05:09:37.305,3.0,sell,4702.95,BTC-5APR19-4250-C,89.46,0.1005,3.0,0,1554181777305,17050022,393
2019-04-02 05:12:51.274,5.0,sell,4724.25,BTC-5APR19-4250-C,0.0,0.096,5.0,2,1554181971274,17051269,394
2019-04-02 05:16:59.064,3.0,buy,4772.99,BTC-5APR19-4250-C,62.01,0.11,3.0,0,1554182219064,17053293,395
2019-04-02 05:17:27.875,0.1,buy,4805.69,BTC-5APR19-4250-C,0.0,0.11,0.1,1,1554182247875,17053783,396
2019-04-02 05:17:28.637,0.1,buy,4809.11,BTC-5APR19-4250-C,0.0,0.11,0.1,1,1554182248637,17053815,397
2019-04-02 05:17:28.979,0.1,buy,4809.11,BTC-5APR19-4250-C,0.0,0.11,0.1,1,1554182248979,17053822,398
2019-04-02 05:17:33.687,25.0,buy,4820.47,BTC-5APR19-4250-C,0.0,0.11,25.0,1,1554182253687,17053969,399
2019-04-02 05:17:33.940,0.1,buy,4820.47,BTC-5APR19-4250-C,0.0,0.11,0.1,1,1554182253940,17053977,400
2019-04-02 05:17:34.976,0.1,buy,4820.47,BTC-5APR19-4250-C,0.0,0.11,0.1,1,1554182254976,17053997,401
2019-04-02 05:17:36.390,0.1,buy,4822.26,BTC-5APR19-4250-C,0.0,0.11,0.1,1,1554182256390,17054037,402
2019-04-02 05:17:42.696,0.1,buy,4824.99,BTC-5APR19-4250-C,0.0,0.11,0.1,1,1554182262696,17054201,403
2019-04-02 05:17:43.733,1.3,buy,4832.1,BTC-5APR19-4250-C,0.0,0.11,1.3,1,1554182263733,17054226,404
2019-04-02 05:18:50.277,0.1,sell,4900.59,BTC-5APR19-4250-C,175.61,0.1485,0.1,0,1554182330277,17056131,405
2019-04-02 05:19:20.517,0.1,sell,4901.36,BTC-5APR19-4250-C,183.63,0.1505,0.1,0,1554182360517,17056627,406
2019-04-02 05:19:25.010,0.9,buy,4903.99,BTC-5APR19-4250-C,290.53,0.18,0.9,0,1554182365010,17056691,407
2019-04-02 05:20:29.021,1.0,buy,4971.96,BTC-5APR19-4250-C,0.0,0.017,1.0,2,1554182429021,17058075,408
2019-04-02 05:20:30.242,34.0,buy,4971.85,BTC-5APR19-4250-C,0.0,0.017,34.0,3,1554182430242,17058115,409
2019-04-02 05:22:19.728,1.0,buy,5039.58,BTC-5APR19-4250-C,206.95,0.1745,1.0,0,1554182539728,17060027,410
2019-04-02 05:24:58.198,1.0,buy,5005.16,BTC-5APR19-4250-C,159.72,0.16,1.0,2,1554182698198,17062936,411
2019-04-02 05:25:00.641,1.0,sell,5003.94,BTC-5APR19-4250-C,171.12,0.162,1.0,0,1554182700641,17062985,412
2019-04-02 05:25:00.904,1.0,sell,5003.94,BTC-5APR19-4250-C,171.12,0.162,1.0,1,1554182700904,17062993,413
2019-04-02 05:46:31.134,1.0,buy,4838.32,BTC-5APR19-4250-C,0.0,0.11900000000000001,1.0,2,1554183991134,17072082,414
2019-04-02 05:47:05.970,1.0,buy,4840.7,BTC-5APR19-4250-C,0.0,0.11900000000000001,1.0,3,1554184025970,17072165,415
2019-04-02 05:48:12.772,1.0,buy,4851.53,BTC-5APR19-4250-C,0.0,0.11900000000000001,1.0,3,1554184092772,17072368,416
2019-04-02 05:51:54.097,6.0,sell,4772.28,BTC-5APR19-4250-C,0.0,0.106,6.0,2,1554184314097,17073448,417
2019-04-02 05:57:07.799,1.0,sell,4740.53,BTC-5APR19-4250-C,0.0,0.0975,1.0,2,1554184627799,17075092,418
2019-04-02 05:59:42.703,30.2,sell,4745.23,BTC-5APR19-4250-C,0.0,0.09699999999999999,30.2,2,1554184782703,17075861,419
2019-04-02 05:59:42.719,14.8,buy,4745.23,BTC-5APR19-4250-C,0.0,0.09699999999999999,14.8,3,1554184782719,17075862,420
2019-04-02 06:02:41.919,1.0,buy,4752.02,BTC-5APR19-4250-C,0.0,0.105,1.0,0,1554184961919,17076342,421
2019-04-02 06:13:22.098,0.6,buy,4746.6,BTC-5APR19-4250-C,58.72,0.105,0.6,1,1554185602098,17080666,422
2019-04-02 06:14:19.183,1.5,sell,4754.26,BTC-5APR19-4250-C,0.0,0.099,1.5,2,1554185659183,17080922,423
2019-04-02 06:14:30.336,0.1,buy,4754.59,BTC-5APR19-4250-C,0.0,0.105,0.1,0,1554185670336,17080937,424
2019-04-02 06:18:20.205,0.9,sell,4706.12,BTC-5APR19-4250-C,111.21,0.105,0.9,1,1554185900205,17082245,425
2019-04-02 06:22:34.791,0.5,sell,4701.79,BTC-5APR19-4250-C,81.65,0.099,0.5,2,1554186154791,17083090,426
2019-04-02 06:23:27.472,30.2,sell,4691.0,BTC-5APR19-4250-C,0.0,0.0935,30.2,2,1554186207472,17083259,427
2019-04-02 06:23:27.488,25.0,buy,4691.0,BTC-5APR19-4250-C,0.0,0.0935,25.0,3,1554186207488,17083260,428
2019-04-02 06:39:32.669,2.0,sell,4663.98,BTC-5APR19-4250-C,62.98,0.09,2.0,2,1554187172669,17085872,429
2019-04-02 06:39:45.646,1.0,sell,4664.43,BTC-5APR19-4250-C,62.08,0.09,1.0,3,1554187185646,17085891,430
2019-04-02 06:39:55.973,1.0,buy,4671.24,BTC-5APR19-4250-C,0.0,0.09,1.0,3,1554187195973,17085977,431
2019-04-02 06:46:56.373,2.0,buy,4679.8,BTC-5APR19-4250-C,107.79,0.1,2.0,0,1554187616373,17086746,432
2019-04-02 07:56:12.711,2.0,sell,4692.86,BTC-5APR19-4250-C,0.0,0.094,2.0,2,1554191772711,17092926,433
2019-04-02 08:00:45.922,1.0,sell,4698.39,BTC-5APR19-4250-C,0.0,0.095,1.0,0,1554192045922,17093105,434
2019-04-02 08:06:30.832,2.0,sell,4715.39,BTC-5APR19-4250-C,0.0,0.0985,2.0,0,1554192390832,17093471,435
2019-04-02 08:14:38.264,0.3,sell,4708.47,BTC-5APR19-4250-C,0.0,0.096,0.3,2,1554192878264,17094101,436
2019-04-02 08:23:29.864,0.3,sell,4714.04,BTC-5APR19-4250-C,60.14,0.099,0.3,0,1554193409864,17094433,437
2019-04-02 10:29:47.911,0.1,buy,4772.36,BTC-5APR19-4250-C,90.35,0.112,0.1,0,1554200987911,17104664,438
2019-04-02 11:46:06.134,0.5,sell,4778.21,BTC-5APR19-4250-C,0.0,0.11,0.5,2,1554205566134,17107926,439
2019-04-02 11:46:33.992,0.5,sell,4777.72,BTC-5APR19-4250-C,0.0,0.11,0.5,3,1554205593992,17107928,440
2019-04-02 12:44:48.996,0.5,sell,4799.11,BTC-5APR19-4250-C,0.0,0.1135,0.5,0,1554209088996,17110113,441
2019-04-02 12:46:28.738,6.0,sell,4787.49,BTC-5APR19-4250-C,61.13,0.1125,6.0,2,1554209188738,17110195,442
2019-04-02 12:47:36.536,0.1,buy,4794.03,BTC-5APR19-4250-C,0.0,0.1125,0.1,3,1554209256536,17110281,443
2019-04-02 12:47:42.099,0.1,buy,4794.63,BTC-5APR19-4250-C,0.0,0.1125,0.1,3,1554209262099,17110286,444
2019-04-02 12:47:43.458,0.1,buy,4794.46,BTC-5APR19-4250-C,0.0,0.1125,0.1,3,1554209263458,17110290,445
2019-04-02 12:47:43.711,0.1,buy,4794.46,BTC-5APR19-4250-C,0.0,0.1125,0.1,3,1554209263711,17110296,446
2019-04-02 12:47:46.549,0.1,buy,4794.17,BTC-5APR19-4250-C,0.0,0.1125,0.1,3,1554209266549,17110299,447
2019-04-02 13:09:54.117,1.0,buy,4799.48,BTC-5APR19-4250-C,70.2,0.115,1.0,0,1554210594117,17111194,448
2019-04-02 13:17:27.130,5.0,buy,4795.08,BTC-5APR19-4250-C,0.0,0.11199999999999999,5.0,2,1554211047130,17111475,449
2019-04-02 13:17:29.289,5.0,buy,4794.54,BTC-5APR19-4250-C,0.0,0.11199999999999999,5.0,3,1554211049289,17111479,450
2019-04-02 13:18:43.983,5.0,buy,4796.65,BTC-5APR19-4250-C,0.0,0.11199999999999999,5.0,3,1554211123983,17111501,451
2019-04-02 13:18:45.271,0.4,buy,4797.39,BTC-5APR19-4250-C,0.0,0.11199999999999999,0.4,3,1554211125271,17111503,452
2019-04-02 13:18:45.936,0.4,buy,4797.39,BTC-5APR19-4250-C,0.0,0.11199999999999999,0.4,3,1554211125936,17111505,453
2019-04-02 13:18:46.048,5.0,buy,4797.39,BTC-5APR19-4250-C,0.0,0.11199999999999999,5.0,3,1554211126048,17111508,454
2019-04-02 13:18:46.494,0.4,buy,4797.2,BTC-5APR19-4250-C,0.0,0.11199999999999999,0.4,3,1554211126494,17111511,455
2019-04-02 13:18:46.543,0.4,buy,4797.2,BTC-5APR19-4250-C,0.0,0.11199999999999999,0.4,3,1554211126543,17111513,456
2019-04-02 13:18:46.766,10.0,buy,4797.2,BTC-5APR19-4250-C,0.0,0.11199999999999999,10.0,3,1554211126766,17111515,457
2019-04-02 13:18:46.895,0.4,buy,4797.2,BTC-5APR19-4250-C,0.0,0.11199999999999999,0.4,3,1554211126895,17111520,458
2019-04-02 13:18:50.675,0.4,buy,4796.97,BTC-5APR19-4250-C,0.0,0.11199999999999999,0.4,3,1554211130675,17111522,459
2019-04-02 13:18:50.865,0.4,buy,4796.97,BTC-5APR19-4250-C,0.0,0.11199999999999999,0.4,3,1554211130865,17111524,460
2019-04-02 13:18:50.997,0.4,buy,4796.97,BTC-5APR19-4250-C,0.0,0.11199999999999999,0.4,3,1554211130997,17111526,461
2019-04-02 13:19:05.001,16.8,buy,4796.54,BTC-5APR19-4250-C,0.0,0.11199999999999999,16.8,3,1554211145001,17111534,462
2019-04-02 13:23:59.203,6.0,buy,4797.91,BTC-5APR19-4250-C,0.0,0.1125,6.0,0,1554211439203,17111655,463
2019-04-02 13:24:38.308,10.0,buy,4797.25,BTC-5APR19-4250-C,0.0,0.1125,10.0,1,1554211478308,17111748,464
2019-04-02 13:25:07.574,10.0,buy,4796.69,BTC-5APR19-4250-C,0.0,0.1125,10.0,1,1554211507574,17111759,465
2019-04-02 13:26:38.293,1.6,buy,4796.61,BTC-5APR19-4250-C,0.0,0.1125,1.6,1,1554211598293,17111770,466
2019-04-02 13:34:12.751,47.8,buy,4808.24,BTC-5APR19-4250-C,0.0,0.1135,47.8,0,1554212052751,17112018,467
2019-04-02 14:09:27.799,10.0,sell,4771.33,BTC-5APR19-4250-C,85.04,0.111,10.0,2,1554214167799,17113212,468
2019-04-02 15:09:39.654,0.4,sell,4730.42,BTC-5APR19-4250-C,82.59,0.1035,0.4,2,1554217779654,17119741,469
2019-04-02 15:09:40.822,0.4,sell,4730.75,BTC-5APR19-4250-C,82.03,0.1035,0.4,3,1554217780822,17119743,470
2019-04-02 15:09:41.023,0.4,sell,4730.75,BTC-5APR19-4250-C,82.03,0.1035,0.4,3,1554217781023,17119745,471
2019-04-02 15:09:41.113,0.4,sell,4730.85,BTC-5APR19-4250-C,81.85,0.1035,0.4,3,1554217781113,17119747,472
2019-04-02 15:09:41.358,0.4,sell,4730.85,BTC-5APR19-4250-C,81.85,0.1035,0.4,3,1554217781358,17119749,473
2019-04-02 15:10:12.833,0.4,sell,4730.1,BTC-5APR19-4250-C,83.13,0.1035,0.4,3,1554217812833,17119780,474
2019-04-02 15:10:14.029,0.4,sell,4730.1,BTC-5APR19-4250-C,83.13,0.1035,0.4,3,1554217814029,17119783,475
2019-04-02 15:10:14.183,0.4,sell,4730.1,BTC-5APR19-4250-C,83.13,0.1035,0.4,3,1554217814183,17119785,476
2019-04-02 15:10:14.329,0.4,sell,4730.1,BTC-5APR19-4250-C,83.13,0.1035,0.4,3,1554217814329,17119787,477
2019-04-02 15:10:14.440,0.4,sell,4730.1,BTC-5APR19-4250-C,83.13,0.1035,0.4,3,1554217814440,17119789,478
2019-04-02 15:10:14.525,0.4,sell,4730.1,BTC-5APR19-4250-C,83.13,0.1035,0.4,3,1554217814525,17119791,479
2019-04-02 15:10:17.068,0.4,sell,4727.94,BTC-5APR19-4250-C,86.53,0.1035,0.4,3,1554217817068,17119804,480
2019-04-02 15:10:36.238,0.4,sell,4722.3,BTC-5APR19-4250-C,94.14,0.1035,0.4,3,1554217836238,17119851,481
2019-04-02 15:10:36.348,0.4,sell,4722.3,BTC-5APR19-4250-C,94.14,0.1035,0.4,3,1554217836348,17119857,482
2019-04-02 15:10:38.113,6.0,sell,4721.93,BTC-5APR19-4250-C,94.59,0.1035,6.0,3,1554217838113,17119888,483
2019-04-02 15:10:39.219,18.4,sell,4720.98,BTC-5APR19-4250-C,95.72,0.1035,18.4,3,1554217839219,17119889,484
2019-04-02 16:49:58.001,1.0,buy,4737.79,BTC-5APR19-4250-C,101.54,0.107,1.0,0,1554223798001,17123066,485
2019-04-02 17:27:02.513,0.2,sell,4709.2,BTC-5APR19-4250-C,90.23,0.1005,0.2,2,1554226022513,17124173,486
2019-04-02 19:24:04.950,6.0,buy,4735.62,BTC-5APR19-4250-C,90.93,0.105,6.0,0,1554233044950,17127279,487
2019-04-02 19:24:04.950,5.0,buy,4735.62,BTC-5APR19-4250-C,115.68,0.1085,5.0,0,1554233044950,17127280,488
2019-04-03 01:10:12.745,1.0,sell,4947.52,BTC-5APR19-4250-C,0.0,0.14,1.0,0,1554253812745,17163736,489
2019-04-03 01:13:58.801,0.5,sell,4938.48,BTC-5APR19-4250-C,94.88,0.14,0.5,1,1554254038801,17164169,490
2019-04-03 05:00:57.275,0.2,sell,4932.16,BTC-5APR19-4250-C,117.76,0.14,0.2,1,1554267657275,17187252,491
2019-04-03 06:11:48.289,0.1,sell,4930.23,BTC-5APR19-4250-C,123.43,0.14,0.1,1,1554271908289,17189155,492
2019-04-03 06:11:58.709,0.1,sell,4928.32,BTC-5APR19-4250-C,0.0,0.1375,0.1,2,1554271918709,17189202,493
2019-04-03 06:13:19.304,0.1,buy,4937.45,BTC-5APR19-4250-C,0.0,0.1375,0.1,3,1554271999304,17189360,494
2019-04-03 10:02:36.486,0.4,sell,4977.5,BTC-5APR19-4250-C,0.0,0.146,0.4,0,1554285756486,17193200,495
2019-04-03 12:13:31.060,0.3,buy,4990.25,BTC-5APR19-4250-C,0.0,0.1465,0.3,0,1554293611060,17195478,496
2019-04-03 15:52:50.389,0.2,sell,5005.06,BTC-5APR19-4250-C,142.5,0.1525,0.2,0,1554306770389,17205366,497
2019-04-03 16:05:09.183,0.1,buy,5035.79,BTC-5APR19-4250-C,0.0,0.156,0.1,0,1554307509183,17205903,498
2019-04-03 16:09:29.406,0.2,buy,5093.01,BTC-5APR19-4250-C,0.0,0.16399999999999998,0.2,0,1554307769406,17207078,499
2019-04-03 16:09:40.601,5.0,buy,5116.66,BTC-5APR19-4250-C,0.0,0.165,5.0,0,1554307780601,17207452,500
2019-04-03 16:10:11.298,2.8000000000000003,buy,5135.52,BTC-5APR19-4250-C,0.0,0.17,2.8000000000000003,0,1554307811298,17207897,501
2019-04-03 16:10:12.389,0.5,buy,5135.63,BTC-5APR19-4250-C,0.0,0.17,0.5,1,1554307812389,17207900,502
2019-04-03 16:10:12.529,0.3,buy,5135.63,BTC-5APR19-4250-C,0.0,0.17,0.3,1,1554307812529,17207902,503
2019-04-03 16:10:12.882,1.4,buy,5135.63,BTC-5APR19-4250-C,0.0,0.17,1.4,1,1554307812882,17207911,504
2019-04-03 16:18:24.870,0.4,buy,5097.66,BTC-5APR19-4250-C,0.0,0.165,0.4,2,1554308304870,17210513,505
2019-04-03 16:18:25.070,0.4,buy,5098.69,BTC-5APR19-4250-C,0.0,0.165,0.4,3,1554308305070,17210515,506
2019-04-03 16:18:25.220,1.2,buy,5098.69,BTC-5APR19-4250-C,0.0,0.165,1.2,3,1554308305220,17210518,507
2019-04-03 16:30:42.734,0.4,sell,5106.89,BTC-5APR19-4250-C,115.35,0.168,0.4,0,1554309042734,17212476,508
2019-04-03 16:30:44.741,0.1,sell,5106.33,BTC-5APR19-4250-C,120.75,0.168,0.1,1,1554309044741,17212496,509
2019-04-03 16:39:39.863,1.0,buy,5122.76,BTC-5APR19-4250-C,0.0,0.168,1.0,1,1554309579863,17213391,510
2019-04-03 16:48:10.080,0.5,buy,5142.24,BTC-5APR19-4250-C,0.0,0.1735,0.5,0,1554310090080,17214147,511
2019-04-03 16:54:51.085,10.0,sell,5120.66,BTC-5APR19-4250-C,0.0,0.17,10.0,2,1554310491085,17214570,512
2019-04-03 16:56:16.630,9.0,sell,5121.38,BTC-5APR19-4250-C,125.87,0.1705,9.0,0,1554310576630,17214599,513
2019-04-03 17:02:44.692,0.5,sell,5166.67,BTC-5APR19-4250-C,140.77,0.17800000000000002,0.5,0,1554310964692,17215348,514
2019-04-03 17:06:02.467,0.5,buy,5179.39,BTC-5APR19-4250-C,0.0,0.1775,0.5,2,1554311162467,17216144,515
2019-04-03 17:06:53.018,1.0,buy,5181.31,BTC-5APR19-4250-C,127.51,0.18,1.0,1,1554311213018,17216384,517
2019-04-03 17:06:53.018,5.0,buy,5181.31,BTC-5APR19-4250-C,127.51,0.18,5.0,0,1554311213018,17216383,516
2019-04-03 17:57:30.831,0.3,sell,5116.9,BTC-5APR19-4250-C,0.0,0.16899999999999998,0.3,2,1554314250831,17221243,518
2019-04-03 20:15:15.949,5.0,buy,5219.41,BTC-5APR19-4250-C,0.0,0.1825,5.0,0,1554322515949,17229593,519
2019-04-03 20:15:20.483,0.2,buy,5223.69,BTC-5APR19-4250-C,0.0,0.184,0.2,0,1554322520483,17229668,520
2019-04-03 20:15:23.570,3.8,buy,5227.48,BTC-5APR19-4250-C,0.0,0.185,3.8,0,1554322523570,17229829,521
2019-04-03 20:15:23.711,0.9,buy,5227.48,BTC-5APR19-4250-C,0.0,0.185,0.9,1,1554322523711,17229831,522
2019-04-03 20:15:23.758,0.3,buy,5227.48,BTC-5APR19-4250-C,0.0,0.185,0.3,1,1554322523758,17229832,523
2019-04-03 21:25:25.470,0.5,buy,5305.18,BTC-5APR19-4250-C,167.79,0.1995,0.5,0,1554326725470,17240984,524
2019-04-03 21:59:43.226,0.5,buy,5181.89,BTC-5APR19-4250-C,129.24,0.18,0.5,2,1554328783226,17245552,525
2019-04-03 23:09:09.352,0.1,sell,4852.84,BTC-5APR19-4250-C,0.0,0.1,0.1,2,1554332949352,17265755,526
2019-04-03 23:09:09.352,0.4,sell,4852.84,BTC-5APR19-4250-C,0.0,0.011000000000000001,0.4,2,1554332949352,17265756,527
2019-04-04 00:17:27.533,1.0,sell,5001.49,BTC-5APR19-4250-C,227.71,0.1575,1.0,0,1554337047533,17280053,528
2019-04-04 00:17:45.485,6.6000000000000005,buy,4989.25,BTC-5APR19-4250-C,226.03,0.1555,6.6000000000000005,2,1554337065485,17280092,529
2019-04-04 00:18:05.709,0.5,buy,4996.58,BTC-5APR19-4250-C,181.67,0.1525,0.5,2,1554337085709,17280152,530
2019-04-04 00:18:14.539,1.4,buy,4988.22,BTC-5APR19-4250-C,227.4,0.1555,1.4,0,1554337094539,17280185,532
2019-04-04 00:18:14.539,0.5,buy,4988.22,BTC-5APR19-4250-C,179.17,0.151,0.5,2,1554337094539,17280184,531
2019-04-04 15:32:49.511,0.9,buy,4975.84,BTC-5APR19-4250-C,0.0,0.1445,0.9,2,1554391969511,17312324,533
2019-04-05 02:10:19.972,1.0,buy,4920.54,BTC-5APR19-4250-C,470.26,0.1425,1.0,2,1554430219972,17344917,534
