date_utc,amount,direction,indexPrice,instrument,iv,price,quantity,tickDirection,timeStamp,tradeId,tradeSeq
2019-03-29 23:02:05.346,3.0,buy,140.97,ETH-27SEP19-320-C,78.71,0.026,3.0,1,1553900525346,204331,1
2019-03-29 23:03:10.608,2.0,buy,140.95,ETH-27SEP19-320-C,78.76,0.026,2.0,1,1553900590608,204351,2
2019-03-29 23:06:13.846,5.0,buy,140.97,ETH-27SEP19-320-C,78.77,0.026,5.0,1,1553900773846,204366,3
2019-03-31 08:05:35.856,115.0,buy,140.31,ETH-27SEP19-320-C,75.58,0.022,115.0,2,1554019535856,225410,4
2019-04-02 13:09:37.106,1.0,buy,156.75,ETH-27SEP19-320-C,78.97,0.038,1.0,0,1554210577106,295801,5
2019-04-02 15:54:51.025,1.0,buy,155.55,ETH-27SEP19-320-C,79.37,0.038,1.0,1,1554220491025,306649,6
2019-04-02 23:28:33.562,1.0,buy,165.51,ETH-27SEP19-320-C,73.71,0.036000000000000004,1.0,2,1554247713562,334494,7
2019-04-03 22:08:37.479,1.0,buy,175.1,ETH-27SEP19-320-C,84.77,0.07,1.0,0,1554329317479,408701,8
2019-04-04 08:38:38.036,20.0,buy,163.22,ETH-27SEP19-320-C,88.61,0.062,20.0,2,1554367118036,436882,9
2019-04-04 21:25:12.351,1.0,buy,158.2,ETH-27SEP19-320-C,89.38,0.06,1.0,2,1554413112351,459296,10
2019-04-04 21:26:38.305,1.0,buy,158.15,ETH-27SEP19-320-C,89.53,0.06,1.0,3,1554413198305,459369,11
2019-04-04 21:27:17.277,1.0,buy,158.08,ETH-27SEP19-320-C,89.53,0.06,1.0,3,1554413237277,459393,12
2019-04-04 22:59:23.272,16.0,buy,157.2,ETH-27SEP19-320-C,89.48,0.059000000000000004,16.0,2,1554418763272,460748,13
2019-04-06 16:12:31.473,1.0,buy,166.95,ETH-27SEP19-320-C,85.8,0.059000000000000004,1.0,3,1554567151473,504790,14
2019-04-07 22:09:40.377,30.0,buy,174.58,ETH-27SEP19-320-C,82.4,0.063,30.0,0,1554674980377,571430,15
2019-04-07 22:54:03.519,20.0,buy,173.95,ETH-27SEP19-320-C,83.06,0.064,20.0,0,1554677643519,575291,16
2019-04-07 22:58:18.310,10.0,buy,173.73,ETH-27SEP19-320-C,84.48,0.066,10.0,0,1554677898310,575816,17
2019-04-07 23:17:54.449,1.0,buy,173.28,ETH-27SEP19-320-C,84.38,0.066,1.0,1,1554679074449,577864,18
2019-04-08 01:27:07.681,20.0,buy,182.82,ETH-27SEP19-320-C,85.71,0.08,20.0,0,1554686827681,594273,19
2019-04-08 01:27:23.672,3.0,sell,182.68,ETH-27SEP19-320-C,85.78,0.08,3.0,1,1554686843672,594298,20
2019-04-08 02:59:42.467,48.0,sell,182.67,ETH-27SEP19-320-C,80.93,0.071,48.0,2,1554692382467,602875,21
2019-04-08 13:36:51.412,1.0,buy,178.09,ETH-27SEP19-320-C,89.11,0.083,1.0,0,1554730611412,635704,22
2019-04-08 14:52:12.518,115.0,buy,179.0,ETH-27SEP19-320-C,87.31,0.08,115.0,2,1554735132518,638393,23
2019-04-08 19:14:27.757,5.0,buy,178.45,ETH-27SEP19-320-C,83.65,0.071,5.0,2,1554750867757,652753,24
2019-04-10 01:31:38.386,1.0,buy,180.44,ETH-27SEP19-320-C,81.77,0.069,1.0,2,1554859898386,718781,25
2019-04-10 13:59:35.999,10.0,buy,179.69,ETH-27SEP19-320-C,77.24,0.059,10.0,2,1554904775999,739534,26
2019-04-10 14:03:38.009,7.0,buy,180.68,ETH-27SEP19-320-C,77.78,0.061,7.0,0,1554905018009,739986,27
2019-04-10 14:52:21.378,3.0,buy,180.24,ETH-27SEP19-320-C,78.26,0.062,3.0,0,1554907941378,743579,28
2019-04-10 19:33:19.638,5.0,buy,182.73,ETH-27SEP19-320-C,79.97,0.068,5.0,0,1554924799638,763533,29
2019-04-11 18:26:11.852,1.0,buy,165.51,ETH-27SEP19-320-C,81.92,0.049,1.0,2,1555007171852,839847,30
2019-04-13 01:49:55.561,5.0,buy,164.57,ETH-27SEP19-320-C,80.27,0.044,5.0,2,1555120195561,902076,31
2019-04-14 01:48:12.948,1.0,buy,163.49,ETH-27SEP19-320-C,80.38,0.042,1.0,2,1555206492948,918861,32
2019-04-24 07:42:06.744,15.0,sell,165.21,ETH-27SEP19-320-C,79.87,0.038,15.0,2,1556091726744,1203749,33
2019-04-24 07:48:39.701,11.0,sell,163.23,ETH-27SEP19-320-C,80.16,0.037000000000000005,11.0,2,1556092119701,1205232,34
2019-04-28 13:55:19.575,2.0,sell,154.31,ETH-27SEP19-320-C,76.76,0.023,2.0,2,1556459719575,1309925,35
2019-04-30 10:51:52.974,2.0,sell,156.39,ETH-27SEP19-320-C,74.89,0.021,2.0,2,1556621512974,1351782,36
2019-05-01 17:51:13.029,5.0,buy,160.15,ETH-27SEP19-320-C,75.22,0.023,5.0,0,1556733073029,1381452,37
2019-05-04 00:38:49.109,10.0,buy,167.19,ETH-27SEP19-320-C,78.83,0.033,10.0,0,1556930329109,1453007,38
2019-05-04 22:38:32.895,4.0,buy,163.5,ETH-27SEP19-320-C,79.89,0.031,4.0,2,1557009512895,1477586,39
2019-05-05 21:04:44.276,1.0,sell,163.33,ETH-27SEP19-320-C,77.55,0.027000000000000003,1.0,2,1557090284276,1495733,40
2019-05-06 11:12:30.086,71.0,buy,162.11,ETH-27SEP19-320-C,80.26,0.03,71.0,0,1557141150086,1509974,41
2019-05-07 00:22:28.855,1.0,buy,177.81,ETH-27SEP19-320-C,82.5,0.047,1.0,0,1557188548855,1544805,42
2019-05-07 00:56:45.492,1.0,buy,180.33,ETH-27SEP19-320-C,81.93,0.048,1.0,0,1557190605492,1547778,43
2019-05-07 08:56:05.885,24.0,sell,175.02,ETH-27SEP19-320-C,82.34,0.044000000000000004,24.0,2,1557219365885,1561507,44
2019-05-07 14:12:27.205,27.0,sell,172.16,ETH-27SEP19-320-C,83.37,0.043,27.0,2,1557238347205,1568039,45
2019-05-07 23:52:33.259,1.0,sell,166.67,ETH-27SEP19-320-C,83.45,0.038,1.0,2,1557273153259,1593282,46
2019-05-08 09:48:10.661,120.0,buy,168.14,ETH-27SEP19-320-C,83.38,0.038,120.0,3,1557308890661,1618668,47
2019-05-10 05:45:34.528,10.0,buy,173.91,ETH-27SEP19-320-C,86.96,0.047,10.0,0,1557467134528,1683500,48
2019-05-11 01:42:02.270,2.0,buy,175.0,ETH-27SEP19-320-C,87.96,0.048,2.0,0,1557538922270,1719192,49
2019-05-11 01:42:49.162,2.0,buy,174.99,ETH-27SEP19-320-C,89.05,0.05,2.0,0,1557538969162,1719220,50
2019-05-11 04:17:51.941,1.0,buy,175.41,ETH-27SEP19-320-C,89.05,0.05,1.0,1,1557548271941,1726016,51
2019-05-11 10:23:02.558,1.0,buy,192.23,ETH-27SEP19-320-C,91.3,0.07200000000000001,1.0,0,1557570182558,1765187,52
2019-05-11 12:56:10.854,60.0,sell,188.55,ETH-27SEP19-320-C,91.47,0.069,60.0,2,1557579370854,1779131,53
2019-05-11 12:56:10.902,40.0,sell,188.55,ETH-27SEP19-320-C,90.98,0.068,40.0,2,1557579370902,1779137,54
2019-05-11 12:56:13.279,40.0,sell,188.54,ETH-27SEP19-320-C,89.98,0.066,40.0,2,1557579373279,1779160,55
2019-05-11 12:56:14.083,13.0,sell,188.54,ETH-27SEP19-320-C,89.98,0.066,13.0,3,1557579374083,1779166,56
2019-05-11 12:56:37.105,60.0,sell,188.67,ETH-27SEP19-320-C,89.96,0.066,60.0,3,1557579397105,1779230,57
2019-05-11 12:56:37.130,40.0,sell,188.67,ETH-27SEP19-320-C,89.45,0.065,40.0,2,1557579397130,1779234,58
2019-05-11 14:33:38.624,10.0,sell,188.55,ETH-27SEP19-320-C,91.77,0.07,10.0,0,1557585218624,1783788,59
2019-05-11 14:41:59.131,10.0,sell,189.22,ETH-27SEP19-320-C,92.52,0.07200000000000001,10.0,0,1557585719131,1784343,60
2019-05-11 18:46:57.188,1.0,buy,198.08,ETH-27SEP19-320-C,92.26,0.081,1.0,0,1557600417188,1807890,61
2019-05-11 22:53:05.320,1.0,buy,200.41,ETH-27SEP19-320-C,93.04,0.085,1.0,0,1557615185320,1832629,62
2019-05-12 19:28:29.924,1.0,buy,187.9,ETH-27SEP19-320-C,95.54,0.076,1.0,2,1557689309924,1987400,63
2019-05-13 22:16:58.644,5.0,buy,205.52,ETH-27SEP19-320-C,97.01,0.1,5.0,0,1557785818644,2065320,64
2019-05-14 04:06:53.346,1.0,buy,211.63,ETH-27SEP19-320-C,97.86,0.11,1.0,0,1557806813346,2091906,65
2019-05-14 07:13:16.126,1.0,buy,211.72,ETH-27SEP19-320-C,97.32,0.11,1.0,1,1557817996126,2103436,66
2019-05-15 05:41:16.756,1.0,buy,228.35,ETH-27SEP19-320-C,104.98,0.15,1.0,0,1557898876756,2203538,67
2019-05-15 05:41:26.467,1.0,buy,228.34,ETH-27SEP19-320-C,104.98,0.15,1.0,1,1557898886467,2203543,68
2019-05-15 10:42:57.822,100.0,buy,235.2,ETH-27SEP19-320-C,104.73,0.157,100.0,1,1557916977822,2228924,70
2019-05-15 10:42:57.822,48.0,buy,235.2,ETH-27SEP19-320-C,104.73,0.157,48.0,0,1557916977822,2228923,69
2019-05-15 11:45:23.484,49.0,buy,233.38,ETH-27SEP19-320-C,111.1,0.17,49.0,0,1557920723484,2231854,71
2019-05-15 11:45:44.926,20.0,sell,233.41,ETH-27SEP19-320-C,111.08,0.17,20.0,1,1557920744926,2231872,72
2019-05-15 12:46:31.265,20.0,sell,230.64,ETH-27SEP19-320-C,101.5,0.14300000000000002,20.0,2,1557924391265,2235309,75
2019-05-15 12:46:31.265,3.0,sell,230.64,ETH-27SEP19-320-C,104.42,0.15,3.0,2,1557924391265,2235307,73
2019-05-15 12:46:31.265,2.0,sell,230.64,ETH-27SEP19-320-C,101.92,0.14400000000000002,2.0,2,1557924391265,2235308,74
2019-05-16 00:55:31.728,4.0,buy,264.84,ETH-27SEP19-320-C,100.25,0.18,4.0,1,1557968131728,2309379,77
2019-05-16 00:55:31.728,4.0,buy,264.84,ETH-27SEP19-320-C,100.25,0.18,4.0,0,1557968131728,2309378,76
2019-05-16 00:55:49.149,2.0,buy,264.72,ETH-27SEP19-320-C,100.26,0.18,2.0,1,1557968149149,2309415,78
2019-05-17 11:54:12.730,5.0,sell,227.86,ETH-27SEP19-320-C,95.11,0.124,5.0,2,1558094052730,2729538,79
2019-05-17 16:34:27.163,1.0,buy,235.27,ETH-27SEP19-320-C,104.07,0.155,1.0,0,1558110867163,2780484,80
2019-05-18 22:27:50.629,1.0,sell,237.08,ETH-27SEP19-320-C,98.61,0.13699999999999998,1.0,2,1558218470629,2956198,81
2019-05-20 13:10:26.835,60.0,buy,239.93,ETH-27SEP19-320-C,102.77,0.154,60.0,0,1558357826835,3138030,82
2019-05-23 00:50:56.470,73.0,sell,243.49,ETH-27SEP19-320-C,101.27,0.153,73.0,2,1558572656470,3351288,83
2019-05-23 10:01:22.932,10.0,buy,235.89,ETH-27SEP19-320-C,97.87,0.128,10.0,2,1558605682932,3384381,84
2019-05-23 10:01:23.530,10.0,buy,235.88,ETH-27SEP19-320-C,98.75,0.13,10.0,0,1558605683530,3384386,85
2019-05-23 10:01:24.368,10.0,buy,235.88,ETH-27SEP19-320-C,99.18,0.131,10.0,0,1558605684368,3384390,86
2019-05-23 19:43:45.330,45.0,buy,240.2,ETH-27SEP19-320-C,101.74,0.139,45.0,0,1558640625330,3415780,87
2019-05-25 17:28:03.697,10.0,buy,250.9,ETH-27SEP19-320-C,100.95,0.155,10.0,0,1558805283697,3537522,88
2019-05-25 17:28:34.001,10.0,sell,250.86,ETH-27SEP19-320-C,101.09,0.155,10.0,1,1558805314001,3537555,89
2019-05-26 20:49:55.657,3.0,buy,266.54,ETH-27SEP19-320-C,99.38,0.17600000000000002,3.0,0,1558903795657,3606207,90
2019-05-27 10:28:41.057,30.0,buy,267.5,ETH-27SEP19-320-C,104.11,0.195,30.0,0,1558952921057,3666618,91
2019-05-29 05:38:15.057,10.0,sell,264.31,ETH-27SEP19-320-C,102.74,0.172,10.0,2,1559108295057,3808006,92
2019-05-30 06:23:09.620,20.0,buy,283.65,ETH-27SEP19-320-C,99.28,0.199,20.0,0,1559197389620,3904805,93
2019-05-30 16:16:26.382,2.0,sell,278.6,ETH-27SEP19-320-C,99.63,0.189,2.0,2,1559232986382,3932776,94
2019-05-31 23:31:06.360,1.0,buy,266.39,ETH-27SEP19-320-C,100.05,0.172,1.0,2,1559345466360,4088668,95
2019-06-01 01:19:02.630,10.0,buy,272.57,ETH-27SEP19-320-C,108.49,0.208,10.0,0,1559351942630,4103674,96
2019-06-01 06:01:58.005,61.0,sell,267.07,ETH-27SEP19-320-C,94.67,0.172,61.0,2,1559368918005,4116171,97
2019-06-02 04:06:43.060,36.0,sell,266.16,ETH-27SEP19-320-C,92.43,0.153,36.0,2,1559448403060,4161946,98
2019-06-02 04:12:27.948,36.0,sell,266.68,ETH-27SEP19-320-C,90.92,0.15,36.0,2,1559448747948,4161999,99
2019-06-02 04:13:39.581,16.0,sell,266.41,ETH-27SEP19-320-C,89.69,0.147,16.0,2,1559448819581,4162055,100
2019-06-02 04:14:53.318,2.0,buy,265.97,ETH-27SEP19-320-C,94.92,0.159,2.0,0,1559448893318,4162090,101
2019-06-02 10:45:37.398,36.0,sell,270.28,ETH-27SEP19-320-C,90.41,0.155,36.0,2,1559472337398,4174583,102
2019-06-02 10:46:49.628,36.0,sell,270.33,ETH-27SEP19-320-C,89.07,0.152,36.0,2,1559472409628,4174624,103
2019-06-02 10:47:41.203,36.0,sell,270.38,ETH-27SEP19-320-C,87.74,0.149,36.0,2,1559472461203,4174634,104
2019-06-02 11:52:47.222,36.0,sell,271.12,ETH-27SEP19-320-C,86.73,0.147,36.0,2,1559476367222,4176102,105
2019-06-02 11:53:13.296,36.0,sell,271.17,ETH-27SEP19-320-C,85.38,0.14400000000000002,36.0,2,1559476393296,4176109,106
2019-06-02 11:53:25.404,36.0,sell,271.17,ETH-27SEP19-320-C,84.06,0.141,36.0,2,1559476405404,4176111,107
2019-06-02 11:55:53.363,36.0,sell,271.07,ETH-27SEP19-320-C,82.79,0.138,36.0,2,1559476553363,4176157,108
2019-06-02 11:58:32.552,36.0,sell,271.06,ETH-27SEP19-320-C,81.53,0.135,36.0,2,1559476712552,4176169,109
2019-06-02 11:59:32.046,36.0,sell,271.03,ETH-27SEP19-320-C,80.22,0.132,36.0,2,1559476772046,4176187,110
2019-06-02 12:01:17.059,15.0,sell,271.23,ETH-27SEP19-320-C,79.65,0.131,15.0,2,1559476877059,4176206,111
2019-06-02 12:47:14.947,36.0,buy,273.27,ETH-27SEP19-320-C,87.31,0.151,36.0,0,1559479634947,4179307,112
2019-06-02 13:29:47.180,7.0,buy,269.05,ETH-27SEP19-320-C,89.42,0.15,7.0,2,1559482187180,4184232,113
2019-06-02 13:29:52.541,3.0,buy,269.02,ETH-27SEP19-320-C,89.44,0.15,3.0,3,1559482192541,4184233,114
2019-06-02 13:29:57.911,3.0,sell,269.07,ETH-27SEP19-320-C,89.41,0.15,3.0,3,1559482197911,4184234,115
2019-06-02 13:30:05.220,2.0,buy,269.02,ETH-27SEP19-320-C,89.88,0.151,2.0,0,1559482205220,4184238,116
2019-06-02 13:30:08.017,2.0,buy,268.97,ETH-27SEP19-320-C,89.91,0.151,2.0,1,1559482208017,4184239,117
2019-06-03 08:15:28.906,36.0,buy,262.02,ETH-27SEP19-320-C,90.28,0.14,36.0,2,1559549728906,4230943,118
2019-06-03 22:02:26.434,1.0,buy,259.07,ETH-27SEP19-320-C,95.15,0.147,1.0,0,1559599346434,4261843,119
2019-06-04 06:25:51.241,10.0,sell,244.47,ETH-27SEP19-320-C,92.84,0.122,10.0,2,1559629551241,4311291,120
2019-06-04 06:27:08.432,10.0,sell,244.61,ETH-27SEP19-320-C,92.76,0.122,10.0,3,1559629628432,4311319,121
2019-06-04 06:57:52.736,10.0,sell,244.14,ETH-27SEP19-320-C,92.81,0.122,10.0,3,1559631472736,4314287,122
2019-06-04 11:46:24.947,4.0,buy,245.29,ETH-27SEP19-320-C,95.95,0.13,4.0,0,1559648784947,4322969,123
2019-06-04 17:18:47.053,49.0,sell,245.85,ETH-27SEP19-320-C,93.37,0.122,49.0,2,1559668727053,4336218,124
2019-06-04 17:40:37.987,132.0,sell,240.57,ETH-27SEP19-320-C,96.4,0.122,132.0,3,1559670037987,4340235,125
2019-06-04 17:42:49.749,51.0,sell,239.65,ETH-27SEP19-320-C,96.8,0.122,51.0,3,1559670169749,4341408,126
2019-06-04 17:43:03.791,48.0,sell,238.75,ETH-27SEP19-320-C,97.3,0.122,48.0,3,1559670183791,4341537,127
2019-06-04 17:43:09.522,9.0,sell,238.61,ETH-27SEP19-320-C,97.39,0.122,9.0,3,1559670189522,4341587,128
2019-06-04 17:43:16.034,60.0,sell,238.72,ETH-27SEP19-320-C,97.37,0.122,60.0,3,1559670196034,4341655,129
2019-06-04 17:43:16.137,59.0,sell,238.72,ETH-27SEP19-320-C,97.37,0.122,59.0,3,1559670196137,4341656,130
2019-06-04 17:43:36.914,48.0,sell,238.97,ETH-27SEP19-320-C,97.08,0.122,48.0,3,1559670216914,4341895,131
2019-06-05 00:07:03.561,1.0,buy,242.13,ETH-27SEP19-320-C,97.87,0.128,1.0,0,1559693223561,4373635,132
2019-06-06 18:08:26.049,4.0,sell,239.57,ETH-27SEP19-320-C,94.29,0.113,4.0,2,1559844506049,4451329,133
2019-06-06 18:13:35.057,2.0,sell,236.97,ETH-27SEP19-320-C,94.24,0.11,2.0,2,1559844815057,4452556,134
2019-06-07 09:34:42.796,100.0,buy,248.17,ETH-27SEP19-320-C,95.01,0.126,100.0,0,1559900082796,4491255,135
2019-06-07 09:34:42.798,26.0,sell,248.17,ETH-27SEP19-320-C,95.47,0.127,26.0,0,1559900082798,4491256,136
2019-06-07 10:08:22.962,100.0,buy,248.96,ETH-27SEP19-320-C,95.09,0.127,100.0,1,1559902102962,4491871,137
2019-06-07 10:08:22.962,36.0,buy,248.96,ETH-27SEP19-320-C,97.38,0.132,36.0,0,1559902102962,4491872,138
2019-06-07 10:08:22.965,14.0,sell,248.96,ETH-27SEP19-320-C,98.76,0.135,14.0,0,1559902102965,4491873,139
2019-06-07 10:33:13.046,100.0,buy,249.36,ETH-27SEP19-320-C,96.26,0.13,100.0,2,1559903593046,4492254,140
2019-06-07 10:33:13.046,150.0,buy,249.36,ETH-27SEP19-320-C,97.64,0.133,150.0,0,1559903593046,4492255,141
2019-06-07 10:33:13.049,50.0,sell,249.36,ETH-27SEP19-320-C,97.64,0.133,50.0,1,1559903593049,4492256,142
2019-06-07 10:50:00.634,36.0,buy,248.9,ETH-27SEP19-320-C,98.44,0.134,36.0,0,1559904600634,4492471,145
2019-06-07 10:50:00.634,150.0,buy,248.9,ETH-27SEP19-320-C,97.98,0.133,150.0,1,1559904600634,4492470,144
2019-06-07 10:50:00.634,126.0,buy,248.9,ETH-27SEP19-320-C,97.98,0.133,126.0,1,1559904600634,4492469,143
2019-06-07 10:50:00.643,88.0,sell,248.9,ETH-27SEP19-320-C,98.9,0.135,88.0,0,1559904600643,4492472,146
2019-06-08 06:11:32.505,10.0,sell,248.11,ETH-27SEP19-320-C,93.86,0.12,10.0,2,1559974292505,4513382,147
2019-06-08 06:11:39.996,100.0,sell,248.19,ETH-27SEP19-320-C,93.35,0.11900000000000001,100.0,2,1559974299996,4513397,148
2019-06-08 19:25:11.829,2.0,sell,242.0,ETH-27SEP19-320-C,93.8,0.11,2.0,2,1560021911829,4527881,149
2019-06-09 02:00:38.272,10.0,buy,241.89,ETH-27SEP19-320-C,94.92,0.11199999999999999,10.0,0,1560045638272,4534155,150
2019-06-09 02:37:37.129,5.0,sell,240.35,ETH-27SEP19-320-C,95.0,0.11,5.0,2,1560047857129,4535097,151
2019-06-09 10:24:24.981,3.0,sell,243.71,ETH-27SEP19-320-C,87.58,0.1,3.0,2,1560075864981,4541338,152
2019-06-09 10:54:05.586,2.0,sell,243.41,ETH-27SEP19-320-C,86.76,0.098,2.0,2,1560077645586,4541511,153
2019-06-09 10:54:05.586,20.0,sell,243.41,ETH-27SEP19-320-C,86.28,0.09699999999999999,20.0,2,1560077645586,4541512,154
2019-06-09 11:14:25.823,2.0,sell,243.29,ETH-27SEP19-320-C,84.41,0.09300000000000001,2.0,2,1560078865823,4541634,155
2019-06-09 11:14:25.823,48.0,sell,243.29,ETH-27SEP19-320-C,84.41,0.09300000000000001,48.0,3,1560078865823,4541635,156
2019-06-09 11:14:25.823,170.0,sell,243.29,ETH-27SEP19-320-C,82.47,0.08900000000000001,170.0,2,1560078865823,4541636,157
2019-06-09 12:55:42.303,2.0,buy,239.58,ETH-27SEP19-320-C,89.3,0.099,2.0,0,1560084942303,4545586,158
2019-06-09 13:59:06.365,3.0,sell,237.99,ETH-27SEP19-320-C,87.19,0.09,3.0,2,1560088746365,4549077,159
2019-06-09 15:00:38.659,40.0,buy,238.11,ETH-27SEP19-320-C,89.8,0.096,40.0,0,1560092438659,4551177,160
2019-06-09 15:01:35.207,40.0,buy,238.13,ETH-27SEP19-320-C,89.29,0.095,40.0,2,1560092495207,4551210,161
2019-06-09 16:12:06.037,5.0,sell,231.19,ETH-27SEP19-320-C,90.68,0.08900000000000001,5.0,2,1560096726037,4555061,162
2019-06-09 16:52:46.779,2.0,buy,232.03,ETH-27SEP19-320-C,90.11,0.08900000000000001,2.0,3,1560099166779,4559150,163
2019-06-09 17:43:13.623,4.0,buy,231.29,ETH-27SEP19-320-C,91.44,0.091,4.0,0,1560102193623,4560564,164
2019-06-09 22:07:25.191,5.0,sell,228.97,ETH-27SEP19-320-C,90.91,0.087,5.0,2,1560118045191,4566521,165
2019-06-10 06:09:53.591,5.0,buy,234.63,ETH-27SEP19-320-C,92.47,0.09699999999999999,5.0,0,1560146993591,4580814,166
2019-06-11 02:04:58.783,1.0,buy,246.43,ETH-27SEP19-320-C,89.03,0.10800000000000001,1.0,0,1560218698783,4614645,167
2019-06-12 10:12:16.383,2.0,buy,249.57,ETH-27SEP19-320-C,89.44,0.10800000000000001,2.0,1,1560334336383,4668003,168
2019-06-12 10:12:16.383,8.0,buy,249.57,ETH-27SEP19-320-C,90.4,0.11,8.0,0,1560334336383,4668004,169
2019-06-12 15:30:15.393,5.0,sell,255.27,ETH-27SEP19-320-C,84.87,0.106,5.0,2,1560353415393,4678471,170
2019-06-12 15:30:19.517,5.0,sell,255.26,ETH-27SEP19-320-C,84.88,0.106,5.0,3,1560353419517,4678473,171
2019-06-12 16:33:19.534,5.0,sell,259.13,ETH-27SEP19-320-C,85.48,0.111,5.0,0,1560357199534,4682398,172
2019-06-12 16:41:58.021,6.0,sell,258.73,ETH-27SEP19-320-C,85.26,0.11,6.0,2,1560357718021,4683014,173
2019-06-13 23:02:50.316,1.0,sell,256.45,ETH-27SEP19-320-C,87.15,0.111,1.0,0,1560466970316,4730117,174
2019-06-14 03:28:36.003,1.0,sell,254.57,ETH-27SEP19-320-C,87.63,0.109,1.0,2,1560482916003,4736147,175
2019-06-14 23:02:24.657,6.0,sell,263.83,ETH-27SEP19-320-C,89.53,0.126,6.0,0,1560553344657,4772906,176
2019-06-14 23:04:22.559,3.0,sell,264.04,ETH-27SEP19-320-C,89.36,0.126,3.0,1,1560553462559,4772948,177
2019-06-15 00:19:25.121,36.0,sell,262.61,ETH-27SEP19-320-C,89.4,0.125,36.0,2,1560557965121,4775925,178
2019-06-17 05:20:43.575,120.0,sell,268.24,ETH-27SEP19-320-C,92.18,0.13699999999999998,120.0,0,1560748843575,4883652,179
2019-06-17 09:15:46.549,100.0,sell,271.44,ETH-27SEP19-320-C,91.72,0.14,100.0,0,1560762946549,4888909,180
2019-06-17 10:51:03.324,20.0,buy,273.59,ETH-27SEP19-320-C,96.43,0.153,20.0,0,1560768663324,4891375,181
2019-06-18 04:58:51.704,1.0,sell,270.47,ETH-27SEP19-320-C,96.08,0.15,1.0,2,1560833931704,4938803,182
2019-06-18 17:56:04.205,1.0,sell,264.4,ETH-27SEP19-320-C,94.24,0.14,1.0,2,1560880564205,4962731,183
2019-06-18 21:58:44.960,2.0,sell,261.52,ETH-27SEP19-320-C,95.32,0.137,2.0,2,1560895124960,4968200,184
