date_utc,amount,direction,indexPrice,instrument,iv,price,quantity,tickDirection,timeStamp,tradeId,tradeSeq
2019-02-24 14:15:24.919,1.0,buy,3808.27,BTC-26APR19-5250-P,49.56,0.3915,1.0,1,1551017724919,15898963,1
2019-03-13 14:46:05.432,1.7,buy,3857.15,BTC-26APR19-5250-P,0.0,0.0055,1.7,2,1552488365432,16540498,2
2019-03-26 15:20:07.534,1.5,sell,3910.75,BTC-26APR19-5250-P,73.11,0.3545,1.5,0,1553613607534,16838897,3
2019-04-02 05:25:15.540,14.0,buy,5002.17,BTC-26APR19-5250-P,62.19,0.093,14.0,2,1554182715540,17063145,4
2019-04-02 05:26:18.913,14.0,buy,4976.27,BTC-26APR19-5250-P,63.12,0.0975,14.0,0,1554182778913,17063770,5
2019-04-02 05:27:07.756,3.1,sell,4972.58,BTC-26APR19-5250-P,67.12,0.102,3.1,0,1554182827756,17064259,6
2019-04-02 05:27:09.940,0.7000000000000001,sell,4972.77,BTC-26APR19-5250-P,67.14,0.102,0.7000000000000001,1,1554182829940,17064291,7
2019-04-02 05:27:16.843,10.2,sell,4972.15,BTC-26APR19-5250-P,67.06,0.102,10.2,1,1554182836843,17064342,8
2019-04-02 05:45:43.853,4.9,sell,4827.05,BTC-26APR19-5250-P,69.91,0.1265,4.9,0,1554183943853,17071894,9
2019-04-02 05:46:15.408,4.9,buy,4835.85,BTC-26APR19-5250-P,71.37,0.1265,4.9,1,1554183975408,17072020,10
2019-04-02 05:46:39.898,4.0,sell,4840.04,BTC-26APR19-5250-P,73.61,0.128,4.0,0,1554183999898,17072106,11
2019-04-02 05:47:21.106,14.0,sell,4844.94,BTC-26APR19-5250-P,75.43,0.129,14.0,0,1554184041106,17072237,12
2019-04-02 05:47:40.817,14.0,sell,4847.93,BTC-26APR19-5250-P,73.85,0.127,14.0,2,1554184060817,17072309,13
2019-04-02 14:10:28.662,0.1,buy,4688.25,BTC-26APR19-5250-P,51.81,0.135,0.1,0,1554214228662,17114239,14
2019-04-02 22:59:42.908,0.3,buy,4827.55,BTC-26APR19-5250-P,62.98,0.119,0.3,2,1554245982908,17141168,15
2019-04-03 00:32:46.189,0.1,buy,4983.21,BTC-26APR19-5250-P,62.62,0.095,0.1,2,1554251566189,17158062,16
2019-04-03 06:19:52.624,0.3,buy,4950.72,BTC-26APR19-5250-P,69.04,0.1055,0.3,0,1554272392624,17189479,17
2019-04-03 07:02:11.215,0.3,buy,4981.62,BTC-26APR19-5250-P,70.44,0.1025,0.3,2,1554274931215,17190149,18
2019-04-03 09:25:56.983,0.3,buy,4949.1,BTC-26APR19-5250-P,70.03,0.1065,0.3,0,1554283556983,17192842,19
2019-04-03 13:12:00.563,0.3,buy,5019.33,BTC-26APR19-5250-P,72.45,0.099,0.3,2,1554297120563,17200296,20
2019-04-03 13:12:00.563,13.7,buy,5019.33,BTC-26APR19-5250-P,75.49,0.102,13.7,0,1554297120563,17200297,21
2019-04-03 14:04:10.145,2.0,buy,5023.89,BTC-26APR19-5250-P,75.65,0.1015,2.0,0,1554300250145,17202384,23
2019-04-03 14:04:10.145,12.1,buy,5023.89,BTC-26APR19-5250-P,76.66,0.1025,12.1,0,1554300250145,17202385,24
2019-04-03 14:04:10.145,0.3,buy,5023.89,BTC-26APR19-5250-P,74.13,0.1,0.3,2,1554300250145,17202383,22
2019-04-03 16:33:08.662,0.7000000000000001,buy,5085.2,BTC-26APR19-5250-P,72.05,0.09,0.7000000000000001,2,1554309188662,17212723,25
2019-04-03 16:38:12.990,8.3,sell,5109.99,BTC-26APR19-5250-P,77.1,0.092,8.3,0,1554309492990,17213268,26
2019-04-03 16:38:13.098,0.3,sell,5110.34,BTC-26APR19-5250-P,77.14,0.092,0.3,1,1554309493098,17213269,27
2019-04-03 16:38:17.621,0.3,sell,5111.46,BTC-26APR19-5250-P,77.28,0.092,0.3,1,1554309497621,17213289,28
2019-04-03 16:38:18.454,5.1000000000000005,sell,5111.46,BTC-26APR19-5250-P,77.28,0.092,5.1000000000000005,1,1554309498454,17213290,29
2019-04-03 16:48:55.454,0.1,buy,5142.34,BTC-26APR19-5250-P,69.86,0.081,0.1,2,1554310135454,17214208,30
2019-04-03 17:16:21.970,9.3,buy,5125.45,BTC-26APR19-5250-P,72.94,0.086,9.3,0,1554311781970,17217729,31
2019-04-03 17:16:28.611,5.1000000000000005,buy,5121.04,BTC-26APR19-5250-P,72.42,0.086,5.1000000000000005,1,1554311788611,17217878,32
2019-04-03 17:18:13.556,0.1,buy,5110.38,BTC-26APR19-5250-P,73.67,0.0885,0.1,0,1554311893556,17218863,33
2019-04-03 18:48:27.232,0.1,buy,5170.97,BTC-26APR19-5250-P,79.82,0.0875,0.1,2,1554317307232,17223971,34
2019-04-03 21:14:21.229,4.0,buy,5310.06,BTC-26APR19-5250-P,82.51,0.0755,4.0,2,1554326061229,17240275,35
2019-04-05 12:36:34.707,10.0,sell,5024.31,BTC-26APR19-5250-P,67.45,0.0905,10.0,0,1554467794707,17362420,36
2019-04-06 13:46:50.031,4.0,sell,5016.61,BTC-26APR19-5250-P,65.33,0.08800000000000001,4.0,2,1554558410031,17394891,37
2019-04-06 16:37:24.717,4.5,sell,5185.66,BTC-26APR19-5250-P,62.43,0.0645,4.5,2,1554568644717,17407070,38
2019-04-06 22:21:47.127,1.0,sell,5048.38,BTC-26APR19-5250-P,62.84,0.081,1.0,0,1554589307127,17439858,39
2019-04-06 22:22:07.407,1.0,buy,5045.39,BTC-26APR19-5250-P,62.96,0.0815,1.0,0,1554589327407,17439905,40
2019-04-07 15:23:14.596,1.0,buy,5136.07,BTC-26APR19-5250-P,69.96,0.0755,1.0,2,1554650594596,17469123,41
2019-04-07 22:51:27.313,4.5,sell,5207.98,BTC-26APR19-5250-P,68.35,0.0655,4.5,2,1554677487313,17488073,42
2019-04-07 22:52:21.979,4.2,sell,5152.9,BTC-26APR19-5250-P,66.58,0.07,4.2,0,1554677541979,17489429,43
2019-04-07 22:53:00.905,2.9,sell,5181.32,BTC-26APR19-5250-P,71.27,0.071,2.9,0,1554677580905,17490110,44
2019-04-08 01:47:42.439,0.1,buy,5296.06,BTC-26APR19-5250-P,69.58,0.0575,0.1,2,1554688062439,17504139,45
2019-04-08 02:08:49.706,3.5,sell,5323.74,BTC-26APR19-5250-P,69.71,0.055,3.5,2,1554689329706,17504979,46
2019-04-08 03:50:14.814,2.0,buy,5248.99,BTC-26APR19-5250-P,72.42,0.0645,2.0,0,1554695414814,17511403,47
2019-04-08 03:51:32.165,2.0,buy,5258.92,BTC-26APR19-5250-P,72.42,0.0635,2.0,2,1554695492165,17511530,48
2019-04-08 09:27:48.263,0.7000000000000001,sell,5237.71,BTC-26APR19-5250-P,68.75,0.062,0.7000000000000001,2,1554715668263,17522799,49
2019-04-08 17:49:48.668,2.0,buy,5201.96,BTC-26APR19-5250-P,68.57,0.065,2.0,0,1554745788668,17537937,50
2019-04-08 18:38:32.423,10.0,buy,5214.35,BTC-26APR19-5250-P,65.57,0.061,10.0,2,1554748712423,17538756,51
2019-04-08 18:39:41.095,0.3,buy,5213.97,BTC-26APR19-5250-P,66.1,0.0615,0.3,0,1554748781095,17538768,52
2019-04-08 18:40:32.885,9.7,buy,5213.73,BTC-26APR19-5250-P,66.07,0.0615,9.7,1,1554748832885,17538800,53
2019-04-09 01:54:48.946,1.0,sell,5263.92,BTC-26APR19-5250-P,66.22,0.056,1.0,2,1554774888946,17553810,54
2019-04-09 15:38:38.999,0.2,buy,5213.16,BTC-26APR19-5250-P,66.53,0.0605,0.2,0,1554824318999,17577626,55
2019-04-09 18:14:23.740,10.0,sell,5214.71,BTC-26APR19-5250-P,66.35,0.06,10.0,2,1554833663740,17579777,56
2019-04-09 19:57:28.858,10.0,sell,5213.71,BTC-26APR19-5250-P,64.02,0.058,10.0,2,1554839848858,17580618,57
2019-04-10 07:35:39.182,0.1,sell,5259.46,BTC-26APR19-5250-P,61.6,0.0505,0.1,2,1554881739182,17594681,58
2019-04-10 07:35:44.681,0.1,sell,5259.4,BTC-26APR19-5250-P,60.99,0.05,0.1,2,1554881744681,17594685,59
2019-04-10 10:02:02.586,0.1,buy,5249.26,BTC-26APR19-5250-P,59.97,0.05,0.1,3,1554890522586,17596126,60
2019-04-10 15:05:01.891,1.0,buy,5269.63,BTC-26APR19-5250-P,59.77,0.0475,1.0,2,1554908701891,17602290,61
2019-04-10 15:29:17.235,12.0,sell,5265.76,BTC-26APR19-5250-P,55.71,0.0445,12.0,2,1554910157235,17602746,62
2019-04-10 15:31:28.396,5.2,sell,5264.44,BTC-26APR19-5250-P,54.95,0.044,5.2,2,1554910288396,17602763,63
2019-04-10 15:31:28.396,12.0,sell,5264.44,BTC-26APR19-5250-P,54.95,0.044,12.0,3,1554910288396,17602764,64
2019-04-10 15:31:36.991,5.5,sell,5264.92,BTC-26APR19-5250-P,53.79,0.043,5.5,3,1554910296991,17602767,66
2019-04-10 15:31:36.991,12.0,sell,5264.92,BTC-26APR19-5250-P,53.79,0.043,12.0,2,1554910296991,17602766,65
2019-04-10 15:31:42.674,4.2,sell,5264.44,BTC-26APR19-5250-P,53.13,0.0425,4.2,3,1554910302674,17602770,68
2019-04-10 15:31:42.674,12.0,sell,5264.44,BTC-26APR19-5250-P,53.13,0.0425,12.0,2,1554910302674,17602769,67
2019-04-10 15:31:51.710,5.0,sell,5264.85,BTC-26APR19-5250-P,51.97,0.0415,5.0,3,1554910311710,17602772,70
2019-04-10 15:31:51.710,12.0,sell,5264.85,BTC-26APR19-5250-P,51.97,0.0415,12.0,2,1554910311710,17602771,69
2019-04-10 15:32:01.133,12.0,sell,5264.66,BTC-26APR19-5250-P,51.34,0.041,12.0,2,1554910321133,17602778,71
2019-04-10 15:38:08.308,12.0,sell,5268.47,BTC-26APR19-5250-P,51.79,0.041,12.0,3,1554910688308,17602843,72
2019-04-10 15:38:13.954,12.0,sell,5268.06,BTC-26APR19-5250-P,51.13,0.0405,12.0,3,1554910693954,17602845,74
2019-04-10 15:38:13.954,0.1,sell,5268.06,BTC-26APR19-5250-P,51.13,0.0405,0.1,2,1554910693954,17602844,73
2019-04-10 15:38:39.806,9.8,sell,5267.07,BTC-26APR19-5250-P,50.41,0.04,9.8,2,1554910719806,17602850,75
2019-04-10 15:38:39.806,0.4,sell,5267.07,BTC-26APR19-5250-P,49.81,0.0395,0.4,2,1554910719806,17602851,76
2019-04-10 16:40:59.238,1.0,buy,5275.98,BTC-26APR19-5250-P,53.95,0.042,1.0,0,1554914459238,17605252,77
2019-04-10 18:31:46.933,0.1,sell,5375.46,BTC-26APR19-5250-P,56.83,0.0355,0.1,2,1554921106933,17612377,78
2019-04-10 18:37:44.978,3.9,buy,5438.37,BTC-26APR19-5250-P,59.79,0.033,3.9,2,1554921464978,17617900,79
2019-04-10 18:57:02.517,1.0,buy,5403.59,BTC-26APR19-5250-P,60.93,0.0365,1.0,0,1554922622517,17622337,80
2019-04-10 19:04:26.031,3.6,buy,5417.42,BTC-26APR19-5250-P,61.67,0.036000000000000004,3.6,2,1554923066031,17622647,81
2019-04-10 19:05:42.226,4.4,buy,5421.19,BTC-26APR19-5250-P,62.04,0.036000000000000004,4.4,3,1554923142226,17622772,82
2019-04-10 19:08:16.223,4.8,buy,5420.12,BTC-26APR19-5250-P,63.85,0.0375,4.8,0,1554923296223,17622887,83
2019-04-10 19:10:28.315,5.0,sell,5404.52,BTC-26APR19-5250-P,61.04,0.0365,5.0,2,1554923428315,17623056,84
2019-04-10 19:18:23.874,0.2,sell,5395.9,BTC-26APR19-5250-P,60.83,0.037000000000000005,0.2,0,1554923903874,17623908,85
2019-04-10 19:19:43.152,4.0,buy,5385.37,BTC-26APR19-5250-P,62.3,0.039,4.0,0,1554923983152,17624061,86
2019-04-10 19:44:05.407,5.0,sell,5420.3,BTC-26APR19-5250-P,62.0,0.036000000000000004,5.0,2,1554925445407,17625701,87
2019-04-10 21:56:06.110,4.1,buy,5288.79,BTC-26APR19-5250-P,64.41,0.049,4.1,0,1554933366110,17647290,88
2019-04-10 21:56:22.128,4.9,buy,5289.57,BTC-26APR19-5250-P,65.73,0.05,4.9,0,1554933382128,17647291,89
2019-04-10 21:56:29.629,4.3,buy,5290.48,BTC-26APR19-5250-P,66.45,0.0505,4.3,0,1554933389629,17647311,90
2019-04-10 22:28:23.195,1.0,sell,5280.16,BTC-26APR19-5250-P,62.22,0.048,1.0,2,1554935303195,17649029,91
2019-04-11 03:26:38.989,0.1,buy,5246.62,BTC-26APR19-5250-P,62.29,0.051,0.1,0,1554953198989,17659241,92
2019-04-11 03:34:39.094,0.1,buy,5222.92,BTC-26APR19-5250-P,61.78,0.053,0.1,0,1554953679094,17661039,93
2019-04-11 04:44:26.294,10.0,sell,5228.05,BTC-26APR19-5250-P,63.15,0.0535,10.0,0,1554957866294,17669042,94
2019-04-11 09:49:43.840,1.0,buy,5098.18,BTC-26APR19-5250-P,59.49,0.065,1.0,0,1554976183840,17678265,95
2019-04-11 09:54:02.190,1.0,buy,5032.31,BTC-26APR19-5250-P,61.27,0.075,1.0,0,1554976442190,17682217,96
2019-04-11 11:31:12.031,0.4,buy,5009.3,BTC-26APR19-5250-P,59.86,0.077,0.4,0,1554982272031,17693085,97
2019-04-11 11:31:32.542,0.4,buy,5001.43,BTC-26APR19-5250-P,58.39,0.077,0.4,1,1554982292542,17693325,98
2019-04-11 11:33:02.029,0.4,buy,4989.11,BTC-26APR19-5250-P,58.69,0.079,0.4,0,1554982382029,17694465,99
2019-04-11 15:12:07.316,0.1,sell,5063.27,BTC-26APR19-5250-P,65.09,0.0735,0.1,2,1554995527316,17704139,100
2019-04-12 01:20:07.002,0.6,buy,4981.49,BTC-26APR19-5250-P,58.34,0.079,0.6,0,1555032007002,17725504,101
2019-04-12 23:00:17.596,1.5,sell,5088.4,BTC-26APR19-5250-P,59.18,0.0635,1.5,2,1555110017596,17762342,102
2019-04-13 02:13:15.849,0.1,sell,5082.47,BTC-26APR19-5250-P,51.65,0.0585,0.1,2,1555121595849,17764068,103
2019-04-13 08:01:50.859,10.0,sell,5100.81,BTC-26APR19-5250-P,54.01,0.0575,10.0,2,1555142510859,17768726,104
2019-04-13 08:03:42.724,2.0,buy,5098.86,BTC-26APR19-5250-P,53.67,0.0575,2.0,3,1555142622724,17768736,105
2019-04-13 12:00:23.340,5.2,buy,5062.18,BTC-26APR19-5250-P,54.97,0.063,5.2,0,1555156823340,17773033,106
2019-04-13 13:38:23.251,2.0,sell,5077.28,BTC-26APR19-5250-P,54.43,0.0605,2.0,3,1555162703251,17778397,108
2019-04-13 13:38:23.251,12.0,sell,5077.28,BTC-26APR19-5250-P,54.43,0.0605,12.0,2,1555162703251,17778396,107
2019-04-13 18:01:52.269,0.1,buy,5098.86,BTC-26APR19-5250-P,52.47,0.056,0.1,2,1555178512269,17782807,109
2019-04-13 21:21:01.957,3.5,buy,5053.23,BTC-26APR19-5250-P,53.37,0.0625,3.5,0,1555190461957,17785550,110
2019-04-13 23:48:14.124,0.1,buy,5073.21,BTC-26APR19-5250-P,52.46,0.059,0.1,2,1555199294124,17787968,111
2019-04-14 01:25:01.455,1.1,buy,5083.73,BTC-26APR19-5250-P,54.59,0.059,1.1,3,1555205101455,17788675,112
2019-04-14 01:51:56.909,0.2,buy,5073.85,BTC-26APR19-5250-P,52.76,0.059,0.2,3,1555206716909,17788918,113
2019-04-14 02:44:09.091,0.2,buy,5055.3,BTC-26APR19-5250-P,52.82,0.0615,0.2,0,1555209849091,17789505,114
2019-04-14 05:20:20.537,4.0,sell,5031.41,BTC-26APR19-5250-P,50.29,0.063,4.0,0,1555219220537,17791940,115
2019-04-14 11:24:09.959,4.0,buy,5066.66,BTC-26APR19-5250-P,51.49,0.0585,4.0,2,1555241049959,17795259,116
2019-04-14 11:27:57.949,4.5,buy,5066.84,BTC-26APR19-5250-P,52.26,0.059000000000000004,4.5,0,1555241277949,17795260,117
2019-04-14 11:51:05.341,8.0,buy,5068.11,BTC-26APR19-5250-P,52.55,0.059,8.0,1,1555242665341,17795380,118
2019-04-14 11:51:49.645,7.4,buy,5068.46,BTC-26APR19-5250-P,54.09,0.06,7.4,1,1555242709645,17795407,120
2019-04-14 11:51:49.645,0.2,buy,5068.46,BTC-26APR19-5250-P,54.09,0.06,0.2,0,1555242709645,17795406,119
2019-04-14 14:37:53.173,8.0,buy,5067.53,BTC-26APR19-5250-P,54.17,0.06,8.0,1,1555252673173,17796841,121
2019-04-14 22:08:42.230,0.2,sell,5114.71,BTC-26APR19-5250-P,54.38,0.0535,0.2,2,1555279722230,17802498,122
2019-04-14 22:28:27.303,9.2,buy,5160.9,BTC-26APR19-5250-P,53.81,0.0475,9.2,2,1555280907303,17806578,123
2019-04-14 22:28:36.124,7.1000000000000005,buy,5163.36,BTC-26APR19-5250-P,54.94,0.048,7.1000000000000005,0,1555280916124,17806579,124
2019-04-15 07:24:38.677,0.3,buy,5149.44,BTC-26APR19-5250-P,52.75,0.0475,0.3,2,1555313078677,17815110,125
2019-04-15 08:00:20.865,2.0,sell,5161.37,BTC-26APR19-5250-P,56.31,0.0485,2.0,1,1555315220865,17815706,127
2019-04-15 08:00:20.865,2.0,sell,5161.37,BTC-26APR19-5250-P,56.31,0.0485,2.0,0,1555315220865,17815705,126
2019-04-15 10:19:12.301,8.1,buy,5155.18,BTC-26APR19-5250-P,52.57,0.0465,8.1,2,1555323552301,17816607,128
2019-04-15 10:36:58.120,1.0,buy,5151.8,BTC-26APR19-5250-P,54.22,0.048,1.0,0,1555324618120,17816863,129
2019-04-15 11:30:59.208,7.9,buy,5137.11,BTC-26APR19-5250-P,52.45,0.0485,7.9,0,1555327859208,17817778,130
2019-04-15 16:20:16.311,9.3,buy,5142.17,BTC-26APR19-5250-P,53.11,0.048,9.3,2,1555345216311,17821494,131
2019-04-15 16:23:23.205,0.3,buy,5141.67,BTC-26APR19-5250-P,54.52,0.049,0.3,0,1555345403205,17821517,132
2019-04-15 17:28:28.518,0.1,buy,5110.96,BTC-26APR19-5250-P,51.91,0.051,0.1,0,1555349308518,17822701,133
2019-04-15 17:30:14.742,1.0,buy,5052.25,BTC-26APR19-5250-P,52.89,0.0595,1.0,0,1555349414742,17824776,134
2019-04-15 20:07:12.694,1.0,buy,4980.05,BTC-26APR19-5250-P,52.0,0.0695,1.0,0,1555358832694,17839203,135
2019-04-15 20:29:13.115,2.0,sell,5009.12,BTC-26APR19-5250-P,54.45,0.0665,2.0,2,1555360153115,17843400,136
2019-04-16 14:35:07.993,0.4,buy,5053.85,BTC-26APR19-5250-P,53.95,0.0585,0.4,2,1555425307993,17860777,137
2019-04-16 14:35:10.121,0.4,buy,5053.93,BTC-26APR19-5250-P,53.96,0.0585,0.4,3,1555425310121,17860794,138
2019-04-16 14:35:15.970,0.4,buy,5053.7,BTC-26APR19-5250-P,54.74,0.059,0.4,0,1555425315970,17860803,139
2019-04-16 14:35:19.861,0.4,buy,5053.62,BTC-26APR19-5250-P,54.72,0.059,0.4,1,1555425319861,17860812,140
2019-04-16 14:35:21.691,0.4,buy,5053.86,BTC-26APR19-5250-P,54.78,0.059,0.4,1,1555425321691,17860819,141
2019-04-16 14:35:21.781,0.4,buy,5053.86,BTC-26APR19-5250-P,54.78,0.059,0.4,1,1555425321781,17860825,142
2019-04-16 14:35:21.829,0.4,buy,5053.86,BTC-26APR19-5250-P,54.78,0.059,0.4,1,1555425321829,17860831,143
2019-04-16 14:35:21.868,0.4,buy,5053.86,BTC-26APR19-5250-P,54.78,0.059,0.4,1,1555425321868,17860836,144
2019-04-16 16:28:56.932,3.5,buy,5078.58,BTC-26APR19-5250-P,54.83,0.0555,3.5,2,1555432136932,17864163,145
2019-04-16 16:29:39.490,1.1,sell,5079.47,BTC-26APR19-5250-P,55.02,0.0555,1.1,3,1555432179490,17864169,146
2019-04-16 16:35:38.120,3.1,sell,5082.74,BTC-26APR19-5250-P,54.94,0.055,3.1,2,1555432538120,17864243,147
2019-04-16 17:56:34.298,12.0,sell,5227.31,BTC-26APR19-5250-P,45.97,0.032,12.0,2,1555437394298,17874588,148
2019-04-16 17:56:34.298,0.4,sell,5227.31,BTC-26APR19-5250-P,45.97,0.032,0.4,3,1555437394298,17874589,149
2019-04-16 17:59:47.701,12.0,sell,5211.05,BTC-26APR19-5250-P,43.32,0.032,12.0,3,1555437587701,17875016,150
2019-04-16 18:00:56.341,0.4,sell,5216.85,BTC-26APR19-5250-P,42.74,0.031,0.4,2,1555437656341,17875123,151
2019-04-16 18:00:59.574,4.8,sell,5217.17,BTC-26APR19-5250-P,42.01,0.0305,4.8,2,1555437659574,17875127,152
2019-04-16 18:04:06.936,1.0,buy,5213.8,BTC-26APR19-5250-P,49.21,0.0355,1.0,0,1555437846936,17875290,153
2019-04-16 19:12:03.168,2.0,sell,5197.25,BTC-26APR19-5250-P,50.44,0.038,2.0,1,1555441923168,17877659,155
2019-04-16 19:12:03.168,2.0,sell,5197.25,BTC-26APR19-5250-P,50.44,0.038,2.0,0,1555441923168,17877658,154
2019-04-16 19:42:31.215,6.0,sell,5191.04,BTC-26APR19-5250-P,47.86,0.037000000000000005,6.0,2,1555443751215,17878581,156
2019-04-17 02:12:03.827,0.1,sell,5230.48,BTC-26APR19-5250-P,44.97,0.0305,0.1,2,1555467123827,17889743,157
2019-04-17 03:00:45.710,0.1,sell,5223.39,BTC-26APR19-5250-P,45.47,0.0315,0.1,0,1555470045710,17890194,158
2019-04-17 09:18:29.861,0.1,sell,5199.89,BTC-26APR19-5250-P,47.71,0.035,0.1,0,1555492709861,17894762,159
2019-04-17 09:25:34.212,0.4,buy,5205.6,BTC-26APR19-5250-P,50.33,0.036000000000000004,0.4,0,1555493134212,17894905,160
2019-04-17 09:25:34.212,3.2,buy,5205.6,BTC-26APR19-5250-P,51.14,0.0365,3.2,0,1555493134212,17894906,161
2019-04-17 09:41:57.524,1.1,sell,5205.2,BTC-26APR19-5250-P,47.08,0.034,1.1,2,1555494117524,17894937,162
2019-04-17 14:09:55.518,1.5,buy,5195.69,BTC-26APR19-5250-P,45.88,0.034,1.5,3,1555510195518,17902928,165
2019-04-17 14:09:55.518,5.1000000000000005,buy,5195.69,BTC-26APR19-5250-P,45.88,0.034,5.1000000000000005,3,1555510195518,17902926,163
2019-04-17 14:09:55.518,5.4,buy,5195.69,BTC-26APR19-5250-P,45.88,0.034,5.4,3,1555510195518,17902927,164
2019-04-17 14:09:56.315,3.9,buy,5195.69,BTC-26APR19-5250-P,45.88,0.034,3.9,3,1555510196315,17902930,167
2019-04-17 14:09:56.315,2.3000000000000003,buy,5195.69,BTC-26APR19-5250-P,45.88,0.034,2.3000000000000003,3,1555510196315,17902931,168
2019-04-17 14:09:56.315,1.4,buy,5195.69,BTC-26APR19-5250-P,45.88,0.034,1.4,3,1555510196315,17902929,166
2019-04-17 14:09:56.315,2.0,buy,5195.69,BTC-26APR19-5250-P,45.88,0.034,2.0,3,1555510196315,17902933,170
2019-04-17 14:09:56.315,2.4,buy,5195.69,BTC-26APR19-5250-P,45.88,0.034,2.4,3,1555510196315,17902932,169
2019-04-17 17:36:29.075,1.0,buy,5217.22,BTC-26APR19-5250-P,50.08,0.034,1.0,3,1555522589075,17905218,171
2019-04-18 01:36:36.691,0.1,sell,5282.5,BTC-26APR19-5250-P,47.58,0.0255,0.1,2,1555551396691,17913357,172
2019-04-18 01:36:54.771,0.1,sell,5273.89,BTC-26APR19-5250-P,47.1,0.026,0.1,0,1555551414771,17913466,173
2019-04-18 02:10:16.485,1.0,buy,5268.72,BTC-26APR19-5250-P,52.22,0.0295,1.0,0,1555553416485,17914907,174
2019-04-18 03:44:23.471,0.1,sell,5273.04,BTC-26APR19-5250-P,51.43,0.0285,0.1,2,1555559063471,17915961,175
2019-04-18 03:52:02.826,0.1,sell,5277.57,BTC-26APR19-5250-P,51.31,0.028,0.1,2,1555559522826,17916074,176
2019-04-18 04:01:44.850,0.1,sell,5284.78,BTC-26APR19-5250-P,51.6,0.0275,0.1,2,1555560104850,17916387,177
2019-04-18 04:02:02.965,0.1,sell,5290.09,BTC-26APR19-5250-P,51.56,0.027000000000000003,0.1,2,1555560122965,17916472,178
2019-04-18 04:06:50.661,0.1,sell,5296.07,BTC-26APR19-5250-P,51.62,0.0265,0.1,2,1555560410661,17916818,179
2019-04-18 08:12:57.598,2.0,sell,5257.26,BTC-26APR19-5250-P,46.09,0.0265,2.0,3,1555575177598,17919290,180
2019-04-18 08:13:34.115,0.1,sell,5257.0,BTC-26APR19-5250-P,46.05,0.0265,0.1,3,1555575214115,17919293,181
2019-04-18 08:38:39.298,0.6,sell,5243.97,BTC-26APR19-5250-P,45.64,0.0275,0.6,0,1555576719298,17919806,182
2019-04-18 08:43:09.387,0.1,sell,5230.88,BTC-26APR19-5250-P,45.95,0.029,0.1,0,1555576989387,17919999,183
2019-04-18 09:08:46.260,0.1,buy,5236.54,BTC-26APR19-5250-P,51.23,0.0315,0.1,0,1555578526260,17920355,184
2019-04-18 13:33:04.267,1.0,sell,5262.35,BTC-26APR19-5250-P,49.31,0.0275,1.0,2,1555594384267,17922881,185
2019-04-18 14:17:30.316,1.0,buy,5238.41,BTC-26APR19-5250-P,46.23,0.028,1.0,0,1555597050316,17923475,186
2019-04-18 14:25:59.554,3.0,sell,5243.62,BTC-26APR19-5250-P,47.15,0.028,3.0,1,1555597559554,17923737,187
2019-04-18 15:49:26.010,0.1,sell,5284.37,BTC-26APR19-5250-P,50.54,0.026,0.1,2,1555602566010,17925016,188
2019-04-18 17:40:04.414,0.1,sell,5292.33,BTC-26APR19-5250-P,51.17,0.0255,0.1,2,1555609204414,17929511,189
2019-04-18 17:59:56.548,0.3,buy,5263.64,BTC-26APR19-5250-P,48.38,0.0265,0.3,0,1555610396548,17930459,190
2019-04-18 19:51:34.136,0.1,sell,5298.95,BTC-26APR19-5250-P,51.62,0.025,0.1,2,1555617094136,17932010,191
2019-04-18 19:51:41.500,0.1,sell,5303.39,BTC-26APR19-5250-P,51.41,0.0245,0.1,2,1555617101500,17932253,192
2019-04-18 19:51:49.813,0.1,sell,5314.06,BTC-26APR19-5250-P,52.13,0.024,0.1,2,1555617109813,17932497,193
2019-04-18 19:52:28.713,0.1,sell,5307.75,BTC-26APR19-5250-P,50.3,0.0235,0.1,2,1555617148713,17932833,194
2019-04-18 20:59:09.181,0.1,sell,5305.33,BTC-26APR19-5250-P,49.2,0.023,0.1,2,1555621149181,17935409,195
2019-04-18 22:20:10.773,0.1,sell,5306.66,BTC-26APR19-5250-P,49.59,0.023,0.1,3,1555626010773,17936743,196
2019-04-18 22:31:29.145,0.1,buy,5299.11,BTC-26APR19-5250-P,50.25,0.024,0.1,0,1555626689145,17936839,197
2019-04-19 01:07:54.595,0.4,buy,5265.82,BTC-26APR19-5250-P,49.72,0.0265,0.4,0,1555636074595,17939154,198
2019-04-19 01:08:49.944,0.4,buy,5265.04,BTC-26APR19-5250-P,51.37,0.0275,0.4,0,1555636129944,17939157,199
2019-04-19 01:08:49.944,7.2,buy,5265.04,BTC-26APR19-5250-P,52.26,0.028,7.2,0,1555636129944,17939158,200
2019-04-19 01:43:00.743,0.1,sell,5261.14,BTC-26APR19-5250-P,47.23,0.0255,0.1,2,1555638180743,17939994,201
2019-04-19 01:44:06.703,0.1,sell,5260.43,BTC-26APR19-5250-P,47.11,0.0255,0.1,3,1555638246703,17939996,202
2019-04-19 01:48:04.106,0.1,buy,5245.09,BTC-26APR19-5250-P,48.03,0.0275,0.1,0,1555638484106,17940201,203
2019-04-19 01:48:25.761,0.1,buy,5228.96,BTC-26APR19-5250-P,48.69,0.0295,0.1,0,1555638505761,17940760,204
2019-04-19 02:01:05.370,5.0,buy,5206.25,BTC-26APR19-5250-P,47.1,0.031,5.0,0,1555639265370,17943139,205
2019-04-19 02:58:29.144,0.1,buy,5219.12,BTC-26APR19-5250-P,52.38,0.0325,0.1,0,1555642709144,17945012,206
2019-04-19 02:58:29.161,0.4,sell,5219.12,BTC-26APR19-5250-P,52.38,0.0325,0.4,1,1555642709161,17945013,207
2019-04-19 02:58:45.424,4.9,buy,5219.12,BTC-26APR19-5250-P,53.27,0.033,4.9,0,1555642725424,17945014,208
2019-04-19 02:58:45.435,1.1,buy,5219.12,BTC-26APR19-5250-P,53.27,0.033,1.1,1,1555642725435,17945015,209
2019-04-19 02:58:45.435,4.0,buy,5219.12,BTC-26APR19-5250-P,53.27,0.033,4.0,1,1555642725435,17945016,210
2019-04-19 02:58:45.441,2.9,buy,5219.12,BTC-26APR19-5250-P,53.27,0.033,2.9,1,1555642725441,17945017,211
2019-04-19 02:58:45.450,3.9,buy,5219.12,BTC-26APR19-5250-P,53.27,0.033,3.9,1,1555642725450,17945018,212
2019-04-19 03:17:13.101,2.4,sell,5218.91,BTC-26APR19-5250-P,53.28,0.033,2.4,1,1555643833101,17945408,213
2019-04-19 03:17:13.101,3.0,sell,5218.91,BTC-26APR19-5250-P,53.28,0.033,3.0,1,1555643833101,17945410,215
2019-04-19 03:17:13.101,2.3000000000000003,sell,5218.91,BTC-26APR19-5250-P,53.28,0.033,2.3000000000000003,1,1555643833101,17945409,214
2019-04-19 08:00:21.567,0.1,buy,5248.15,BTC-26APR19-5250-P,50.36,0.028,0.1,2,1555660821567,17947617,216
2019-04-19 08:05:37.351,2.0,sell,5246.77,BTC-26APR19-5250-P,49.23,0.0275,2.0,2,1555661137351,17947688,217
2019-04-19 08:53:33.575,0.7000000000000001,sell,5247.21,BTC-26APR19-5250-P,49.42,0.0275,0.7000000000000001,3,1555664013575,17948121,218
2019-04-19 09:25:18.117,0.2,buy,5258.0,BTC-26APR19-5250-P,45.95,0.0245,0.2,2,1555665918117,17949053,219
2019-04-19 09:41:16.254,2.9,sell,5252.57,BTC-26APR19-5250-P,44.12,0.024,2.9,2,1555666876254,17949146,220
2019-04-19 09:47:40.344,5.0,buy,5256.0,BTC-26APR19-5250-P,45.65,0.0245,5.0,0,1555667260344,17949181,221
2019-04-19 12:50:15.725,0.2,buy,5242.39,BTC-26APR19-5250-P,46.38,0.026,0.2,0,1555678215725,17950651,222
2019-04-19 13:43:11.593,0.4,buy,5250.83,BTC-26APR19-5250-P,50.8,0.0275,0.4,0,1555681391593,17951146,223
2019-04-19 16:14:48.818,4.0,sell,5286.99,BTC-26APR19-5250-P,50.97,0.024,4.0,2,1555690488818,17954772,224
2019-04-19 16:55:44.611,0.1,buy,5277.23,BTC-26APR19-5250-P,46.62,0.0225,0.1,3,1555692944611,17961274,226
2019-04-19 16:55:44.611,0.1,buy,5277.23,BTC-26APR19-5250-P,46.62,0.0225,0.1,2,1555692944611,17961273,225
2019-04-19 21:18:38.212,5.0,sell,5284.86,BTC-26APR19-5250-P,45.72,0.021,5.0,2,1555708718212,17968463,227
2019-04-19 21:27:07.002,1.0,sell,5280.66,BTC-26APR19-5250-P,45.98,0.0215,1.0,0,1555709227002,17968682,228
2019-04-20 05:05:08.933,0.1,sell,5320.76,BTC-26APR19-5250-P,45.9,0.0175,0.1,2,1555736708933,17976065,229
2019-04-20 05:54:08.508,8.0,sell,5321.96,BTC-26APR19-5250-P,46.22,0.0175,8.0,3,1555739648508,17976368,230
2019-04-20 09:10:35.468,0.3,buy,5312.37,BTC-26APR19-5250-P,48.24,0.019,0.3,0,1555751435468,17980445,231
2019-04-20 12:24:41.511,7.7,sell,5316.94,BTC-26APR19-5250-P,46.48,0.0175,7.7,2,1555763081511,17983075,232
2019-04-20 14:11:24.399,1.0,buy,5307.56,BTC-26APR19-5250-P,47.28,0.0185,1.0,0,1555769484399,17983910,233
2019-04-20 15:20:34.440,2.0,sell,5319.33,BTC-26APR19-5250-P,49.43,0.0185,2.0,1,1555773634440,17984719,234
2019-04-21 05:11:20.218,2.0,sell,5320.62,BTC-26APR19-5250-P,47.99,0.0165,2.0,2,1555823480218,17998889,235
2019-04-21 08:13:48.190,4.5,buy,5306.63,BTC-26APR19-5250-P,53.83,0.02,4.5,0,1555834428190,18000360,236
2019-04-21 09:55:42.292,0.2,sell,5247.29,BTC-26APR19-5250-P,48.01,0.0225,0.2,0,1555840542292,18007448,237
2019-04-21 09:57:14.784,0.1,buy,5243.61,BTC-26APR19-5250-P,50.47,0.024,0.1,0,1555840634784,18007652,238
2019-04-21 10:06:13.816,6.0,sell,5248.21,BTC-26APR19-5250-P,47.16,0.022000000000000002,6.0,2,1555841173816,18008485,239
2019-04-21 11:41:13.969,0.6,buy,5265.19,BTC-26APR19-5250-P,53.2,0.023,0.6,1,1555846873969,18010864,241
2019-04-21 11:41:13.969,0.4,buy,5265.19,BTC-26APR19-5250-P,53.2,0.023,0.4,0,1555846873969,18010863,240
2019-04-21 12:30:38.031,0.3,buy,5215.52,BTC-26APR19-5250-P,46.86,0.025,0.3,0,1555849838031,18013104,242
2019-04-21 17:13:52.761,12.0,sell,5268.04,BTC-26APR19-5250-P,45.03,0.0185,12.0,2,1555866832761,18017685,243
2019-04-21 17:15:43.755,5.0,buy,5263.48,BTC-26APR19-5250-P,45.22,0.019,5.0,0,1555866943755,18017932,244
2019-04-21 18:57:23.979,5.0,buy,5233.75,BTC-26APR19-5250-P,48.04,0.023,5.0,0,1555873043979,18020487,245
2019-04-22 00:18:42.695,1.0,sell,5299.53,BTC-26APR19-5250-P,47.07,0.016,1.0,2,1555892322695,18027586,246
2019-04-22 06:24:40.982,0.5,sell,5271.84,BTC-26APR19-5250-P,48.8,0.0185,0.5,0,1555914280982,18032209,247
2019-04-22 07:14:14.610,2.0,buy,5287.4,BTC-26APR19-5250-P,49.9,0.0175,2.0,2,1555917254610,18032972,248
2019-04-22 08:17:58.172,0.1,buy,5291.91,BTC-26APR19-5250-P,53.55,0.0185,0.1,0,1555921078172,18033413,249
2019-04-22 10:04:16.300,0.4,buy,5300.24,BTC-26APR19-5250-P,53.31,0.0175,0.4,2,1555927456300,18034775,250
2019-04-22 10:04:44.814,0.1,sell,5300.06,BTC-26APR19-5250-P,48.33,0.0155,0.1,2,1555927484814,18034829,251
2019-04-22 10:11:39.417,0.4,sell,5299.14,BTC-26APR19-5250-P,48.17,0.0155,0.4,3,1555927899417,18034866,252
2019-04-22 10:13:35.188,0.4,buy,5299.14,BTC-26APR19-5250-P,54.36,0.018000000000000002,0.4,0,1555928015188,18034868,253
2019-04-22 10:41:51.814,0.4,sell,5308.0,BTC-26APR19-5250-P,50.08,0.0155,0.4,2,1555929711814,18035152,254
2019-04-22 11:06:06.613,0.1,sell,5321.84,BTC-26APR19-5250-P,52.89,0.0155,0.1,3,1555931166613,18035970,255
2019-04-22 11:28:16.685,0.1,sell,5316.44,BTC-26APR19-5250-P,46.88,0.0135,0.1,2,1555932496685,18036296,256
2019-04-22 12:12:10.226,0.5,sell,5316.41,BTC-26APR19-5250-P,48.34,0.013999999999999999,0.5,0,1555935130226,18036791,257
2019-04-22 12:12:45.613,0.1,sell,5316.49,BTC-26APR19-5250-P,45.81,0.013000000000000001,0.1,2,1555935165613,18036803,258
2019-04-22 12:12:45.613,8.0,sell,5316.49,BTC-26APR19-5250-P,45.81,0.013000000000000001,8.0,3,1555935165613,18036804,259
2019-04-22 12:12:45.613,6.4,sell,5316.49,BTC-26APR19-5250-P,45.81,0.013000000000000001,6.4,3,1555935165613,18036805,260
2019-04-22 15:49:06.661,0.6,buy,5302.75,BTC-26APR19-5250-P,52.99,0.0165,0.6,0,1555948146661,18047929,262
2019-04-22 15:49:06.661,0.4,buy,5302.75,BTC-26APR19-5250-P,51.71,0.016,0.4,0,1555948146661,18047928,261
2019-04-22 15:50:58.556,0.2,sell,5313.47,BTC-26APR19-5250-P,50.04,0.0145,0.2,2,1555948258556,18048482,263
2019-04-22 17:53:52.613,0.4,buy,5354.19,BTC-26APR19-5250-P,53.11,0.0125,0.4,2,1555955632613,18055525,264
2019-04-22 19:17:55.956,2.6,buy,5373.78,BTC-26APR19-5250-P,54.27,0.0115,2.6,3,1555960675956,18065571,266
2019-04-22 19:17:55.956,0.4,buy,5373.78,BTC-26APR19-5250-P,54.27,0.0115,0.4,2,1555960675956,18065570,265
2019-04-22 20:24:07.648,1.0,buy,5381.36,BTC-26APR19-5250-P,53.07,0.0105,1.0,2,1555964647648,18067230,267
2019-04-22 20:26:09.013,16.0,buy,5380.26,BTC-26APR19-5250-P,52.89,0.0105,16.0,3,1555964769013,18067266,268
2019-04-22 20:31:31.259,1.0,buy,5379.71,BTC-26APR19-5250-P,51.36,0.01,1.0,2,1555965091259,18067342,269
2019-04-22 20:46:29.347,16.0,buy,5401.49,BTC-26APR19-5250-P,55.11,0.01,16.0,3,1555965989347,18067867,270
2019-04-22 20:46:29.347,6.1000000000000005,buy,5401.49,BTC-26APR19-5250-P,55.11,0.01,6.1000000000000005,3,1555965989347,18067868,271
2019-04-22 20:46:29.352,0.5,sell,5401.49,BTC-26APR19-5250-P,55.11,0.01,0.5,3,1555965989352,18067869,272
2019-04-22 21:33:11.729,0.5,sell,5380.68,BTC-26APR19-5250-P,51.85,0.01,0.5,3,1555968791729,18069704,273
2019-04-22 22:06:16.709,0.4,sell,5390.19,BTC-26APR19-5250-P,53.65,0.01,0.4,3,1555970776709,18070208,274
2019-04-22 22:50:16.882,1.5,sell,5396.93,BTC-26APR19-5250-P,55.04,0.01,1.5,3,1555973416882,18070810,275
2019-04-23 00:02:29.894,4.5,sell,5386.92,BTC-26APR19-5250-P,50.7,0.009000000000000001,4.5,2,1555977749894,18071961,276
2019-04-23 00:44:01.682,1.0,sell,5384.65,BTC-26APR19-5250-P,48.99,0.0085,1.0,2,1555980241682,18072844,277
2019-04-23 02:14:20.428,2.0,sell,5396.19,BTC-26APR19-5250-P,52.99,0.009000000000000001,2.0,0,1555985660428,18073382,278
2019-04-23 02:21:37.497,3.0,sell,5402.83,BTC-26APR19-5250-P,49.34,0.0075,3.0,2,1555986097497,18073537,279
2019-04-23 03:05:24.727,4.0,sell,5414.54,BTC-26APR19-5250-P,49.78,0.006999999999999999,4.0,2,1555988724727,18074652,280
2019-04-23 04:24:03.234,0.1,sell,5548.19,BTC-26APR19-5250-P,66.09,0.006,0.1,2,1555993443234,18083736,281
2019-04-23 04:44:25.954,0.1,buy,5515.6,BTC-26APR19-5250-P,55.43,0.0045,0.1,2,1555994665954,18093374,282
2019-04-23 04:45:06.208,0.1,buy,5519.36,BTC-26APR19-5250-P,55.94,0.0045,0.1,3,1555994706208,18093499,283
2019-04-23 04:45:16.619,0.1,buy,5519.04,BTC-26APR19-5250-P,55.9,0.0045,0.1,3,1555994716619,18093502,284
2019-04-23 04:45:25.179,0.7000000000000001,buy,5516.31,BTC-26APR19-5250-P,55.54,0.0045,0.7000000000000001,3,1555994725179,18093571,285
2019-04-23 07:05:47.128,0.2,sell,5532.26,BTC-26APR19-5250-P,56.23,0.004,0.2,2,1556003147128,18100267,286
2019-04-23 08:32:17.677,0.1,buy,5569.93,BTC-26APR19-5250-P,66.5,0.005,0.1,1,1556008337677,18102684,288
2019-04-23 08:32:17.677,0.1,buy,5569.93,BTC-26APR19-5250-P,66.5,0.005,0.1,0,1556008337677,18102683,287
2019-04-23 08:39:24.634,3.2,buy,5562.03,BTC-26APR19-5250-P,65.5,0.005,3.2,1,1556008764634,18103059,289
2019-04-23 13:57:48.996,5.0,buy,5580.47,BTC-26APR19-5250-P,68.16,0.0045,5.0,2,1556027868996,18111052,290
2019-04-23 14:16:44.108,3.6,sell,5576.91,BTC-26APR19-5250-P,59.69,0.003,3.6,2,1556029004108,18111647,291
2019-04-23 14:28:01.549,6.0,sell,5571.88,BTC-26APR19-5250-P,64.67,0.004,6.0,0,1556029681549,18111979,292
2019-04-23 15:26:12.708,0.5,buy,5569.75,BTC-26APR19-5250-P,67.46,0.0045,0.5,0,1556033172708,18113212,293
2019-04-23 22:26:27.998,0.5,buy,5525.27,BTC-26APR19-5250-P,67.35,0.005,0.5,0,1556058387998,18127974,294
2019-04-24 03:13:31.885,0.5,sell,5562.56,BTC-26APR19-5250-P,61.21,0.0025,0.5,2,1556075611885,18141029,295
2019-04-24 05:03:27.284,0.2,sell,5599.52,BTC-26APR19-5250-P,63.52,0.002,0.2,2,1556082207284,18144335,296
2019-04-24 05:03:27.284,1.0,sell,5599.52,BTC-26APR19-5250-P,63.52,0.002,1.0,3,1556082207284,18144336,297
2019-04-24 07:41:28.460,0.5,buy,5540.16,BTC-26APR19-5250-P,70.33,0.004,0.5,0,1556091688460,18150701,298
2019-04-24 07:48:38.723,0.3,buy,5460.62,BTC-26APR19-5250-P,64.89,0.0055,0.3,0,1556092118723,18152916,299
2019-04-24 08:18:24.727,0.4,buy,5458.22,BTC-26APR19-5250-P,62.34,0.005,0.4,2,1556093904727,18160817,300
2019-04-24 08:58:36.503,0.1,buy,5482.86,BTC-26APR19-5250-P,67.18,0.005,0.1,3,1556096316503,18163104,301
2019-04-24 11:02:27.086,0.4,buy,5429.69,BTC-26APR19-5250-P,63.63,0.006,0.4,1,1556103747086,18171731,303
2019-04-24 11:02:27.086,24.0,buy,5429.69,BTC-26APR19-5250-P,63.63,0.006,24.0,0,1556103747086,18171730,302
2019-04-24 11:02:28.723,24.0,sell,5429.47,BTC-26APR19-5250-P,63.59,0.006,24.0,1,1556103748723,18171733,304
2019-04-24 11:02:29.791,0.4,sell,5429.97,BTC-26APR19-5250-P,63.69,0.006,0.4,1,1556103749791,18171734,305
2019-04-24 11:02:45.979,1.2,sell,5429.57,BTC-26APR19-5250-P,63.62,0.006,1.2,1,1556103765979,18171751,306
2019-04-24 12:01:28.859,1.0,sell,5431.51,BTC-26APR19-5250-P,57.34,0.0045,1.0,2,1556107288859,18175550,307
2019-04-24 13:11:10.558,2.0,sell,5468.79,BTC-26APR19-5250-P,56.36,0.003,2.0,2,1556111470558,18177075,308
2019-04-24 14:13:22.087,2.0,buy,5457.01,BTC-26APR19-5250-P,58.03,0.0035,2.0,0,1556115202087,18179017,309
2019-04-24 22:20:27.541,0.6,sell,5438.97,BTC-26APR19-5250-P,64.14,0.004,0.6,0,1556144427541,18198981,310
2019-04-24 22:30:20.862,0.1,sell,5439.06,BTC-26APR19-5250-P,54.45,0.0025,0.1,2,1556145020862,18199050,311
2019-04-25 04:14:06.705,1.0,sell,5445.44,BTC-26APR19-5250-P,56.99,0.002,1.0,2,1556165646705,18206032,312
2019-04-25 04:54:06.489,10.0,buy,5427.51,BTC-26APR19-5250-P,68.81,0.004,10.0,0,1556168046489,18206667,313
2019-04-25 04:54:06.489,24.0,buy,5427.51,BTC-26APR19-5250-P,68.81,0.004,24.0,1,1556168046489,18206668,314
2019-04-25 04:54:06.489,0.5,buy,5427.51,BTC-26APR19-5250-P,68.81,0.004,0.5,1,1556168046489,18206669,315
2019-04-25 05:12:23.632,15.5,sell,5426.71,BTC-26APR19-5250-P,62.0,0.003,15.5,2,1556169143632,18207048,316
2019-04-25 08:17:44.482,3.0,buy,5416.46,BTC-26APR19-5250-P,70.77,0.004,3.0,0,1556180264482,18212229,317
2019-04-25 11:31:42.689,1.0,sell,5441.68,BTC-26APR19-5250-P,60.2,0.0015,1.0,2,1556191902689,18219037,318
2019-04-25 11:51:37.553,1.0,sell,5459.64,BTC-26APR19-5250-P,64.71,0.0015,1.0,3,1556193097553,18219303,319
2019-04-25 16:34:12.880,10.0,buy,5463.73,BTC-26APR19-5250-P,67.51,0.001,10.0,2,1556210052880,18224403,320
2019-04-25 20:49:03.089,0.2,sell,5480.64,BTC-26APR19-5250-P,72.18,0.0005,0.2,2,1556225343089,18230757,321
2019-04-25 22:01:56.326,0.7000000000000001,buy,5333.03,BTC-26APR19-5250-P,64.75,0.003,0.7000000000000001,0,1556229716326,18239952,322
2019-04-25 22:04:24.772,4.1,buy,5246.33,BTC-26APR19-5250-P,86.67,0.012,4.1,0,1556229864772,18243729,323
2019-04-25 22:04:32.161,7.6,buy,5228.7,BTC-26APR19-5250-P,76.85,0.0125,7.6,0,1556229872161,18244184,324
2019-04-25 22:04:39.034,1.5,buy,5217.51,BTC-26APR19-5250-P,71.05,0.013000000000000001,1.5,0,1556229879034,18244626,325
2019-04-25 22:08:25.274,1.0,buy,5125.51,BTC-26APR19-5250-P,60.73,0.0255,1.0,0,1556230105274,18249978,326
2019-04-25 22:08:48.922,0.1,buy,5120.81,BTC-26APR19-5250-P,163.44,0.037000000000000005,0.1,0,1556230128922,18250365,327
2019-04-25 22:08:48.924,1.9,sell,5120.81,BTC-26APR19-5250-P,187.69,0.04,1.9,0,1556230128924,18250366,328
2019-04-25 22:10:05.544,0.1,buy,5061.75,BTC-26APR19-5250-P,184.78,0.048,0.1,0,1556230205544,18252996,329
2019-04-25 22:10:23.283,0.1,buy,5045.97,BTC-26APR19-5250-P,157.71,0.0475,0.1,2,1556230223283,18253563,330
2019-04-25 22:10:32.577,1.5,buy,5035.08,BTC-26APR19-5250-P,228.17,0.057,1.5,0,1556230232577,18253870,331
2019-04-25 22:10:36.816,0.1,buy,5034.57,BTC-26APR19-5250-P,285.48,0.064,0.1,0,1556230236816,18254078,332
2019-04-25 22:11:22.756,6.0,buy,4987.08,BTC-26APR19-5250-P,139.42,0.055999999999999994,6.0,2,1556230282756,18255870,333
2019-04-25 22:13:06.618,3.0,buy,5017.94,BTC-26APR19-5250-P,0.0,0.039,3.0,2,1556230386618,18259560,334
2019-04-25 22:14:50.789,6.0,buy,5097.58,BTC-26APR19-5250-P,106.34,0.034,6.0,2,1556230490789,18262843,335
2019-04-25 22:26:51.912,6.0,buy,5087.61,BTC-26APR19-5250-P,100.23,0.035,6.0,0,1556231211912,18269834,336
2019-04-25 22:26:54.145,3.2,buy,5083.74,BTC-26APR19-5250-P,92.03,0.035,3.2,1,1556231214145,18269859,337
2019-04-25 22:26:54.844,6.0,buy,5081.53,BTC-26APR19-5250-P,86.71,0.035,6.0,1,1556231214844,18269865,338
2019-04-25 22:26:55.135,0.5,buy,5081.53,BTC-26APR19-5250-P,86.71,0.035,0.5,1,1556231215135,18269866,339
2019-04-25 22:26:55.670,0.6,buy,5080.56,BTC-26APR19-5250-P,84.17,0.035,0.6,1,1556231215670,18269886,340
2019-04-25 22:26:57.395,0.6,buy,5082.25,BTC-26APR19-5250-P,88.51,0.035,0.6,1,1556231217395,18269910,341
2019-04-25 22:27:00.308,0.5,buy,5080.23,BTC-26APR19-5250-P,83.27,0.035,0.5,1,1556231220308,18269950,342
2019-04-25 22:27:00.416,6.0,buy,5080.23,BTC-26APR19-5250-P,83.27,0.035,6.0,1,1556231220416,18269963,343
2019-04-25 22:27:00.448,0.4,buy,5080.23,BTC-26APR19-5250-P,83.27,0.035,0.4,1,1556231220448,18269974,344
2019-04-25 22:27:00.462,0.1,buy,5080.23,BTC-26APR19-5250-P,83.27,0.035,0.1,1,1556231220462,18269990,345
2019-04-25 22:27:00.499,0.1,buy,5080.23,BTC-26APR19-5250-P,83.27,0.035,0.1,1,1556231220499,18270000,346
2019-04-25 22:27:00.517,0.6,buy,5080.23,BTC-26APR19-5250-P,83.27,0.035,0.6,1,1556231220517,18270015,347
2019-04-25 22:27:00.523,0.4,buy,5080.23,BTC-26APR19-5250-P,83.27,0.035,0.4,1,1556231220523,18270020,348
2019-04-25 22:41:58.765,0.1,sell,5122.78,BTC-26APR19-5250-P,93.42,0.0285,0.1,2,1556232118765,18275886,349
2019-04-26 00:21:14.198,0.1,buy,5077.49,BTC-26APR19-5250-P,83.65,0.035,0.1,0,1556238074198,18289377,350
2019-04-26 00:31:10.884,6.0,sell,5102.3,BTC-26APR19-5250-P,64.74,0.0295,6.0,2,1556238670884,18290705,351
2019-04-26 00:31:14.584,2.0,buy,5102.57,BTC-26APR19-5250-P,47.69,0.028999999999999998,2.0,2,1556238674584,18290708,352
2019-04-26 01:00:25.544,1.0,buy,5119.91,BTC-26APR19-5250-P,80.8,0.027000000000000003,1.0,2,1556240425544,18291848,353
2019-04-26 01:13:36.704,0.1,sell,5141.46,BTC-26APR19-5250-P,60.81,0.022000000000000002,0.1,2,1556241216704,18293177,354
2019-04-26 01:33:54.595,0.1,buy,5131.38,BTC-26APR19-5250-P,83.69,0.025,0.1,0,1556242434595,18293946,355
2019-04-26 01:39:50.343,0.1,sell,5158.14,BTC-26APR19-5250-P,116.91,0.0235,0.1,2,1556242790343,18294769,356
2019-04-26 01:43:41.702,1.0,buy,5155.36,BTC-26APR19-5250-P,69.72,0.02,1.0,2,1556243021702,18295209,357
2019-04-26 01:47:08.348,1.0,buy,5159.86,BTC-26APR19-5250-P,73.36,0.0195,1.0,2,1556243228348,18295386,358
2019-04-26 02:29:14.046,0.1,buy,5174.08,BTC-26APR19-5250-P,138.37,0.0225,0.1,0,1556245754046,18297682,359
2019-04-26 02:31:28.992,3.0,sell,5189.89,BTC-26APR19-5250-P,123.08,0.019,3.0,2,1556245888992,18297847,360
2019-04-26 02:39:28.181,20.0,sell,5279.17,BTC-26APR19-5250-P,107.13,0.008,20.0,2,1556246368181,18300765,361
2019-04-26 03:12:51.460,0.5,buy,5210.86,BTC-26APR19-5250-P,87.67,0.0125,0.5,0,1556248371460,18306783,362
2019-04-26 03:16:07.192,1.0,sell,5210.35,BTC-26APR19-5250-P,75.75,0.0115,1.0,2,1556248567192,18306910,363
2019-04-26 03:30:04.545,6.0,buy,5209.79,BTC-26APR19-5250-P,135.03,0.0165,6.0,0,1556249404545,18307807,364
2019-04-26 03:38:44.018,0.1,buy,5205.74,BTC-26APR19-5250-P,143.4,0.0175,0.1,0,1556249924018,18308382,365
2019-04-26 04:55:48.120,6.0,sell,5182.28,BTC-26APR19-5250-P,95.09,0.0155,6.0,2,1556254548120,18311597,366
