date_utc,amount,direction,indexPrice,instrument,iv,price,quantity,tickDirection,timeStamp,tradeId,tradeSeq
2019-02-24 14:15:24.919,1.0,buy,3808.27,BTC-26APR19-5250-P,49.56,0.3915,1.0,1,1551017724919,15898963,1
2019-03-13 14:46:05.432,1.7,buy,3857.15,BTC-26APR19-5250-P,0.0,0.0055,1.7,2,1552488365432,16540498,2
2019-03-26 15:20:07.534,1.5,sell,3910.75,BTC-26APR19-5250-P,73.11,0.3545,1.5,0,1553613607534,16838897,3
2019-04-02 05:25:15.540,14.0,buy,5002.17,BTC-26APR19-5250-P,62.19,0.09300000000000001,14.0,2,1554182715540,17063145,4
2019-04-02 05:26:18.913,14.0,buy,4976.27,BTC-26APR19-5250-P,63.12,0.0975,14.0,0,1554182778913,17063770,5
2019-04-02 05:27:07.756,3.1,sell,4972.58,BTC-26APR19-5250-P,67.12,0.102,3.1,0,1554182827756,17064259,6
2019-04-02 05:27:09.940,0.7000000000000001,sell,4972.77,BTC-26APR19-5250-P,67.14,0.102,0.7000000000000001,1,1554182829940,17064291,7
2019-04-02 05:27:16.843,10.2,sell,4972.15,BTC-26APR19-5250-P,67.06,0.102,10.2,1,1554182836843,17064342,8
2019-04-02 05:45:43.853,4.9,sell,4827.05,BTC-26APR19-5250-P,69.91,0.1265,4.9,0,1554183943853,17071894,9
2019-04-02 05:46:15.408,4.9,buy,4835.85,BTC-26APR19-5250-P,71.37,0.1265,4.9,1,1554183975408,17072020,10
2019-04-02 05:46:39.898,4.0,sell,4840.04,BTC-26APR19-5250-P,73.61,0.128,4.0,0,1554183999898,17072106,11
2019-04-02 05:47:21.106,14.0,sell,4844.94,BTC-26APR19-5250-P,75.43,0.129,14.0,0,1554184041106,17072237,12
2019-04-02 05:47:40.817,14.0,sell,4847.93,BTC-26APR19-5250-P,73.85,0.127,14.0,2,1554184060817,17072309,13
2019-04-02 14:10:28.662,0.1,buy,4688.25,BTC-26APR19-5250-P,51.81,0.135,0.1,0,1554214228662,17114239,14
2019-04-02 22:59:42.908,0.3,buy,4827.55,BTC-26APR19-5250-P,62.98,0.11900000000000001,0.3,2,1554245982908,17141168,15
2019-04-03 00:32:46.189,0.1,buy,4983.21,BTC-26APR19-5250-P,62.62,0.095,0.1,2,1554251566189,17158062,16
2019-04-03 06:19:52.624,0.3,buy,4950.72,BTC-26APR19-5250-P,69.04,0.1055,0.3,0,1554272392624,17189479,17
2019-04-03 07:02:11.215,0.3,buy,4981.62,BTC-26APR19-5250-P,70.44,0.1025,0.3,2,1554274931215,17190149,18
2019-04-03 09:25:56.983,0.3,buy,4949.1,BTC-26APR19-5250-P,70.03,0.1065,0.3,0,1554283556983,17192842,19
2019-04-03 13:12:00.563,0.3,buy,5019.33,BTC-26APR19-5250-P,72.45,0.099,0.3,2,1554297120563,17200296,20
2019-04-03 13:12:00.563,13.7,buy,5019.33,BTC-26APR19-5250-P,75.49,0.102,13.7,0,1554297120563,17200297,21
2019-04-03 14:04:10.145,2.0,buy,5023.89,BTC-26APR19-5250-P,75.65,0.1015,2.0,0,1554300250145,17202384,23
2019-04-03 14:04:10.145,12.1,buy,5023.89,BTC-26APR19-5250-P,76.66,0.1025,12.1,0,1554300250145,17202385,24
2019-04-03 14:04:10.145,0.3,buy,5023.89,BTC-26APR19-5250-P,74.13,0.1,0.3,2,1554300250145,17202383,22
2019-04-03 16:33:08.662,0.7000000000000001,buy,5085.2,BTC-26APR19-5250-P,72.05,0.09,0.7000000000000001,2,1554309188662,17212723,25
2019-04-03 16:38:12.990,8.3,sell,5109.99,BTC-26APR19-5250-P,77.1,0.092,8.3,0,1554309492990,17213268,26
2019-04-03 16:38:13.098,0.3,sell,5110.34,BTC-26APR19-5250-P,77.14,0.092,0.3,1,1554309493098,17213269,27
2019-04-03 16:38:17.621,0.3,sell,5111.46,BTC-26APR19-5250-P,77.28,0.092,0.3,1,1554309497621,17213289,28
2019-04-03 16:38:18.454,5.1000000000000005,sell,5111.46,BTC-26APR19-5250-P,77.28,0.092,5.1000000000000005,1,1554309498454,17213290,29
2019-04-03 16:48:55.454,0.1,buy,5142.34,BTC-26APR19-5250-P,69.86,0.081,0.1,2,1554310135454,17214208,30
2019-04-03 17:16:21.970,9.3,buy,5125.45,BTC-26APR19-5250-P,72.94,0.086,9.3,0,1554311781970,17217729,31
2019-04-03 17:16:28.611,5.1000000000000005,buy,5121.04,BTC-26APR19-5250-P,72.42,0.086,5.1000000000000005,1,1554311788611,17217878,32
2019-04-03 17:18:13.556,0.1,buy,5110.38,BTC-26APR19-5250-P,73.67,0.0885,0.1,0,1554311893556,17218863,33
2019-04-03 18:48:27.232,0.1,buy,5170.97,BTC-26APR19-5250-P,79.82,0.0875,0.1,2,1554317307232,17223971,34
2019-04-03 21:14:21.229,4.0,buy,5310.06,BTC-26APR19-5250-P,82.51,0.0755,4.0,2,1554326061229,17240275,35
2019-04-05 12:36:34.707,10.0,sell,5024.31,BTC-26APR19-5250-P,67.45,0.0905,10.0,0,1554467794707,17362420,36
2019-04-06 13:46:50.031,4.0,sell,5016.61,BTC-26APR19-5250-P,65.33,0.08800000000000001,4.0,2,1554558410031,17394891,37
2019-04-06 16:37:24.717,4.5,sell,5185.66,BTC-26APR19-5250-P,62.43,0.0645,4.5,2,1554568644717,17407070,38
2019-04-06 22:21:47.127,1.0,sell,5048.38,BTC-26APR19-5250-P,62.84,0.081,1.0,0,1554589307127,17439858,39
2019-04-06 22:22:07.407,1.0,buy,5045.39,BTC-26APR19-5250-P,62.96,0.0815,1.0,0,1554589327407,17439905,40
2019-04-07 15:23:14.596,1.0,buy,5136.07,BTC-26APR19-5250-P,69.96,0.0755,1.0,2,1554650594596,17469123,41
2019-04-07 22:51:27.313,4.5,sell,5207.98,BTC-26APR19-5250-P,68.35,0.0655,4.5,2,1554677487313,17488073,42
2019-04-07 22:52:21.979,4.2,sell,5152.9,BTC-26APR19-5250-P,66.58,0.07,4.2,0,1554677541979,17489429,43
2019-04-07 22:53:00.905,2.9,sell,5181.32,BTC-26APR19-5250-P,71.27,0.071,2.9,0,1554677580905,17490110,44
2019-04-08 01:47:42.439,0.1,buy,5296.06,BTC-26APR19-5250-P,69.58,0.0575,0.1,2,1554688062439,17504139,45
2019-04-08 02:08:49.706,3.5,sell,5323.74,BTC-26APR19-5250-P,69.71,0.055,3.5,2,1554689329706,17504979,46
2019-04-08 03:50:14.814,2.0,buy,5248.99,BTC-26APR19-5250-P,72.42,0.0645,2.0,0,1554695414814,17511403,47
2019-04-08 03:51:32.165,2.0,buy,5258.92,BTC-26APR19-5250-P,72.42,0.0635,2.0,2,1554695492165,17511530,48
2019-04-08 09:27:48.263,0.7000000000000001,sell,5237.71,BTC-26APR19-5250-P,68.75,0.062,0.7000000000000001,2,1554715668263,17522799,49
2019-04-08 17:49:48.668,2.0,buy,5201.96,BTC-26APR19-5250-P,68.57,0.065,2.0,0,1554745788668,17537937,50
2019-04-08 18:38:32.423,10.0,buy,5214.35,BTC-26APR19-5250-P,65.57,0.061,10.0,2,1554748712423,17538756,51
2019-04-08 18:39:41.095,0.3,buy,5213.97,BTC-26APR19-5250-P,66.1,0.0615,0.3,0,1554748781095,17538768,52
2019-04-08 18:40:32.885,9.7,buy,5213.73,BTC-26APR19-5250-P,66.07,0.0615,9.7,1,1554748832885,17538800,53
2019-04-09 01:54:48.946,1.0,sell,5263.92,BTC-26APR19-5250-P,66.22,0.055999999999999994,1.0,2,1554774888946,17553810,54
2019-04-09 15:38:38.999,0.2,buy,5213.16,BTC-26APR19-5250-P,66.53,0.0605,0.2,0,1554824318999,17577626,55
2019-04-09 18:14:23.740,10.0,sell,5214.71,BTC-26APR19-5250-P,66.35,0.06,10.0,2,1554833663740,17579777,56
2019-04-09 19:57:28.858,10.0,sell,5213.71,BTC-26APR19-5250-P,64.02,0.057999999999999996,10.0,2,1554839848858,17580618,57
2019-04-10 07:35:39.182,0.1,sell,5259.46,BTC-26APR19-5250-P,61.6,0.0505,0.1,2,1554881739182,17594681,58
2019-04-10 07:35:44.681,0.1,sell,5259.4,BTC-26APR19-5250-P,60.99,0.05,0.1,2,1554881744681,17594685,59
2019-04-10 10:02:02.586,0.1,buy,5249.26,BTC-26APR19-5250-P,59.97,0.05,0.1,3,1554890522586,17596126,60
2019-04-10 15:05:01.891,1.0,buy,5269.63,BTC-26APR19-5250-P,59.77,0.0475,1.0,2,1554908701891,17602290,61
2019-04-10 15:29:17.235,12.0,sell,5265.76,BTC-26APR19-5250-P,55.71,0.0445,12.0,2,1554910157235,17602746,62
2019-04-10 15:31:28.396,12.0,sell,5264.44,BTC-26APR19-5250-P,54.95,0.044000000000000004,12.0,3,1554910288396,17602764,64
2019-04-10 15:31:28.396,5.2,sell,5264.44,BTC-26APR19-5250-P,54.95,0.044000000000000004,5.2,2,1554910288396,17602763,63
2019-04-10 15:31:36.991,12.0,sell,5264.92,BTC-26APR19-5250-P,53.79,0.043,12.0,2,1554910296991,17602766,65
2019-04-10 15:31:36.991,5.5,sell,5264.92,BTC-26APR19-5250-P,53.79,0.043,5.5,3,1554910296991,17602767,66
2019-04-10 15:31:42.674,12.0,sell,5264.44,BTC-26APR19-5250-P,53.13,0.0425,12.0,2,1554910302674,17602769,67
2019-04-10 15:31:42.674,4.2,sell,5264.44,BTC-26APR19-5250-P,53.13,0.0425,4.2,3,1554910302674,17602770,68
2019-04-10 15:31:51.710,5.0,sell,5264.85,BTC-26APR19-5250-P,51.97,0.0415,5.0,3,1554910311710,17602772,70
2019-04-10 15:31:51.710,12.0,sell,5264.85,BTC-26APR19-5250-P,51.97,0.0415,12.0,2,1554910311710,17602771,69
2019-04-10 15:32:01.133,12.0,sell,5264.66,BTC-26APR19-5250-P,51.34,0.040999999999999995,12.0,2,1554910321133,17602778,71
2019-04-10 15:38:08.308,12.0,sell,5268.47,BTC-26APR19-5250-P,51.79,0.040999999999999995,12.0,3,1554910688308,17602843,72
2019-04-10 15:38:13.954,0.1,sell,5268.06,BTC-26APR19-5250-P,51.13,0.0405,0.1,2,1554910693954,17602844,73
2019-04-10 15:38:13.954,12.0,sell,5268.06,BTC-26APR19-5250-P,51.13,0.0405,12.0,3,1554910693954,17602845,74
2019-04-10 15:38:39.806,0.4,sell,5267.07,BTC-26APR19-5250-P,49.81,0.0395,0.4,2,1554910719806,17602851,76
2019-04-10 15:38:39.806,9.8,sell,5267.07,BTC-26APR19-5250-P,50.41,0.04,9.8,2,1554910719806,17602850,75
2019-04-10 16:40:59.238,1.0,buy,5275.98,BTC-26APR19-5250-P,53.95,0.042,1.0,0,1554914459238,17605252,77
2019-04-10 18:31:46.933,0.1,sell,5375.46,BTC-26APR19-5250-P,56.83,0.0355,0.1,2,1554921106933,17612377,78
2019-04-10 18:37:44.978,3.9,buy,5438.37,BTC-26APR19-5250-P,59.79,0.033,3.9,2,1554921464978,17617900,79
2019-04-10 18:57:02.517,1.0,buy,5403.59,BTC-26APR19-5250-P,60.93,0.0365,1.0,0,1554922622517,17622337,80
2019-04-10 19:04:26.031,3.6,buy,5417.42,BTC-26APR19-5250-P,61.67,0.036000000000000004,3.6,2,1554923066031,17622647,81
2019-04-10 19:05:42.226,4.4,buy,5421.19,BTC-26APR19-5250-P,62.04,0.036000000000000004,4.4,3,1554923142226,17622772,82
2019-04-10 19:08:16.223,4.8,buy,5420.12,BTC-26APR19-5250-P,63.85,0.0375,4.8,0,1554923296223,17622887,83
2019-04-10 19:10:28.315,5.0,sell,5404.52,BTC-26APR19-5250-P,61.04,0.0365,5.0,2,1554923428315,17623056,84
2019-04-10 19:18:23.874,0.2,sell,5395.9,BTC-26APR19-5250-P,60.83,0.037000000000000005,0.2,0,1554923903874,17623908,85
2019-04-10 19:19:43.152,4.0,buy,5385.37,BTC-26APR19-5250-P,62.3,0.039,4.0,0,1554923983152,17624061,86
2019-04-10 19:44:05.407,5.0,sell,5420.3,BTC-26APR19-5250-P,62.0,0.036000000000000004,5.0,2,1554925445407,17625701,87
2019-04-10 21:56:06.110,4.1,buy,5288.79,BTC-26APR19-5250-P,64.41,0.049,4.1,0,1554933366110,17647290,88
2019-04-10 21:56:22.128,4.9,buy,5289.57,BTC-26APR19-5250-P,65.73,0.05,4.9,0,1554933382128,17647291,89
2019-04-10 21:56:29.629,4.3,buy,5290.48,BTC-26APR19-5250-P,66.45,0.0505,4.3,0,1554933389629,17647311,90
2019-04-10 22:28:23.195,1.0,sell,5280.16,BTC-26APR19-5250-P,62.22,0.048,1.0,2,1554935303195,17649029,91
2019-04-11 03:26:38.989,0.1,buy,5246.62,BTC-26APR19-5250-P,62.29,0.051,0.1,0,1554953198989,17659241,92
2019-04-11 03:34:39.094,0.1,buy,5222.92,BTC-26APR19-5250-P,61.78,0.053,0.1,0,1554953679094,17661039,93
2019-04-11 04:44:26.294,10.0,sell,5228.05,BTC-26APR19-5250-P,63.15,0.0535,10.0,0,1554957866294,17669042,94
2019-04-11 09:49:43.840,1.0,buy,5098.18,BTC-26APR19-5250-P,59.49,0.065,1.0,0,1554976183840,17678265,95
2019-04-11 09:54:02.190,1.0,buy,5032.31,BTC-26APR19-5250-P,61.27,0.075,1.0,0,1554976442190,17682217,96
2019-04-11 11:31:12.031,0.4,buy,5009.3,BTC-26APR19-5250-P,59.86,0.077,0.4,0,1554982272031,17693085,97
2019-04-11 11:31:32.542,0.4,buy,5001.43,BTC-26APR19-5250-P,58.39,0.077,0.4,1,1554982292542,17693325,98
2019-04-11 11:33:02.029,0.4,buy,4989.11,BTC-26APR19-5250-P,58.69,0.079,0.4,0,1554982382029,17694465,99
2019-04-11 15:12:07.316,0.1,sell,5063.27,BTC-26APR19-5250-P,65.09,0.0735,0.1,2,1554995527316,17704139,100
2019-04-12 01:20:07.002,0.6,buy,4981.49,BTC-26APR19-5250-P,58.34,0.079,0.6,0,1555032007002,17725504,101
