date_utc,amount,direction,indexPrice,instrument,iv,price,quantity,tickDirection,timeStamp,tradeId,tradeSeq
2019-02-16 01:00:10.794,0.1,sell,3573.01,BTC-27SEP19-3000-P,61.64,0.11,0.1,2,1550278810794,15403782,70
2019-02-17 15:34:42.387,1.0,sell,3573.68,BTC-27SEP19-3000-P,61.21,0.1075,1.0,2,1550417682387,15449187,71
2019-02-17 15:36:50.053,2.0,sell,3573.11,BTC-27SEP19-3000-P,61.26,0.1075,2.0,3,1550417810053,15449207,72
2019-02-17 20:11:50.514,5.0,sell,3573.82,BTC-27SEP19-3000-P,61.6,0.10800000000000001,5.0,0,1550434310514,15452319,73
2019-02-17 20:30:47.188,5.0,sell,3572.06,BTC-27SEP19-3000-P,61.4,0.1075,5.0,2,1550435447188,15452531,74
2019-02-18 00:56:53.117,1.0,sell,3649.54,BTC-27SEP19-3000-P,62.94,0.10300000000000001,1.0,2,1550451413117,15465804,75
2019-02-18 13:25:56.218,2.0,sell,3748.33,BTC-27SEP19-3000-P,61.36,0.09,2.0,2,1550496356218,15524716,76
2019-02-18 13:33:57.143,2.0,sell,3773.67,BTC-27SEP19-3000-P,61.34,0.08800000000000001,2.0,2,1550496837143,15527460,77
2019-02-19 00:21:43.836,10.0,buy,3903.84,BTC-27SEP19-3000-P,61.68,0.0755,10.0,2,1550535703836,15589820,78
2019-02-19 00:54:08.443,1.0,sell,3930.93,BTC-27SEP19-3000-P,61.71,0.0735,1.0,2,1550537648443,15596485,79
2019-02-19 01:42:27.412,1.0,sell,3856.66,BTC-27SEP19-3000-P,60.97,0.077,1.0,0,1550540547412,15601754,80
2019-02-19 01:48:16.730,2.0,sell,3844.88,BTC-27SEP19-3000-P,61.0,0.078,2.0,0,1550540896730,15602949,81
2019-02-19 09:38:00.446,10.0,buy,3881.42,BTC-27SEP19-3000-P,62.53,0.0785,10.0,0,1550569080446,15616639,82
2019-02-19 13:11:08.617,10.0,buy,3889.05,BTC-27SEP19-3000-P,62.35,0.0775,10.0,2,1550581868617,15624058,83
2019-02-20 19:58:16.385,5.0,sell,3924.0,BTC-27SEP19-3000-P,59.78,0.0695,5.0,2,1550692696385,15709499,84
2019-02-20 19:58:16.403,7.0,buy,3924.0,BTC-27SEP19-3000-P,57.51,0.0645,7.0,2,1550692696403,15709500,85
2019-02-21 09:40:50.833,10.0,buy,3906.55,BTC-27SEP19-3000-P,61.87,0.075,10.0,0,1550742050833,15736698,86
2019-02-21 11:07:34.640,10.0,sell,3895.67,BTC-27SEP19-3000-P,61.73,0.075,10.0,1,1550747254640,15739379,87
2019-02-21 11:16:36.051,3.5,buy,3883.87,BTC-27SEP19-3000-P,62.02,0.0765,3.5,0,1550747796051,15739817,88
2019-02-21 11:18:25.258,10.0,buy,3881.35,BTC-27SEP19-3000-P,62.18,0.077,10.0,0,1550747905258,15740200,89
2019-02-21 15:31:17.570,10.0,buy,3892.86,BTC-27SEP19-3000-P,61.93,0.0755,10.0,2,1550763077570,15745955,90
2019-02-21 16:04:40.580,10.0,buy,3896.34,BTC-27SEP19-3000-P,61.81,0.075,10.0,2,1550765080580,15746315,91
2019-02-21 16:20:37.734,1.0,buy,3884.48,BTC-27SEP19-3000-P,61.84,0.076,1.0,0,1550766037734,15746714,92
2019-02-22 01:46:50.303,10.0,sell,3902.26,BTC-27SEP19-3000-P,61.84,0.0745,10.0,2,1550800010303,15753276,93
2019-02-22 05:44:28.802,10.0,sell,3917.88,BTC-27SEP19-3000-P,60.87,0.0715,10.0,2,1550814268802,15756641,94
2019-02-22 05:45:35.476,1.0,buy,3917.23,BTC-27SEP19-3000-P,61.09,0.07200000000000001,1.0,0,1550814335476,15756644,95
2019-02-22 06:43:15.561,10.0,sell,3916.12,BTC-27SEP19-3000-P,61.0,0.07200000000000001,10.0,1,1550817795561,15757107,96
2019-02-22 07:47:59.533,10.0,buy,3890.8,BTC-27SEP19-3000-P,62.0,0.076,10.0,0,1550821679533,15759696,97
2019-02-22 08:19:27.479,4.0,sell,3896.58,BTC-27SEP19-3000-P,61.05,0.0735,4.0,2,1550823567479,15760675,98
2019-02-22 18:24:59.787,10.0,buy,3940.59,BTC-27SEP19-3000-P,62.52,0.0735,10.0,3,1550859899787,15785807,99
2019-02-23 03:59:42.132,12.0,buy,3943.09,BTC-27SEP19-3000-P,63.12,0.075,12.0,0,1550894382132,15793408,100
2019-02-23 06:55:34.637,3.0,sell,3928.35,BTC-27SEP19-3000-P,61.24,0.07200000000000001,3.0,2,1550904934637,15797073,101
2019-02-23 12:36:25.152,0.3,sell,3937.98,BTC-27SEP19-3000-P,62.56,0.07400000000000001,0.3,0,1550925385152,15802746,102
2019-02-23 12:36:37.546,0.3,sell,3938.01,BTC-27SEP19-3000-P,62.57,0.07400000000000001,0.3,1,1550925397546,15802759,103
2019-02-24 14:18:08.514,1.0,sell,3794.84,BTC-27SEP19-3000-P,100.05,0.1835,1.0,0,1551017888514,15903830,104
2019-02-24 14:18:20.635,1.0,sell,3796.19,BTC-27SEP19-3000-P,92.05,0.165,1.0,2,1551017900635,15904206,105
2019-02-24 14:18:48.027,1.0,sell,3822.0,BTC-27SEP19-3000-P,95.91,0.172,1.0,0,1551017928027,15905156,106
2019-02-24 14:19:09.412,1.0,sell,3824.47,BTC-27SEP19-3000-P,84.37,0.14400000000000002,1.0,2,1551017949412,15905659,107
2019-02-24 14:19:14.146,1.0,sell,3828.49,BTC-27SEP19-3000-P,85.75,0.147,1.0,0,1551017954146,15905727,108
2019-02-24 14:20:12.074,1.0,sell,3824.63,BTC-27SEP19-3000-P,79.94,0.1325,1.0,2,1551018012074,15906716,109
2019-02-24 14:24:26.234,4.0,buy,3839.35,BTC-27SEP19-3000-P,65.81,0.096,4.0,2,1551018266234,15910716,110
2019-02-24 14:44:25.659,0.4,sell,3817.21,BTC-27SEP19-3000-P,66.9,0.09699999999999999,0.4,0,1551019465659,15923453,111
2019-02-24 14:45:06.925,0.4,sell,3818.18,BTC-27SEP19-3000-P,66.44,0.096,0.4,2,1551019506925,15923701,112
2019-02-24 15:37:40.329,2.0,sell,3788.69,BTC-27SEP19-3000-P,60.62,0.0855,2.0,2,1551022660329,15935727,113
2019-02-24 22:45:40.967,1.0,buy,3763.45,BTC-27SEP19-3000-P,63.35,0.093,1.0,0,1551048340967,15963306,114
2019-02-25 02:37:54.211,4.0,sell,3760.96,BTC-27SEP19-3000-P,61.07,0.0865,4.0,2,1551062274211,15971373,115
2019-02-25 09:10:09.402,5.0,sell,3780.0,BTC-27SEP19-3000-P,61.08,0.0845,5.0,2,1551085809402,15981194,116
2019-02-25 09:10:35.393,5.0,sell,3780.02,BTC-27SEP19-3000-P,61.09,0.0845,5.0,3,1551085835393,15981195,117
2019-02-26 09:30:18.403,1.0,buy,3781.6,BTC-27SEP19-3000-P,62.55,0.0875,1.0,0,1551173418403,16025649,118
2019-02-26 14:36:42.500,2.0,sell,3815.38,BTC-27SEP19-3000-P,60.42,0.08,2.0,2,1551191802500,16033396,119
2019-02-27 21:22:23.168,0.6,buy,3740.12,BTC-27SEP19-3000-P,62.34,0.09,0.6,0,1551302543168,16078973,120
2019-03-05 14:32:12.909,2.0,sell,3830.55,BTC-27SEP19-3000-P,60.05,0.07400000000000001,2.0,2,1551796332909,16275967,121
2019-03-05 15:00:42.173,0.8,buy,3817.97,BTC-27SEP19-3000-P,61.77,0.079,0.8,0,1551798042173,16278833,122
2019-03-06 07:26:47.668,2.0,sell,3844.73,BTC-27SEP19-3000-P,60.93,0.0745,2.0,2,1551857207668,16307569,123
2019-03-06 13:43:23.915,2.0,sell,3840.85,BTC-27SEP19-3000-P,60.92,0.07400000000000001,2.0,2,1551879803915,16320785,124
2019-03-07 00:01:57.423,3.5,buy,3852.88,BTC-27SEP19-3000-P,61.6,0.075,3.5,0,1551916917423,16328895,125
2019-03-07 00:02:12.630,5.0,sell,3855.38,BTC-27SEP19-3000-P,61.8,0.075,5.0,1,1551916932630,16328959,126
2019-03-07 00:02:13.410,1.5,sell,3855.38,BTC-27SEP19-3000-P,61.81,0.075,1.5,1,1551916933410,16328960,127
2019-03-07 00:06:29.989,3.5,sell,3863.41,BTC-27SEP19-3000-P,61.61,0.07400000000000001,3.5,2,1551917189989,16329602,128
2019-03-07 00:07:03.022,3.5,buy,3863.97,BTC-27SEP19-3000-P,61.83,0.0745,3.5,0,1551917223022,16329643,129
2019-03-07 00:07:39.074,3.5,buy,3863.76,BTC-27SEP19-3000-P,61.82,0.0745,3.5,1,1551917259074,16329695,130
2019-03-07 08:47:47.949,2.0,buy,3847.94,BTC-27SEP19-3000-P,60.64,0.073,2.0,2,1551948467949,16345539,131
2019-03-07 13:52:38.591,10.0,sell,3858.71,BTC-27SEP19-3000-P,61.15,0.073,10.0,3,1551966758591,16352122,132
2019-03-07 15:23:10.141,2.0,sell,3873.15,BTC-27SEP19-3000-P,60.89,0.0715,2.0,2,1551972190141,16356458,133
2019-03-07 17:27:24.031,0.2,sell,3865.22,BTC-27SEP19-3000-P,60.76,0.0715,0.2,3,1551979644031,16359892,134
2019-03-07 17:28:06.069,0.1,sell,3864.45,BTC-27SEP19-3000-P,60.96,0.07200000000000001,0.1,0,1551979686069,16359902,135
2019-03-07 17:50:02.843,10.0,buy,3861.92,BTC-27SEP19-3000-P,61.08,0.0725,10.0,0,1551981002843,16360185,136
2019-03-07 19:28:39.029,10.0,buy,3872.1,BTC-27SEP19-3000-P,61.01,0.0715,10.0,2,1551986919029,16361429,137
2019-03-08 00:15:03.736,10.0,buy,3862.14,BTC-27SEP19-3000-P,61.11,0.0725,10.0,0,1552004103736,16364401,138
2019-03-08 04:47:19.246,10.0,sell,3866.84,BTC-27SEP19-3000-P,60.7,0.0715,10.0,2,1552020439246,16367621,139
2019-03-08 04:47:19.823,0.5,sell,3866.84,BTC-27SEP19-3000-P,60.7,0.0715,0.5,3,1552020439823,16367623,140
2019-03-08 06:20:30.932,10.0,buy,3879.32,BTC-27SEP19-3000-P,60.27,0.0695,10.0,2,1552026030932,16369148,141
2019-03-08 07:54:16.964,0.5,buy,3867.91,BTC-27SEP19-3000-P,62.17,0.0745,0.5,0,1552031656964,16377927,142
2019-03-08 07:55:08.033,0.5,buy,3868.17,BTC-27SEP19-3000-P,62.42,0.075,0.5,0,1552031708033,16377938,143
2019-03-08 08:09:51.542,0.1,buy,3868.91,BTC-27SEP19-3000-P,69.64,0.0915,0.1,0,1552032591542,16378258,144
2019-03-08 08:09:51.542,0.4,buy,3868.91,BTC-27SEP19-3000-P,165.73,0.3085,0.4,0,1552032591542,16378259,145
2019-03-08 08:09:53.585,0.5,buy,3868.91,BTC-27SEP19-3000-P,165.72,0.3085,0.5,1,1552032593585,16378260,146
2019-03-08 08:09:55.597,0.5,buy,3868.91,BTC-27SEP19-3000-P,165.7,0.3085,0.5,1,1552032595597,16378263,147
2019-03-08 23:08:30.892,0.1,sell,3835.2,BTC-27SEP19-3000-P,60.44,0.073,0.1,2,1552086510892,16406201,148
2019-03-09 14:33:06.790,0.1,sell,3913.09,BTC-27SEP19-3000-P,59.71,0.066,0.1,2,1552141986790,16429350,149
2019-03-10 20:34:50.517,0.4,sell,3893.91,BTC-27SEP19-3000-P,60.12,0.068,0.4,0,1552250090517,16466305,150
2019-03-11 05:18:19.759,0.1,buy,3888.33,BTC-27SEP19-3000-P,61.59,0.0715,0.1,0,1552281499759,16473936,151
2019-03-11 06:05:21.922,3.0,sell,3865.13,BTC-27SEP19-3000-P,60.47,0.071,3.0,2,1552284321922,16477488,152
2019-03-12 22:46:26.780,1.0,sell,3865.39,BTC-27SEP19-3000-P,60.63,0.0705,1.0,2,1552430786780,16525981,153
2019-03-14 00:03:05.460,0.3,sell,3848.68,BTC-27SEP19-3000-P,60.16,0.071,0.3,0,1552521785460,16546935,154
2019-03-14 10:21:56.136,0.3,buy,3844.14,BTC-27SEP19-3000-P,61.37,0.0735,0.3,0,1552558916136,16552143,155
