date_utc,amount,direction,indexPrice,instrument,iv,price,quantity,tickDirection,timeStamp,tradeId,tradeSeq
2019-05-03 11:08:16.257,1.0,sell,5686.57,BTC-31MAY19-6250-P,59.69,0.1295,1.0,1,1556881696257,18667134,1
2019-05-04 01:54:59.934,0.3,buy,5809.8,BTC-31MAY19-6250-P,62.15,0.1145,0.3,2,1556934899934,18733809,2
2019-05-04 01:55:00.002,0.3,buy,5809.8,BTC-31MAY19-6250-P,62.15,0.1145,0.3,3,1556934900002,18733814,3
2019-05-04 01:55:03.230,0.3,buy,5810.82,BTC-31MAY19-6250-P,61.31,0.1135,0.3,2,1556934903230,18734072,4
2019-05-07 10:30:27.325,0.1,sell,5902.52,BTC-31MAY19-6250-P,62.31,0.099,0.1,2,1557225027325,19038060,5
2019-05-07 14:13:32.083,0.1,buy,5816.84,BTC-31MAY19-6250-P,64.93,0.11199999999999999,0.1,0,1557238412083,19053494,6
2019-05-07 23:57:25.264,0.3,buy,5765.37,BTC-31MAY19-6250-P,71.59,0.1245,0.3,0,1557273445264,19099995,7
2019-05-07 23:57:25.451,1.4,buy,5765.37,BTC-31MAY19-6250-P,72.12,0.125,1.4,0,1557273445451,19100027,8
2019-05-07 23:57:25.470,3.1,buy,5765.37,BTC-31MAY19-6250-P,72.12,0.125,3.1,1,1557273445470,19100029,9
2019-05-07 23:57:25.478,5.1000000000000005,buy,5765.37,BTC-31MAY19-6250-P,72.12,0.125,5.1000000000000005,1,1557273445478,19100031,10
2019-05-07 23:57:54.121,0.3,buy,5752.57,BTC-31MAY19-6250-P,72.43,0.127,0.3,0,1557273474121,19100961,11
2019-05-09 11:23:46.521,1.0,buy,6028.79,BTC-31MAY19-6250-P,70.12,0.0895,1.0,2,1557401026521,19235652,12
2019-05-09 11:56:09.751,0.1,buy,6033.5,BTC-31MAY19-6250-P,70.15,0.08900000000000001,0.1,2,1557402969751,19236791,13
2019-05-09 17:41:04.060,3.0,sell,6050.01,BTC-31MAY19-6250-P,65.59,0.0825,3.0,2,1557423664060,19256094,14
2019-05-09 18:16:57.191,14.4,buy,6041.07,BTC-31MAY19-6250-P,66.22,0.084,14.4,0,1557425817191,19257925,15
2019-05-09 18:47:30.888,0.6,buy,6049.55,BTC-31MAY19-6250-P,67.17,0.084,0.6,1,1557427650888,19258823,16
2019-05-09 21:58:28.457,0.2,buy,6107.71,BTC-31MAY19-6250-P,68.31,0.079,0.2,2,1557439108457,19271200,17
2019-05-09 21:58:28.457,0.3,buy,6107.71,BTC-31MAY19-6250-P,68.31,0.079,0.3,3,1557439108457,19271201,18
2019-05-09 21:58:28.457,1.5,buy,6107.71,BTC-31MAY19-6250-P,69.35,0.08,1.5,0,1557439108457,19271202,19
2019-05-10 00:53:03.107,0.2,buy,6131.81,BTC-31MAY19-6250-P,66.79,0.075,0.2,2,1557449583107,19283350,20
2019-05-10 00:53:03.107,0.1,buy,6131.81,BTC-31MAY19-6250-P,70.42,0.0785,0.1,0,1557449583107,19283351,21
2019-05-10 02:42:23.680,0.4,sell,6239.37,BTC-31MAY19-6250-P,65.13,0.0635,0.4,2,1557456143680,19296877,22
2019-05-10 02:59:59.448,0.2,buy,6223.96,BTC-31MAY19-6250-P,65.85,0.0655,0.2,0,1557457199448,19300219,23
2019-05-10 03:19:05.293,0.2,buy,6302.93,BTC-31MAY19-6250-P,69.14,0.062,0.2,2,1557458345293,19304804,24
2019-05-10 03:21:52.021,0.2,buy,6285.91,BTC-31MAY19-6250-P,69.26,0.0635,0.2,0,1557458512021,19305849,25
2019-05-10 03:21:52.021,0.3,buy,6285.91,BTC-31MAY19-6250-P,69.26,0.0635,0.3,1,1557458512021,19305850,26
2019-05-10 03:26:13.963,0.3,buy,6296.11,BTC-31MAY19-6250-P,67.52,0.061,0.3,2,1557458773963,19306733,27
2019-05-10 03:26:31.119,0.3,sell,6296.21,BTC-31MAY19-6250-P,64.91,0.0585,0.3,2,1557458791119,19306740,28
2019-05-10 03:26:31.122,1.7,buy,6296.21,BTC-31MAY19-6250-P,64.91,0.0585,1.7,3,1557458791122,19306741,29
2019-05-10 03:38:19.069,0.2,buy,6286.3,BTC-31MAY19-6250-P,69.32,0.0635,0.2,0,1557459499069,19309238,30
2019-05-10 03:38:19.069,2.8000000000000003,buy,6286.3,BTC-31MAY19-6250-P,69.32,0.0635,2.8000000000000003,1,1557459499069,19309239,31
2019-05-10 03:42:26.469,0.2,buy,6257.59,BTC-31MAY19-6250-P,66.82,0.0635,0.2,1,1557459746469,19309768,32
2019-05-10 04:08:25.903,0.3,buy,6242.45,BTC-31MAY19-6250-P,67.07,0.065,0.3,0,1557461305903,19312905,33
2019-05-10 08:11:50.849,1.0,buy,6297.41,BTC-31MAY19-6250-P,67.42,0.0605,1.0,2,1557475910849,19337580,34
2019-05-10 13:56:15.781,0.3,buy,6265.19,BTC-31MAY19-6250-P,71.87,0.067,0.3,0,1557496575781,19358990,35
2019-05-10 16:54:20.273,3.0,buy,6401.94,BTC-31MAY19-6250-P,69.09,0.0535,3.0,2,1557507260273,19379552,36
2019-05-10 18:30:22.889,15.0,sell,6403.09,BTC-31MAY19-6250-P,68.75,0.053,15.0,2,1557513022889,19389530,37
2019-05-10 21:06:10.726,0.4,sell,6297.3,BTC-31MAY19-6250-P,67.23,0.0595,0.4,0,1557522370726,19407030,38
2019-05-10 21:06:10.728,2.6,buy,6297.3,BTC-31MAY19-6250-P,66.16,0.0585,2.6,2,1557522370728,19407031,39
2019-05-10 22:38:08.560,0.4,sell,6353.88,BTC-31MAY19-6250-P,66.72,0.0545,0.4,2,1557527888560,19412456,40
2019-05-11 01:52:55.872,0.1,sell,6445.35,BTC-31MAY19-6250-P,69.25,0.05,0.1,2,1557539575872,19422856,41
2019-05-11 02:09:26.257,0.4,buy,6477.58,BTC-31MAY19-6250-P,71.13,0.0495,0.4,2,1557540566257,19426735,42
2019-05-11 02:22:50.409,0.4,buy,6475.19,BTC-31MAY19-6250-P,71.53,0.05,0.4,0,1557541370409,19428436,43
2019-05-11 02:27:54.232,2.0,buy,6471.51,BTC-31MAY19-6250-P,72.37,0.051,2.0,0,1557541674232,19428824,44
2019-05-11 02:35:40.230,2.2,sell,6450.32,BTC-31MAY19-6250-P,72.44,0.0525,2.2,0,1557542140230,19429741,45
2019-05-11 06:22:42.990,0.4,buy,6885.8,BTC-31MAY19-6250-P,71.01,0.0275,0.4,2,1557555762990,19491437,46
2019-05-11 06:23:01.249,0.4,buy,6906.95,BTC-31MAY19-6250-P,70.13,0.026000000000000002,0.4,2,1557555781249,19491947,47
2019-05-11 06:23:02.409,0.4,buy,6906.59,BTC-31MAY19-6250-P,70.11,0.026000000000000002,0.4,3,1557555782409,19491965,48
2019-05-11 06:49:40.248,0.2,sell,6777.19,BTC-31MAY19-6250-P,69.47,0.031,0.2,0,1557557380248,19514172,49
2019-05-11 06:58:15.144,0.8,sell,6830.38,BTC-31MAY19-6250-P,72.55,0.031,0.8,1,1557557895144,19517223,50
2019-05-11 07:50:23.435,0.1,buy,6789.68,BTC-31MAY19-6250-P,77.8,0.037000000000000005,0.1,0,1557561023435,19528438,51
2019-05-11 09:49:03.724,1.0,buy,6788.49,BTC-31MAY19-6250-P,78.52,0.0375,1.0,0,1557568143724,19545832,52
2019-05-11 10:02:43.614,1.0,sell,6813.72,BTC-31MAY19-6250-P,70.54,0.03,1.0,2,1557568963614,19547112,53
2019-05-11 15:47:52.688,1.0,buy,6887.28,BTC-31MAY19-6250-P,79.74,0.0335,1.0,0,1557589672688,19584314,54
2019-05-11 16:04:21.980,5.0,sell,6903.86,BTC-31MAY19-6250-P,76.08,0.03,5.0,2,1557590661980,19591669,55
2019-05-11 20:51:09.808,1.0,sell,6974.52,BTC-31MAY19-6250-P,80.37,0.03,1.0,3,1557607869808,19637886,56
2019-05-11 20:51:14.413,1.0,sell,6973.83,BTC-31MAY19-6250-P,79.64,0.0295,1.0,2,1557607874413,19637887,57
2019-05-11 22:01:02.248,0.4,sell,7100.16,BTC-31MAY19-6250-P,82.87,0.027000000000000003,0.4,2,1557612062248,19647601,58
2019-05-11 22:05:04.349,0.4,sell,7170.97,BTC-31MAY19-6250-P,86.45,0.027000000000000003,0.4,3,1557612304349,19650668,59
2019-05-11 22:05:08.096,0.2,sell,7171.99,BTC-31MAY19-6250-P,86.51,0.027000000000000003,0.2,3,1557612308096,19650748,60
2019-05-11 22:05:38.202,0.4,sell,7210.08,BTC-31MAY19-6250-P,87.65,0.0265,0.4,2,1557612338202,19652558,61
2019-05-11 22:05:38.390,0.4,sell,7210.08,BTC-31MAY19-6250-P,87.65,0.0265,0.4,3,1557612338390,19652587,62
2019-05-11 22:05:40.726,0.2,sell,7209.07,BTC-31MAY19-6250-P,87.6,0.0265,0.2,3,1557612340726,19652798,63
2019-05-11 22:06:05.296,0.4,sell,7213.61,BTC-31MAY19-6250-P,86.31,0.0255,0.4,2,1557612365296,19653777,64
2019-05-11 22:06:05.791,0.4,sell,7213.61,BTC-31MAY19-6250-P,86.31,0.0255,0.4,3,1557612365791,19653785,65
2019-05-11 22:20:01.407,0.1,buy,7138.52,BTC-31MAY19-6250-P,87.76,0.028999999999999998,0.1,0,1557613201407,19662172,66
2019-05-11 23:13:20.758,0.1,sell,7395.54,BTC-31MAY19-6250-P,102.16,0.03,0.1,0,1557616400758,19699745,67
2019-05-12 00:31:38.165,0.4,sell,7136.63,BTC-31MAY19-6250-P,104.72,0.040999999999999995,0.4,0,1557621098165,19745588,68
2019-05-12 00:32:44.632,0.4,buy,7056.21,BTC-31MAY19-6250-P,103.51,0.0435,0.4,0,1557621164632,19747831,69
2019-05-12 00:32:44.632,0.4,buy,7056.21,BTC-31MAY19-6250-P,150.22,0.08,0.4,0,1557621164632,19747832,70
2019-05-12 00:54:16.317,0.4,buy,7095.33,BTC-31MAY19-6250-P,108.48,0.0455,0.4,2,1557622456317,19764633,71
2019-05-12 01:03:05.418,0.4,buy,7084.41,BTC-31MAY19-6250-P,109.19,0.0465,0.4,0,1557622985418,19768269,72
2019-05-12 01:03:11.455,0.4,buy,7081.13,BTC-31MAY19-6250-P,108.99,0.0465,0.4,1,1557622991455,19768289,73
2019-05-12 05:42:32.164,0.2,buy,7340.84,BTC-31MAY19-6250-P,100.19,0.03,0.2,2,1557639752164,19814425,74
2019-05-12 06:45:24.157,0.4,sell,7377.55,BTC-31MAY19-6250-P,102.11,0.03,0.4,3,1557643524157,19826170,75
2019-05-12 07:35:43.691,0.4,sell,7512.2,BTC-31MAY19-6250-P,102.21,0.026000000000000002,0.4,2,1557646543691,19837303,76
2019-05-12 07:46:01.556,0.2,sell,7510.64,BTC-31MAY19-6250-P,101.33,0.0255,0.2,2,1557647161556,19839931,77
2019-05-12 07:46:01.556,1.0,sell,7510.64,BTC-31MAY19-6250-P,100.49,0.025,1.0,2,1557647161556,19839932,78
2019-05-12 07:46:42.313,0.4,sell,7510.84,BTC-31MAY19-6250-P,97.98,0.0235,0.4,2,1557647202313,19840036,79
2019-05-12 07:46:44.381,0.4,buy,7510.84,BTC-31MAY19-6250-P,97.98,0.0235,0.4,3,1557647204381,19840056,80
2019-05-12 07:46:44.418,0.4,buy,7510.84,BTC-31MAY19-6250-P,97.98,0.0235,0.4,3,1557647204418,19840058,81
2019-05-12 07:46:44.445,0.4,buy,7510.84,BTC-31MAY19-6250-P,97.98,0.0235,0.4,3,1557647204445,19840060,82
2019-05-12 07:46:44.956,0.4,buy,7511.58,BTC-31MAY19-6250-P,98.01,0.0235,0.4,3,1557647204956,19840062,83
2019-05-12 07:46:44.983,0.4,buy,7511.58,BTC-31MAY19-6250-P,98.01,0.0235,0.4,3,1557647204983,19840063,84
2019-05-12 07:46:45.013,0.4,buy,7511.58,BTC-31MAY19-6250-P,98.01,0.0235,0.4,3,1557647205013,19840064,85
2019-05-12 07:46:45.491,0.4,buy,7511.58,BTC-31MAY19-6250-P,98.01,0.0235,0.4,3,1557647205491,19840065,86
2019-05-12 07:46:46.151,0.4,buy,7511.86,BTC-31MAY19-6250-P,98.02,0.0235,0.4,3,1557647206151,19840066,87
2019-05-12 07:46:46.778,0.4,buy,7511.86,BTC-31MAY19-6250-P,98.02,0.0235,0.4,3,1557647206778,19840067,88
2019-05-12 07:46:47.303,0.4,buy,7511.86,BTC-31MAY19-6250-P,98.02,0.0235,0.4,3,1557647207303,19840068,89
2019-05-12 07:46:47.912,0.4,buy,7511.86,BTC-31MAY19-6250-P,98.02,0.0235,0.4,3,1557647207912,19840079,90
2019-05-12 07:46:47.951,0.4,buy,7511.86,BTC-31MAY19-6250-P,98.02,0.0235,0.4,3,1557647207951,19840080,91
2019-05-12 07:46:47.966,0.4,buy,7511.86,BTC-31MAY19-6250-P,98.02,0.0235,0.4,3,1557647207966,19840081,92
2019-05-12 07:46:47.979,0.4,buy,7511.86,BTC-31MAY19-6250-P,98.02,0.0235,0.4,3,1557647207979,19840082,93
2019-05-12 07:46:48.573,0.4,buy,7511.86,BTC-31MAY19-6250-P,98.02,0.0235,0.4,3,1557647208573,19840083,94
2019-05-12 07:48:57.763,0.4,sell,7515.7,BTC-31MAY19-6250-P,93.0,0.0205,0.4,2,1557647337763,19840536,95
2019-05-12 07:49:01.766,0.4,buy,7514.44,BTC-31MAY19-6250-P,92.06,0.02,0.4,2,1557647341766,19840557,96
2019-05-12 07:49:10.722,0.4,buy,7518.05,BTC-31MAY19-6250-P,92.22,0.02,0.4,3,1557647350722,19840590,97
2019-05-12 07:49:10.852,0.4,buy,7517.59,BTC-31MAY19-6250-P,92.2,0.02,0.4,3,1557647350852,19840591,98
2019-05-12 07:49:10.886,0.4,buy,7517.59,BTC-31MAY19-6250-P,92.2,0.02,0.4,3,1557647350886,19840592,99
2019-05-12 07:49:10.907,0.4,buy,7517.59,BTC-31MAY19-6250-P,92.2,0.02,0.4,3,1557647350907,19840593,100
2019-05-12 07:49:14.026,0.4,buy,7518.88,BTC-31MAY19-6250-P,92.25,0.02,0.4,3,1557647354026,19840601,101
2019-05-12 07:49:14.078,0.4,buy,7518.88,BTC-31MAY19-6250-P,92.25,0.02,0.4,3,1557647354078,19840602,102
2019-05-12 07:49:14.110,0.4,buy,7518.88,BTC-31MAY19-6250-P,92.25,0.02,0.4,3,1557647354110,19840603,103
2019-05-12 07:49:14.534,6.4,buy,7518.88,BTC-31MAY19-6250-P,92.25,0.02,6.4,3,1557647354534,19840604,104
2019-05-12 07:49:38.073,0.4,sell,7521.79,BTC-31MAY19-6250-P,92.38,0.02,0.4,3,1557647378073,19840672,105
2019-05-12 07:49:41.847,0.4,buy,7523.65,BTC-31MAY19-6250-P,92.46,0.02,0.4,3,1557647381847,19840679,106
2019-05-12 07:49:41.905,0.4,buy,7523.65,BTC-31MAY19-6250-P,92.46,0.02,0.4,3,1557647381905,19840680,107
2019-05-12 07:49:41.937,0.4,buy,7523.65,BTC-31MAY19-6250-P,92.46,0.02,0.4,3,1557647381937,19840681,108
2019-05-12 07:49:42.389,0.4,buy,7523.65,BTC-31MAY19-6250-P,92.46,0.02,0.4,3,1557647382389,19840682,109
2019-05-12 07:49:43.089,0.4,buy,7523.92,BTC-31MAY19-6250-P,92.47,0.02,0.4,3,1557647383089,19840684,110
2019-05-12 07:49:46.151,0.4,buy,7524.47,BTC-31MAY19-6250-P,92.5,0.02,0.4,3,1557647386151,19840689,111
2019-05-12 07:49:46.187,0.4,buy,7524.47,BTC-31MAY19-6250-P,92.5,0.02,0.4,3,1557647386187,19840690,112
2019-05-12 07:49:46.202,0.4,buy,7524.47,BTC-31MAY19-6250-P,92.5,0.02,0.4,3,1557647386202,19840691,113
2019-05-12 07:49:46.223,0.4,buy,7524.47,BTC-31MAY19-6250-P,92.5,0.02,0.4,3,1557647386223,19840692,114
2019-05-12 07:49:46.265,0.4,buy,7524.47,BTC-31MAY19-6250-P,92.5,0.02,0.4,3,1557647386265,19840693,115
2019-05-12 07:49:46.729,0.4,buy,7524.47,BTC-31MAY19-6250-P,92.5,0.02,0.4,3,1557647386729,19840694,116
2019-05-12 07:49:46.761,0.4,buy,7524.47,BTC-31MAY19-6250-P,92.5,0.02,0.4,3,1557647386761,19840695,117
2019-05-12 07:49:46.782,0.4,buy,7524.47,BTC-31MAY19-6250-P,92.5,0.02,0.4,3,1557647386782,19840696,118
2019-05-12 07:49:46.810,0.4,buy,7524.23,BTC-31MAY19-6250-P,92.49,0.02,0.4,3,1557647386810,19840697,119
2019-05-12 07:49:47.387,0.4,buy,7524.23,BTC-31MAY19-6250-P,92.49,0.02,0.4,3,1557647387387,19840698,120
2019-05-12 07:49:47.424,0.4,buy,7524.23,BTC-31MAY19-6250-P,92.49,0.02,0.4,3,1557647387424,19840699,121
2019-05-12 07:49:47.447,0.4,buy,7524.23,BTC-31MAY19-6250-P,92.49,0.02,0.4,3,1557647387447,19840700,122
2019-05-12 07:49:47.461,0.4,buy,7524.23,BTC-31MAY19-6250-P,92.49,0.02,0.4,3,1557647387461,19840701,123
2019-05-12 07:49:51.519,0.4,buy,7525.45,BTC-31MAY19-6250-P,92.54,0.02,0.4,3,1557647391519,19840708,124
2019-05-12 07:49:51.535,0.4,buy,7525.45,BTC-31MAY19-6250-P,92.54,0.02,0.4,3,1557647391535,19840711,125
2019-05-12 07:49:51.562,0.4,buy,7525.45,BTC-31MAY19-6250-P,92.54,0.02,0.4,3,1557647391562,19840720,126
2019-05-12 07:49:51.579,0.4,buy,7525.45,BTC-31MAY19-6250-P,92.54,0.02,0.4,3,1557647391579,19840721,127
2019-05-12 07:49:51.592,0.4,buy,7525.45,BTC-31MAY19-6250-P,92.54,0.02,0.4,3,1557647391592,19840722,128
2019-05-12 07:49:51.605,0.4,buy,7525.45,BTC-31MAY19-6250-P,92.54,0.02,0.4,3,1557647391605,19840723,129
2019-05-12 07:49:51.630,0.4,buy,7525.45,BTC-31MAY19-6250-P,92.54,0.02,0.4,3,1557647391630,19840724,130
2019-05-12 07:49:51.707,0.4,buy,7525.45,BTC-31MAY19-6250-P,92.54,0.02,0.4,3,1557647391707,19840725,131
2019-05-12 07:49:51.739,0.4,buy,7525.45,BTC-31MAY19-6250-P,92.54,0.02,0.4,3,1557647391739,19840726,132
2019-05-12 07:49:52.113,0.4,buy,7525.3,BTC-31MAY19-6250-P,92.53,0.02,0.4,3,1557647392113,19840731,133
2019-05-12 07:49:52.660,0.4,buy,7525.3,BTC-31MAY19-6250-P,92.53,0.02,0.4,3,1557647392660,19840732,134
2019-05-12 07:49:53.357,0.4,buy,7525.79,BTC-31MAY19-6250-P,92.55,0.02,0.4,3,1557647393357,19840733,135
