date_utc,amount,direction,indexPrice,instrument,iv,price,quantity,tickDirection,timeStamp,tradeId,tradeSeq
2019-06-07 08:25:12.732,0.5,buy,7996.17,BTC-14JUN19-8250-P,66.95,0.0555,0.5,1,1559895912732,23579160,1
2019-06-07 08:32:29.734,8.0,buy,7985.94,BTC-14JUN19-8250-P,68.18,0.057,8.0,0,1559896349734,23579561,2
2019-06-08 06:18:35.997,0.6,buy,7946.83,BTC-14JUN19-8250-P,70.27,0.059000000000000004,0.6,0,1559974715997,23645770,3
2019-06-08 08:26:35.613,0.6,buy,7951.46,BTC-14JUN19-8250-P,72.68,0.0595,0.6,0,1559982395613,23649461,4
2019-06-08 08:26:50.959,0.6,buy,7951.46,BTC-14JUN19-8250-P,72.68,0.0595,0.6,1,1559982410959,23649486,5
2019-06-08 12:22:12.646,0.1,buy,7952.69,BTC-14JUN19-8250-P,64.33,0.055,0.1,2,1559996532646,23655906,6
2019-06-08 15:07:50.779,0.8,buy,7937.83,BTC-14JUN19-8250-P,69.69,0.0585,0.8,0,1560006470779,23661239,7
2019-06-10 05:59:32.077,0.4,sell,7640.31,BTC-14JUN19-8250-P,85.02,0.09,0.4,0,1560146372077,23801584,8
2019-06-10 11:34:29.893,0.1,sell,7971.92,BTC-14JUN19-8250-P,74.34,0.0515,0.1,2,1560166469893,23828009,9
2019-06-10 12:03:42.260,0.1,sell,8019.9,BTC-14JUN19-8250-P,69.78,0.0455,0.1,2,1560168222260,23837936,10
2019-06-11 16:51:03.854,0.6,sell,7833.82,BTC-14JUN19-8250-P,67.51,0.059000000000000004,0.6,0,1560271863854,23943028,11
2019-06-11 16:52:48.138,0.6,buy,7856.69,BTC-14JUN19-8250-P,75.53,0.0585,0.6,2,1560271968138,23944465,12
2019-06-12 12:18:56.194,1.0,sell,8050.53,BTC-14JUN19-8250-P,60.92,0.0325,1.0,2,1560341936194,24002171,13
2019-06-12 12:21:23.624,1.0,buy,8028.22,BTC-14JUN19-8250-P,60.57,0.0345,1.0,0,1560342083624,24002628,14
2019-06-12 12:38:21.917,1.0,buy,8000.63,BTC-14JUN19-8250-P,62.19,0.0375,1.0,0,1560343101917,24003583,15
2019-06-12 15:10:35.117,0.1,sell,8095.08,BTC-14JUN19-8250-P,62.83,0.0285,0.1,2,1560352235117,24013216,16
2019-06-12 15:10:35.597,5.4,sell,8103.38,BTC-14JUN19-8250-P,65.61,0.0285,5.4,3,1560352235597,24013313,17
2019-06-12 15:10:35.645,0.1,sell,8103.38,BTC-14JUN19-8250-P,65.61,0.0285,0.1,3,1560352235645,24013322,18
2019-06-12 15:57:36.780,1.0,sell,8197.8,BTC-14JUN19-8250-P,65.18,0.021,1.0,2,1560355056780,24028349,19
2019-06-12 16:07:48.081,1.0,buy,8181.65,BTC-14JUN19-8250-P,68.55,0.023,1.0,0,1560355668081,24029181,20
2019-06-12 16:07:48.081,0.1,buy,8181.65,BTC-14JUN19-8250-P,68.55,0.023,0.1,1,1560355668081,24029182,21
2019-06-12 20:26:55.243,1.0,sell,8118.14,BTC-14JUN19-8250-P,81.51,0.03,1.0,0,1560371215243,24039662,22
2019-06-13 04:10:51.129,0.1,buy,8115.62,BTC-14JUN19-8250-P,84.23,0.0285,0.1,2,1560399051129,24052928,23
2019-06-13 09:00:02.799,0.5,buy,8132.65,BTC-14JUN19-8250-P,76.47,0.024,0.5,2,1560416402799,24058028,24
2019-06-13 13:01:09.466,1.0,sell,8120.63,BTC-14JUN19-8250-P,69.52,0.0225,1.0,2,1560430869466,24069471,25
2019-06-13 13:02:07.976,0.3,sell,8134.21,BTC-14JUN19-8250-P,70.49,0.0215,0.3,2,1560430927976,24069615,26
2019-06-13 13:02:19.833,0.7000000000000001,sell,8139.07,BTC-14JUN19-8250-P,72.85,0.0215,0.7000000000000001,3,1560430939833,24069673,27
2019-06-13 13:04:49.846,1.0,sell,8153.36,BTC-14JUN19-8250-P,73.84,0.0205,1.0,2,1560431089846,24070211,28
2019-06-13 13:32:32.261,0.6,buy,8181.58,BTC-14JUN19-8250-P,70.08,0.0175,0.6,2,1560432752261,24073995,29
2019-06-13 14:47:40.066,0.6,sell,8176.65,BTC-14JUN19-8250-P,61.58,0.016,0.6,2,1560437260066,24076416,30
2019-06-13 14:47:47.055,0.4,buy,8176.69,BTC-14JUN19-8250-P,61.6,0.016,0.4,3,1560437267055,24076418,31
2019-06-13 15:57:45.302,0.6,buy,8184.97,BTC-14JUN19-8250-P,73.72,0.017,0.6,0,1560441465302,24081816,32
2019-06-13 19:02:15.495,0.6,sell,8289.5,BTC-14JUN19-8250-P,60.0,0.006999999999999999,0.6,2,1560452535495,24090485,33
2019-06-13 19:15:42.677,5.0,sell,8250.28,BTC-14JUN19-8250-P,52.71,0.008,5.0,0,1560453342677,24091415,34
2019-06-13 19:15:42.677,0.6,sell,8250.28,BTC-14JUN19-8250-P,52.71,0.008,0.6,1,1560453342677,24091416,35
2019-06-13 19:15:42.680,4.4,buy,8250.28,BTC-14JUN19-8250-P,52.71,0.008,4.4,1,1560453342680,24091417,36
2019-06-13 21:12:38.227,0.1,sell,8295.42,BTC-14JUN19-8250-P,53.15,0.005,0.1,2,1560460358227,24095366,37
2019-06-13 21:58:55.618,0.1,sell,8329.46,BTC-14JUN19-8250-P,58.6,0.004,0.1,2,1560463135618,24099077,38
2019-06-13 22:15:48.750,0.1,sell,8315.56,BTC-14JUN19-8250-P,79.07,0.006999999999999999,0.1,0,1560464148750,24100610,39
2019-06-13 22:48:45.474,0.5,buy,8251.87,BTC-14JUN19-8250-P,62.82,0.008,0.5,0,1560466125474,24102463,40
2019-06-13 23:36:17.129,5.0,sell,8211.87,BTC-14JUN19-8250-P,84.93,0.013,5.0,0,1560468977129,24105070,41
