date_utc,amount,direction,indexPrice,instrument,iv,price,quantity,tickDirection,timeStamp,tradeId,tradeSeq
2019-03-26 08:42:49.298,1.0,sell,133.02,ETH-28JUN19-240-C,73.06,0.012,1.0,1,1553589769298,152857,1
2019-03-26 08:42:56.351,9.0,sell,133.01,ETH-28JUN19-240-C,73.07,0.012,9.0,1,1553589776351,152858,2
2019-03-26 08:43:59.105,5.0,sell,133.02,ETH-28JUN19-240-C,73.08,0.012,5.0,1,1553589839105,152868,3
2019-03-28 15:18:12.023,109.0,sell,137.88,ETH-28JUN19-240-C,69.15,0.011,109.0,2,1553786292023,186309,4
2019-03-28 20:41:43.474,99.0,sell,136.94,ETH-28JUN19-240-C,68.48,0.01,99.0,2,1553805703474,188402,5
2019-04-02 08:14:02.452,3.0,buy,152.62,ETH-28JUN19-240-C,68.53,0.018000000000000002,3.0,0,1554192842452,278664,6
2019-04-03 02:52:53.409,468.0,buy,176.87,ETH-28JUN19-240-C,75.8,0.053,468.0,0,1554259973409,348623,7
2019-04-03 19:27:24.887,20.0,buy,174.48,ETH-28JUN19-240-C,78.17,0.056,20.0,0,1554319644887,395416,8
2019-04-03 19:27:25.149,5.0,sell,174.48,ETH-28JUN19-240-C,77.56,0.055,5.0,2,1554319645149,395417,9
2019-04-04 15:34:40.839,60.0,buy,160.45,ETH-28JUN19-240-C,87.95,0.051,60.0,2,1554392080839,444105,10
2019-04-04 15:35:05.309,40.0,buy,160.32,ETH-28JUN19-240-C,88.65,0.052000000000000005,40.0,0,1554392105309,444113,11
2019-04-04 17:03:01.704,100.0,buy,156.26,ETH-28JUN19-240-C,88.37,0.047,100.0,2,1554397381704,448042,12
2019-04-06 22:55:36.401,1.0,buy,164.73,ETH-28JUN19-240-C,84.9,0.051,1.0,0,1554591336401,528769,13
2019-04-08 02:49:55.956,48.0,buy,183.73,ETH-28JUN19-240-C,81.87,0.076,48.0,0,1554691795956,601736,14
2019-04-08 02:49:56.356,48.0,sell,183.73,ETH-28JUN19-240-C,81.87,0.076,48.0,1,1554691796356,601741,15
2019-04-08 02:59:42.913,48.0,buy,182.66,ETH-28JUN19-240-C,84.88,0.081,48.0,0,1554692382913,602895,16
2019-04-08 02:59:43.291,48.0,buy,182.66,ETH-28JUN19-240-C,84.88,0.081,48.0,1,1554692383291,602912,17
2019-04-08 02:59:43.388,16.0,buy,182.66,ETH-28JUN19-240-C,84.88,0.081,16.0,1,1554692383388,602921,18
2019-04-08 02:59:43.394,32.0,sell,182.66,ETH-28JUN19-240-C,85.44,0.08199999999999999,32.0,0,1554692383394,602922,19
2019-04-08 02:59:43.478,48.0,sell,182.66,ETH-28JUN19-240-C,85.44,0.08199999999999999,48.0,1,1554692383478,602933,20
2019-04-08 07:13:59.240,48.0,buy,179.91,ETH-28JUN19-240-C,82.62,0.07,48.0,2,1554707639240,616029,21
2019-04-09 11:09:50.022,72.0,buy,177.53,ETH-28JUN19-240-C,81.36,0.064,72.0,2,1554808190022,695038,22
2019-04-09 14:55:03.680,72.0,buy,177.26,ETH-28JUN19-240-C,78.1,0.057,72.0,2,1554821703680,701515,23
2019-04-09 15:21:10.903,72.0,sell,177.63,ETH-28JUN19-240-C,75.61,0.054000000000000006,72.0,2,1554823270903,702327,24
2019-04-09 15:26:39.524,72.0,buy,177.84,ETH-28JUN19-240-C,75.94,0.055,72.0,0,1554823599524,702604,25
2019-04-09 15:26:41.591,72.0,sell,177.9,ETH-28JUN19-240-C,76.55,0.056,72.0,0,1554823601591,702615,26
2019-04-09 15:26:42.649,61.0,sell,177.89,ETH-28JUN19-240-C,76.51,0.056,61.0,1,1554823602649,702624,27
2019-04-09 15:32:19.084,72.0,buy,177.7,ETH-28JUN19-240-C,76.54,0.056,72.0,1,1554823939084,702857,28
2019-04-09 15:43:11.542,72.0,buy,177.15,ETH-28JUN19-240-C,77.16,0.056,72.0,1,1554824591542,703237,29
2019-04-10 01:19:56.535,72.0,buy,178.11,ETH-28JUN19-240-C,73.68,0.052000000000000005,72.0,2,1554859196535,717458,30
2019-04-11 18:58:01.093,59.0,buy,166.15,ETH-28JUN19-240-C,73.91,0.032,59.0,2,1555009081093,841014,31
2019-04-11 19:03:47.610,58.0,buy,166.29,ETH-28JUN19-240-C,73.91,0.032,58.0,3,1555009427610,841704,32
2019-04-12 14:09:21.035,15.0,buy,164.7,ETH-28JUN19-240-C,78.24,0.035,15.0,0,1555078161035,884183,33
2019-04-12 22:24:32.714,1.0,buy,164.21,ETH-28JUN19-240-C,76.95,0.033,1.0,2,1555107872714,897616,34
2019-04-13 15:44:32.001,3.0,sell,164.34,ETH-28JUN19-240-C,72.62,0.026,3.0,2,1555170272001,913161,35
2019-04-15 01:24:57.973,5.0,sell,169.11,ETH-28JUN19-240-C,75.11,0.034,5.0,0,1555291497973,938424,36
2019-04-17 00:28:53.238,1.0,buy,167.73,ETH-28JUN19-240-C,75.97,0.032,1.0,2,1555460933238,1029004,37
2019-04-17 05:55:38.406,5.0,buy,166.6,ETH-28JUN19-240-C,76.81,0.032,5.0,3,1555480538406,1034202,38
2019-04-18 14:04:10.522,80.0,buy,171.83,ETH-28JUN19-240-C,75.64,0.036000000000000004,80.0,0,1555596250522,1064349,39
2019-04-18 14:19:09.661,10.0,buy,171.56,ETH-28JUN19-240-C,75.09,0.035,10.0,2,1555597149661,1064819,40
2019-04-18 20:49:33.898,40.0,buy,175.28,ETH-28JUN19-240-C,76.23,0.04,40.0,0,1555620573898,1074417,41
2019-04-20 01:39:47.655,3.0,buy,174.12,ETH-28JUN19-240-C,77.34,0.039,3.0,2,1555724387655,1105865,42
2019-04-21 08:20:54.747,40.0,sell,170.0,ETH-28JUN19-240-C,77.3,0.034,40.0,2,1555834854747,1133012,43
2019-04-21 12:47:37.436,5.0,sell,168.0,ETH-28JUN19-240-C,74.07,0.027999999999999997,5.0,2,1555850857436,1142286,44
2019-04-22 13:34:04.874,20.0,sell,171.28,ETH-28JUN19-240-C,73.76,0.03,20.0,0,1555940044874,1156457,45
2019-04-22 21:05:23.095,60.0,buy,171.86,ETH-28JUN19-240-C,76.79,0.034,60.0,0,1555967123095,1166045,46
2019-04-23 22:30:08.107,1.0,sell,170.38,ETH-28JUN19-240-C,74.64,0.028999999999999998,1.0,2,1556058608107,1192189,47
2019-04-23 22:42:05.147,10.0,buy,170.64,ETH-28JUN19-240-C,73.55,0.027999999999999997,10.0,2,1556059325147,1193335,48
2019-04-24 10:00:59.691,10.0,buy,164.16,ETH-28JUN19-240-C,74.82,0.023,10.0,2,1556100059691,1209774,49
2019-04-24 10:08:27.327,60.0,sell,163.97,ETH-28JUN19-240-C,73.05,0.021,60.0,2,1556100507327,1209886,50
2019-04-24 10:08:27.327,40.0,sell,163.97,ETH-28JUN19-240-C,72.03,0.02,40.0,2,1556100507327,1209887,51
2019-04-24 11:13:16.324,2.0,buy,163.79,ETH-28JUN19-240-C,75.16,0.023,2.0,0,1556104396324,1210687,52
2019-04-24 13:07:19.636,5.0,buy,165.15,ETH-28JUN19-240-C,75.24,0.024,5.0,0,1556111239636,1212011,53
2019-04-25 15:04:16.848,140.0,buy,163.87,ETH-28JUN19-240-C,74.19,0.021,140.0,2,1556204656848,1233365,54
2019-04-25 15:07:42.912,60.0,buy,164.06,ETH-28JUN19-240-C,75.97,0.023,60.0,0,1556204862912,1233397,55
2019-04-25 15:07:42.912,140.0,buy,164.06,ETH-28JUN19-240-C,75.97,0.023,140.0,1,1556204862912,1233398,56
2019-04-25 20:15:14.975,150.0,buy,164.28,ETH-28JUN19-240-C,70.94,0.018000000000000002,150.0,2,1556223314975,1237357,57
2019-04-25 22:36:06.060,3.0,buy,153.07,ETH-28JUN19-240-C,78.81,0.017,3.0,2,1556231766060,1256447,58
2019-04-26 16:01:18.473,180.0,sell,150.87,ETH-28JUN19-240-C,73.61,0.012,180.0,2,1556294478473,1276900,59
2019-04-26 16:01:18.473,60.0,sell,150.87,ETH-28JUN19-240-C,73.61,0.012,60.0,3,1556294478473,1276901,60
2019-04-26 17:06:42.874,10.0,sell,150.98,ETH-28JUN19-240-C,73.35,0.012,10.0,3,1556298402874,1278509,61
2019-04-26 23:08:04.453,100.0,buy,152.43,ETH-28JUN19-240-C,76.43,0.015,100.0,0,1556320084453,1281693,62
2019-04-27 14:49:28.707,10.0,buy,153.89,ETH-28JUN19-240-C,77.48,0.016,10.0,0,1556376568707,1288266,63
2019-04-27 14:49:37.336,5.0,buy,153.89,ETH-28JUN19-240-C,77.48,0.016,5.0,1,1556376577336,1288267,64
2019-04-28 05:31:26.543,60.0,sell,154.44,ETH-28JUN19-240-C,76.52,0.015,60.0,2,1556429486543,1303408,65
2019-04-28 07:22:15.696,40.0,sell,155.39,ETH-28JUN19-240-C,75.9,0.015,40.0,3,1556436135696,1304620,66
2019-04-30 05:54:52.645,1.0,buy,154.39,ETH-28JUN19-240-C,76.75,0.013999999999999999,1.0,2,1556603692645,1345988,67
2019-05-01 00:39:34.422,10.0,buy,161.83,ETH-28JUN19-240-C,75.2,0.017,10.0,0,1556671174422,1368778,68
2019-05-01 19:19:57.131,1.0,sell,157.12,ETH-28JUN19-240-C,73.28,0.012,1.0,2,1556738397131,1384355,69
2019-05-02 03:49:07.063,90.0,sell,158.45,ETH-28JUN19-240-C,76.42,0.015,90.0,0,1556768947063,1388581,70
2019-05-03 16:07:20.534,1.0,buy,166.29,ETH-28JUN19-240-C,75.27,0.019,1.0,0,1556899640534,1444388,71
2019-05-04 02:35:37.636,10.0,sell,166.67,ETH-28JUN19-240-C,72.48,0.017,10.0,2,1556937337636,1454678,72
2019-05-05 15:54:02.000,10.0,buy,161.11,ETH-28JUN19-240-C,78.72,0.017,10.0,3,1557071642000,1488243,73
2019-05-06 01:37:02.477,20.0,sell,159.08,ETH-28JUN19-240-C,75.61,0.013000000000000001,20.0,2,1557106622477,1500639,74
2019-05-07 00:22:51.172,1.0,buy,177.48,ETH-28JUN19-240-C,81.04,0.034,1.0,0,1557188571172,1544889,75
2019-05-07 16:23:54.564,20.0,buy,173.07,ETH-28JUN19-240-C,80.93,0.027000000000000003,20.0,2,1557246234564,1578342,76
2019-05-07 18:35:22.720,50.0,sell,170.59,ETH-28JUN19-240-C,81.05,0.025,50.0,2,1557254122720,1581964,77
2019-05-07 20:08:29.704,50.0,sell,170.4,ETH-28JUN19-240-C,80.1,0.024,50.0,2,1557259709704,1586237,78
2019-05-07 20:08:29.704,1.0,sell,170.4,ETH-28JUN19-240-C,80.1,0.024,1.0,3,1557259709704,1586238,79
2019-05-07 23:52:13.772,50.0,sell,167.02,ETH-28JUN19-240-C,82.07,0.023,50.0,2,1557273133772,1592797,80
2019-05-09 00:56:37.564,10.0,sell,170.79,ETH-28JUN19-240-C,80.72,0.023,10.0,3,1557363397564,1642185,81
2019-05-10 05:41:34.910,2.0,buy,174.0,ETH-28JUN19-240-C,85.77,0.03,2.0,0,1557466894910,1683439,82
2019-05-11 10:32:22.177,20.0,buy,192.26,ETH-28JUN19-240-C,92.07,0.057999999999999996,20.0,0,1557570742177,1766164,83
2019-05-11 15:35:56.637,50.0,buy,191.67,ETH-28JUN19-240-C,88.85,0.053,50.0,2,1557588956637,1788770,84
2019-05-11 19:41:16.788,40.0,buy,195.41,ETH-28JUN19-240-C,89.9,0.059,40.0,0,1557603676788,1810916,85
