date_utc,amount,direction,indexPrice,instrument,iv,price,quantity,tickDirection,timeStamp,tradeId,tradeSeq
2019-02-15 02:29:51.636,5.0,buy,3567.77,BTC-28JUN19-7000-C,59.69,0.0055,5.0,3,1550197791636,15377373,301
2019-02-15 08:58:23.375,5.0,buy,3575.28,BTC-28JUN19-7000-C,60.37,0.006,5.0,0,1550221103375,15383015,302
2019-02-17 07:48:03.137,0.2,sell,3596.92,BTC-28JUN19-7000-C,59.32,0.0055,0.2,2,1550389683137,15429012,303
2019-02-17 12:39:02.269,4.8,sell,3570.99,BTC-28JUN19-7000-C,59.81,0.0055,4.8,3,1550407142269,15445626,304
2019-02-17 23:46:25.668,10.0,buy,3638.31,BTC-28JUN19-7000-C,59.55,0.006,10.0,0,1550447185668,15460082,305
2019-02-17 23:46:29.096,10.0,buy,3638.82,BTC-28JUN19-7000-C,59.55,0.006,10.0,1,1550447189096,15460093,306
2019-02-17 23:46:30.274,10.0,buy,3638.54,BTC-28JUN19-7000-C,59.54,0.006,10.0,1,1550447190274,15460097,307
2019-02-18 17:18:38.660,2.0,buy,3874.61,BTC-28JUN19-7000-C,57.14,0.0075,2.0,0,1550510318660,15568719,308
2019-02-18 17:18:41.591,1.0,buy,3875.08,BTC-28JUN19-7000-C,59.18,0.009000000000000001,1.0,0,1550510321591,15568725,309
2019-02-18 17:19:09.826,3.5,sell,3878.52,BTC-28JUN19-7000-C,58.45,0.0085,3.5,2,1550510349826,15568777,310
2019-02-19 08:23:39.051,1.5,buy,3883.79,BTC-28JUN19-7000-C,62.56,0.012,1.5,0,1550564619051,15614974,311
2019-02-19 14:11:18.440,0.1,sell,3937.08,BTC-28JUN19-7000-C,61.1,0.0115,0.1,2,1550585478440,15639813,312
2019-02-19 15:09:28.117,5.0,buy,3954.12,BTC-28JUN19-7000-C,61.4,0.012,5.0,0,1550588968117,15647611,313
2019-02-19 21:26:56.631,9.0,sell,3934.43,BTC-28JUN19-7000-C,61.36,0.0115,9.0,2,1550611616631,15662214,314
2019-02-19 21:37:24.567,0.9,sell,3928.24,BTC-28JUN19-7000-C,61.49,0.0115,0.9,3,1550612244567,15662544,315
2019-02-20 09:46:48.315,1.0,buy,3912.0,BTC-28JUN19-7000-C,61.94,0.0115,1.0,3,1550656008315,15683569,316
2019-02-21 06:28:51.555,3.0,buy,3929.45,BTC-28JUN19-7000-C,62.17,0.012,3.0,0,1550730531555,15730215,317
2019-02-21 06:29:29.274,4.0,sell,3931.67,BTC-28JUN19-7000-C,62.14,0.012,4.0,1,1550730569274,15730230,318
2019-02-21 10:08:18.165,1.0,sell,3897.72,BTC-28JUN19-7000-C,60.41,0.01,1.0,2,1550743698165,15737928,319
2019-02-21 11:04:25.180,0.1,sell,3896.96,BTC-28JUN19-7000-C,59.14,0.009000000000000001,0.1,2,1550747065180,15739316,320
2019-02-21 11:33:12.113,5.2,sell,3884.63,BTC-28JUN19-7000-C,58.65,0.0085,5.2,2,1550748792113,15741335,321
2019-02-21 12:06:07.601,15.0,sell,3899.09,BTC-28JUN19-7000-C,57.72,0.008,15.0,2,1550750767601,15742018,322
2019-02-21 12:06:07.601,4.6000000000000005,sell,3899.09,BTC-28JUN19-7000-C,57.72,0.008,4.6000000000000005,3,1550750767601,15742019,323
2019-02-21 12:06:07.601,0.4,sell,3899.09,BTC-28JUN19-7000-C,57.72,0.008,0.4,3,1550750767601,15742020,324
2019-02-21 15:19:21.690,1.0,sell,3893.61,BTC-28JUN19-7000-C,58.6,0.0085,1.0,0,1550762361690,15745715,325
2019-02-22 08:10:29.180,0.2,sell,3893.29,BTC-28JUN19-7000-C,59.45,0.009000000000000001,0.2,0,1550823029180,15760344,326
2019-02-22 08:10:29.180,9.8,sell,3893.29,BTC-28JUN19-7000-C,59.45,0.009000000000000001,9.8,1,1550823029180,15760345,327
2019-02-22 10:10:49.600,0.4,buy,3917.53,BTC-28JUN19-7000-C,61.25,0.011,0.4,0,1550830249600,15766567,328
2019-02-22 16:04:49.277,2.0,buy,3930.24,BTC-28JUN19-7000-C,61.36,0.011000000000000001,2.0,1,1550851489277,15782872,329
2019-02-23 16:33:32.889,0.1,sell,3929.53,BTC-28JUN19-7000-C,60.6,0.01,0.1,2,1550939612889,15806147,330
2019-02-23 17:38:51.099,0.1,sell,4027.21,BTC-28JUN19-7000-C,59.47,0.0105,0.1,0,1550943531099,15822925,331
2019-02-23 17:38:51.099,0.9,sell,4027.21,BTC-28JUN19-7000-C,59.47,0.0105,0.9,1,1550943531099,15822926,332
2019-02-23 18:04:37.239,0.1,buy,4126.92,BTC-28JUN19-7000-C,60.12,0.013,0.1,0,1550945077239,15832179,333
2019-02-23 18:04:52.792,0.1,buy,4130.95,BTC-28JUN19-7000-C,60.02,0.013000000000000001,0.1,1,1550945092792,15832410,334
2019-02-23 18:05:08.342,0.1,buy,4129.89,BTC-28JUN19-7000-C,60.03,0.013000000000000001,0.1,1,1550945108342,15832608,335
2019-02-23 18:05:23.908,0.1,buy,4127.64,BTC-28JUN19-7000-C,60.13,0.013000000000000001,0.1,1,1550945123908,15832743,336
2019-02-23 18:05:39.402,0.1,buy,4127.49,BTC-28JUN19-7000-C,60.14,0.013,0.1,1,1550945139402,15832860,337
2019-02-23 18:14:39.469,0.1,buy,4104.42,BTC-28JUN19-7000-C,60.49,0.013000000000000001,0.1,1,1550945679469,15835408,338
2019-02-23 19:55:44.814,1.0,buy,4101.81,BTC-28JUN19-7000-C,60.73,0.013,1.0,1,1550951744814,15843164,339
2019-02-24 07:51:15.173,0.4,sell,4157.76,BTC-28JUN19-7000-C,59.76,0.013,0.4,1,1550994675173,15871898,340
2019-02-24 10:15:48.175,10.0,buy,4131.88,BTC-28JUN19-7000-C,62.94,0.016,10.0,0,1551003348175,15876472,341
2019-02-24 14:03:36.599,0.2,sell,4047.5,BTC-28JUN19-7000-C,62.51,0.013999999999999999,0.2,2,1551017016599,15885519,342
2019-02-24 14:14:12.585,1.8,sell,3852.18,BTC-28JUN19-7000-C,63.18,0.0105,1.8,2,1551017652585,15896821,343
2019-02-25 08:40:49.099,18.0,sell,3768.91,BTC-28JUN19-7000-C,61.92,0.008,18.0,3,1551084049099,15980751,345
2019-02-25 08:40:49.099,12.0,sell,3768.91,BTC-28JUN19-7000-C,61.92,0.008,12.0,2,1551084049099,15980750,344
2019-02-25 20:18:26.237,2.0,sell,3846.42,BTC-28JUN19-7000-C,62.08,0.009000000000000001,2.0,2,1551125906237,16006948,347
2019-02-25 20:18:26.237,3.0,sell,3846.42,BTC-28JUN19-7000-C,63.4,0.01,3.0,0,1551125906237,16006947,346
2019-02-26 15:44:40.538,0.1,buy,3811.75,BTC-28JUN19-7000-C,65.02,0.0105,0.1,0,1551195880538,16034940,348
2019-02-28 02:11:09.252,5.0,sell,3810.44,BTC-28JUN19-7000-C,61.81,0.008,5.0,2,1551319869252,16092526,349
2019-03-01 15:59:00.666,10.0,sell,3815.51,BTC-28JUN19-7000-C,62.03,0.008,10.0,3,1551455940666,16151634,350
2019-03-01 15:59:10.538,5.8,sell,3815.51,BTC-28JUN19-7000-C,62.03,0.008,5.8,3,1551455950538,16151638,351
2019-03-03 15:55:01.792,5.0,buy,3783.72,BTC-28JUN19-7000-C,63.93,0.0085,5.0,0,1551628501792,16194163,352
2019-03-03 17:45:13.988,50.0,sell,3791.7,BTC-28JUN19-7000-C,63.08,0.008,50.0,2,1551635113988,16196675,353
2019-03-03 18:04:31.923,50.0,sell,3791.53,BTC-28JUN19-7000-C,63.07,0.008,50.0,3,1551636271923,16196843,354
2019-03-04 04:12:52.888,1.0,sell,3775.69,BTC-28JUN19-7000-C,61.95,0.006999999999999999,1.0,2,1551672772888,16206430,355
2019-03-04 04:30:02.390,10.0,sell,3736.59,BTC-28JUN19-7000-C,62.77,0.006999999999999999,10.0,3,1551673802390,16208574,356
2019-03-04 05:06:56.172,10.0,sell,3736.75,BTC-28JUN19-7000-C,62.78,0.006999999999999999,10.0,3,1551676016172,16213031,357
2019-03-04 05:07:01.160,10.0,sell,3736.75,BTC-28JUN19-7000-C,62.78,0.006999999999999999,10.0,3,1551676021160,16213039,358
2019-03-04 05:07:45.204,10.0,sell,3734.36,BTC-28JUN19-7000-C,62.82,0.006999999999999999,10.0,3,1551676065204,16213088,359
2019-03-04 05:08:29.396,9.0,sell,3732.69,BTC-28JUN19-7000-C,62.82,0.006999999999999999,9.0,3,1551676109396,16213146,360
2019-03-04 16:27:01.236,5.0,buy,3715.46,BTC-28JUN19-7000-C,63.25,0.006999999999999999,5.0,3,1551716821236,16239664,361
2019-03-04 16:53:49.231,10.0,buy,3715.06,BTC-28JUN19-7000-C,63.23,0.006999999999999999,10.0,3,1551718429231,16240076,362
2019-03-04 16:54:08.227,10.0,buy,3715.23,BTC-28JUN19-7000-C,63.23,0.006999999999999999,10.0,3,1551718448227,16240086,363
2019-03-05 09:30:19.236,1.0,buy,3721.16,BTC-28JUN19-7000-C,63.98,0.0075,1.0,0,1551778219236,16253605,364
2019-03-05 11:41:43.732,25.0,sell,3718.54,BTC-28JUN19-7000-C,63.27,0.006999999999999999,25.0,2,1551786103732,16254651,365
2019-03-06 00:21:54.159,33.4,buy,3855.52,BTC-28JUN19-7000-C,63.57,0.009000000000000001,33.4,0,1551831714159,16298415,367
2019-03-06 00:21:54.159,10.0,buy,3855.52,BTC-28JUN19-7000-C,62.86,0.0085,10.0,0,1551831714159,16298414,366
2019-03-06 00:21:54.171,6.6000000000000005,sell,3855.52,BTC-28JUN19-7000-C,63.57,0.009000000000000001,6.6000000000000005,1,1551831714171,16298416,368
2019-03-08 19:40:11.591,10.0,buy,3890.56,BTC-28JUN19-7000-C,60.59,0.006999999999999999,10.0,2,1552074011591,16391572,369
2019-03-08 19:45:50.738,12.0,sell,3890.74,BTC-28JUN19-7000-C,60.6,0.006999999999999999,12.0,3,1552074350738,16391677,370
2019-03-11 05:19:03.718,10.0,sell,3889.37,BTC-28JUN19-7000-C,60.61,0.0065,10.0,2,1552281543718,16473971,371
2019-03-13 10:42:03.050,10.0,sell,3836.73,BTC-28JUN19-7000-C,61.48,0.006,10.0,3,1552473723050,16534289,373
2019-03-13 10:42:03.050,1.0,sell,3836.73,BTC-28JUN19-7000-C,61.48,0.006,1.0,2,1552473723050,16534288,372
2019-03-15 15:25:45.909,12.0,buy,3896.64,BTC-28JUN19-7000-C,60.89,0.006,12.0,3,1552663545909,16593889,374
2019-03-15 15:25:46.848,7.0,buy,3896.77,BTC-28JUN19-7000-C,60.89,0.006,7.0,3,1552663546848,16593891,375
2019-03-15 15:51:20.097,5.0,buy,3900.17,BTC-28JUN19-7000-C,60.81,0.006,5.0,3,1552665080097,16595736,376
2019-03-16 01:28:42.677,1.0,sell,3922.53,BTC-28JUN19-7000-C,60.51,0.006,1.0,3,1552699722677,16605555,377
2019-03-16 03:29:45.879,0.3,buy,3935.78,BTC-28JUN19-7000-C,60.97,0.0065,0.3,0,1552706985879,16610583,378
2019-03-16 04:15:01.400,0.7000000000000001,buy,3979.44,BTC-28JUN19-7000-C,60.21,0.0065,0.7000000000000001,1,1552709701400,16616437,379
2019-03-16 04:15:01.400,5.0,buy,3979.44,BTC-28JUN19-7000-C,60.21,0.0065,5.0,1,1552709701400,16616438,380
2019-03-16 17:32:17.851,0.3,buy,3980.97,BTC-28JUN19-7000-C,62.7,0.008,0.3,0,1552757537851,16647663,381
2019-03-18 09:01:39.002,2.0,buy,3967.46,BTC-28JUN19-7000-C,62.79,0.0075,2.0,2,1552899699002,16685084,382
2019-03-18 14:00:36.993,1.0,buy,3965.17,BTC-28JUN19-7000-C,61.18,0.0065,1.0,2,1552917636993,16690045,383
2019-03-18 16:35:54.683,5.0,buy,3966.34,BTC-28JUN19-7000-C,61.26,0.0065,5.0,3,1552926954683,16691783,384
2019-03-18 18:48:36.983,6.6000000000000005,buy,3961.77,BTC-28JUN19-7000-C,61.29,0.0065,6.6000000000000005,3,1552934916983,16692703,385
2019-03-19 17:31:33.232,3.0,buy,4008.29,BTC-28JUN19-7000-C,60.54,0.0065,3.0,3,1553016693232,16712776,386
2019-03-20 08:49:36.615,50.0,sell,3989.32,BTC-28JUN19-7000-C,59.37,0.0055,50.0,2,1553071776615,16727072,387
2019-03-20 08:49:44.211,50.0,buy,3989.32,BTC-28JUN19-7000-C,60.31,0.006,50.0,0,1553071784211,16727073,388
2019-03-20 21:39:16.546,10.0,buy,4011.98,BTC-28JUN19-7000-C,60.14,0.006,10.0,1,1553117956546,16739689,389
2019-03-20 21:39:16.597,10.0,sell,4011.98,BTC-28JUN19-7000-C,60.14,0.006,10.0,1,1553117956597,16739690,390
2019-03-21 01:03:51.038,0.5,sell,4039.89,BTC-28JUN19-7000-C,58.76,0.0055,0.5,2,1553130231038,16746316,391
2019-03-22 04:16:45.752,0.2,sell,3972.07,BTC-28JUN19-7000-C,60.55,0.0055,0.2,3,1553228205752,16773897,392
2019-03-22 06:41:12.404,9.8,sell,3972.34,BTC-28JUN19-7000-C,60.58,0.0055,9.8,3,1553236872404,16774578,393
2019-03-22 06:41:12.404,10.0,sell,3972.34,BTC-28JUN19-7000-C,60.58,0.0055,10.0,3,1553236872404,16774579,394
2019-03-22 08:04:36.287,0.3,sell,3967.01,BTC-28JUN19-7000-C,59.6,0.005,0.3,2,1553241876287,16775633,395
2019-03-22 12:01:07.630,3.2,buy,3982.11,BTC-28JUN19-7000-C,60.42,0.0055,3.2,0,1553256067630,16777311,396
2019-03-22 12:01:07.630,15.7,buy,3982.11,BTC-28JUN19-7000-C,60.42,0.0055,15.7,1,1553256067630,16777312,397
2019-03-24 20:22:53.805,0.2,sell,3956.54,BTC-28JUN19-7000-C,60.46,0.005,0.2,2,1553458973805,16803282,398
2019-03-25 03:02:46.672,0.1,buy,3974.33,BTC-28JUN19-7000-C,62.22,0.006,0.1,0,1553482966672,16807691,399
2019-03-25 12:39:07.184,0.5,sell,3961.0,BTC-28JUN19-7000-C,60.65,0.005,0.5,2,1553517547184,16811384,400
2019-03-25 12:45:42.263,4.3,sell,3960.65,BTC-28JUN19-7000-C,60.68,0.005,4.3,3,1553517942263,16811470,401
2019-03-25 17:36:13.983,4.7,sell,3948.18,BTC-28JUN19-7000-C,61.04,0.005,4.7,3,1553535373983,16815574,402
2019-03-25 18:06:56.894,3.6,sell,3946.0,BTC-28JUN19-7000-C,60.03,0.0045,3.6,2,1553537216894,16816019,403
2019-03-25 18:23:52.344,0.1,sell,3932.94,BTC-28JUN19-7000-C,60.3,0.0045,0.1,3,1553538232344,16817274,404
2019-03-25 22:34:01.253,3.0,sell,3895.55,BTC-28JUN19-7000-C,61.06,0.0045,3.0,3,1553553241253,16828806,405
2019-03-26 02:07:54.332,0.1,buy,3914.12,BTC-28JUN19-7000-C,62.91,0.0055,0.1,0,1553566074332,16831579,406
2019-03-26 09:06:25.634,10.0,buy,3908.03,BTC-28JUN19-7000-C,62.19,0.005,10.0,2,1553591185634,16834965,407
2019-03-26 14:40:10.029,0.1,buy,3903.29,BTC-28JUN19-7000-C,63.45,0.0055,0.1,0,1553611210029,16838165,408
2019-03-27 22:08:29.503,50.0,sell,4008.71,BTC-28JUN19-7000-C,60.52,0.005,50.0,2,1553724509503,16869699,409
2019-03-28 17:23:45.992,15.0,buy,4005.94,BTC-28JUN19-7000-C,61.87,0.0055,15.0,0,1553793825992,16927271,410
2019-03-28 17:23:45.992,10.0,buy,4005.94,BTC-28JUN19-7000-C,61.87,0.0055,10.0,1,1553793825992,16927272,411
2019-03-28 17:24:41.509,10.0,sell,4006.18,BTC-28JUN19-7000-C,61.87,0.0055,10.0,1,1553793881509,16927280,412
2019-03-28 17:28:19.172,10.0,sell,4008.02,BTC-28JUN19-7000-C,61.85,0.0055,10.0,1,1553794099172,16927349,413
2019-03-28 17:33:55.740,10.0,sell,4009.82,BTC-28JUN19-7000-C,61.86,0.0055,10.0,1,1553794435740,16927384,414
2019-03-28 17:34:21.084,10.0,sell,4009.82,BTC-28JUN19-7000-C,61.86,0.0055,10.0,1,1553794461084,16927387,415
2019-03-28 17:36:22.476,27.0,sell,4009.6,BTC-28JUN19-7000-C,61.82,0.0055,27.0,1,1553794582476,16927393,416
2019-03-28 17:37:50.283,250.0,sell,4008.93,BTC-28JUN19-7000-C,61.82,0.0055,250.0,1,1553794670283,16927403,417
2019-03-28 17:41:01.031,158.0,sell,4009.53,BTC-28JUN19-7000-C,61.82,0.0055,158.0,1,1553794861031,16927422,418
2019-03-29 10:08:50.288,4.0,buy,4081.24,BTC-28JUN19-7000-C,61.46,0.006,4.0,0,1553854130288,16946993,419
2019-03-29 10:46:15.940,10.0,buy,4080.66,BTC-28JUN19-7000-C,61.45,0.006,10.0,1,1553856375940,16953454,420
2019-03-29 10:46:30.656,10.0,sell,4082.71,BTC-28JUN19-7000-C,61.4,0.006,10.0,1,1553856390656,16953466,421
2019-03-29 12:36:53.820,10.0,sell,4073.02,BTC-28JUN19-7000-C,61.55,0.006,10.0,1,1553863013820,16957303,422
2019-03-29 14:05:04.052,0.5,buy,4079.76,BTC-28JUN19-7000-C,62.3,0.0065,0.5,0,1553868304052,16958538,424
2019-03-29 14:05:04.052,0.5,buy,4079.76,BTC-28JUN19-7000-C,61.38,0.006,0.5,1,1553868304052,16958537,423
2019-03-29 14:40:57.178,10.0,buy,4074.28,BTC-28JUN19-7000-C,62.47,0.0065,10.0,1,1553870457178,16958952,425
2019-03-29 23:16:00.726,0.5,buy,4083.87,BTC-28JUN19-7000-C,63.21,0.006999999999999999,0.5,0,1553901360726,16962791,426
2019-03-30 13:19:46.602,5.0,sell,4084.07,BTC-28JUN19-7000-C,61.51,0.006,5.0,2,1553951986602,16979202,427
2019-03-31 18:21:01.136,0.3,buy,4090.74,BTC-28JUN19-7000-C,62.88,0.0065,0.3,0,1554056461136,16990685,428
2019-04-01 11:09:25.353,5.0,sell,4113.48,BTC-28JUN19-7000-C,61.85,0.006,5.0,2,1554116965353,17003792,429
2019-04-01 13:53:46.094,0.7000000000000001,buy,4134.84,BTC-28JUN19-7000-C,62.44,0.0065,0.7000000000000001,0,1554126826094,17005628,430
2019-04-01 16:58:56.347,4.0,buy,4141.93,BTC-28JUN19-7000-C,63.3,0.006999999999999999,4.0,0,1554137936347,17008963,431
2019-04-02 01:07:20.389,1.3,sell,4142.44,BTC-28JUN19-7000-C,60.63,0.0055,1.3,2,1554167240389,17014599,432
2019-04-02 05:19:53.755,3.0,buy,4945.28,BTC-28JUN19-7000-C,52.96,0.0125,3.0,0,1554182393755,17057336,433
2019-04-02 05:19:54.802,0.6,buy,4944.79,BTC-28JUN19-7000-C,52.95,0.0125,0.6,1,1554182394802,17057353,434
2019-04-02 05:19:57.370,0.5,buy,4954.48,BTC-28JUN19-7000-C,52.74,0.0125,0.5,1,1554182397370,17057401,435
2019-04-02 05:19:59.591,5.9,buy,4960.91,BTC-28JUN19-7000-C,52.67,0.0125,5.9,1,1554182399591,17057465,436
2019-04-02 05:23:37.210,10.0,buy,5070.35,BTC-28JUN19-7000-C,51.61,0.0145,10.0,0,1554182617210,17061569,437
2019-04-02 06:02:13.465,1.0,sell,4748.01,BTC-28JUN19-7000-C,57.96,0.0135,1.0,2,1554184933465,17076304,438
2019-04-02 08:13:11.469,5.0,sell,4695.31,BTC-28JUN19-7000-C,63.52,0.0175,5.0,0,1554192791469,17093916,439
2019-04-02 09:35:00.282,1.0,buy,4785.84,BTC-28JUN19-7000-C,62.91,0.019,1.0,0,1554197700282,17098859,440
2019-04-02 11:11:17.000,2.0,buy,4794.6,BTC-28JUN19-7000-C,62.69,0.019,2.0,1,1554203477000,17106621,441
2019-04-02 18:39:03.847,2.0,buy,4733.58,BTC-28JUN19-7000-C,61.2,0.016,2.0,2,1554230343847,17126620,442
2019-04-02 19:56:41.820,1.0,buy,4768.31,BTC-28JUN19-7000-C,62.76,0.0185,1.0,0,1554235001820,17128338,443
2019-04-02 21:18:47.164,2.0,sell,4817.69,BTC-28JUN19-7000-C,60.5,0.017,2.0,2,1554239927164,17138683,444
2019-04-02 23:15:09.770,7.0,buy,4867.78,BTC-28JUN19-7000-C,61.26,0.019,7.0,0,1554246909770,17143832,445
2019-04-02 23:16:48.492,10.0,sell,4880.31,BTC-28JUN19-7000-C,61.43,0.0195,10.0,0,1554247008492,17144306,446
2019-04-02 23:29:22.529,5.0,buy,4889.62,BTC-28JUN19-7000-C,61.76,0.02,5.0,0,1554247762529,17147911,447
2019-04-02 23:30:08.568,1.0,buy,4889.88,BTC-28JUN19-7000-C,61.68,0.02,1.0,1,1554247808568,17147955,448
2019-04-02 23:39:17.694,0.5,buy,4940.51,BTC-28JUN19-7000-C,62.32,0.022,0.5,0,1554248357694,17149301,449
2019-04-03 00:26:16.019,0.5,buy,4963.23,BTC-28JUN19-7000-C,61.74,0.022,0.5,1,1554251176019,17156818,450
2019-04-03 00:56:59.328,1.0,sell,4971.9,BTC-28JUN19-7000-C,59.9,0.02,1.0,2,1554253019328,17162286,451
2019-04-03 02:08:42.258,5.0,buy,4996.48,BTC-28JUN19-7000-C,63.05,0.0245,5.0,0,1554257322258,17167711,452
2019-04-03 02:19:22.770,5.0,buy,4990.58,BTC-28JUN19-7000-C,63.08,0.0245,5.0,1,1554257962770,17168601,453
2019-04-03 02:26:51.463,14.4,buy,5014.48,BTC-28JUN19-7000-C,64.55,0.027000000000000003,14.4,0,1554258411463,17169320,454
2019-04-03 02:28:23.118,2.0,buy,5030.17,BTC-28JUN19-7000-C,64.54,0.0275,2.0,0,1554258503118,17169857,455
2019-04-03 02:28:42.158,3.3000000000000003,sell,5020.37,BTC-28JUN19-7000-C,64.42,0.027000000000000003,3.3000000000000003,2,1554258522158,17169983,456
2019-04-03 02:39:46.145,1.5,buy,5022.96,BTC-28JUN19-7000-C,66.61,0.03,1.5,0,1554259186145,17171186,457
2019-04-03 04:24:57.502,0.1,sell,4944.31,BTC-28JUN19-7000-C,64.58,0.025,0.1,2,1554265497502,17184040,458
2019-04-03 16:52:32.266,2.0,sell,5131.88,BTC-28JUN19-7000-C,63.01,0.0285,2.0,0,1554310352266,17214436,459
2019-04-03 17:03:00.840,0.1,buy,5174.15,BTC-28JUN19-7000-C,63.69,0.031,0.1,0,1554310980840,17215593,460
2019-04-03 17:03:00.840,10.0,buy,5174.15,BTC-28JUN19-7000-C,63.69,0.031,10.0,1,1554310980840,17215594,461
2019-04-03 17:06:14.603,10.0,buy,5183.84,BTC-28JUN19-7000-C,65.96,0.0345,10.0,1,1554311174603,17216240,463
2019-04-03 17:06:14.603,10.0,buy,5183.84,BTC-28JUN19-7000-C,65.96,0.0345,10.0,0,1554311174603,17216239,462
2019-04-03 19:29:57.274,0.1,sell,5171.41,BTC-28JUN19-7000-C,63.85,0.031,0.1,2,1554319797274,17226262,464
2019-04-03 19:33:30.786,5.0,buy,5162.51,BTC-28JUN19-7000-C,66.33,0.034,5.0,0,1554320010786,17226357,465
2019-04-03 20:45:31.885,1.0,sell,5243.97,BTC-28JUN19-7000-C,64.3,0.034,1.0,1,1554324331885,17236975,466
2019-04-03 20:58:54.349,1.0,buy,5291.96,BTC-28JUN19-7000-C,67.34,0.04,1.0,0,1554325134349,17237964,467
2019-04-03 21:47:09.412,1.0,buy,5250.99,BTC-28JUN19-7000-C,69.19,0.0415,1.0,0,1554328029412,17243300,468
2019-04-04 02:56:30.364,5.0,buy,5021.78,BTC-28JUN19-7000-C,69.32,0.033,5.0,2,1554346590364,17288358,469
2019-04-04 02:57:34.674,5.0,buy,5021.49,BTC-28JUN19-7000-C,69.73,0.0335,5.0,0,1554346654674,17288365,470
2019-04-04 02:57:47.710,5.0,buy,5019.51,BTC-28JUN19-7000-C,69.77,0.0335,5.0,1,1554346667710,17288367,471
2019-04-04 02:57:59.669,10.0,buy,5019.59,BTC-28JUN19-7000-C,70.12,0.034,10.0,0,1554346679669,17288369,472
2019-04-04 02:59:14.091,10.0,buy,5015.77,BTC-28JUN19-7000-C,70.66,0.0345,10.0,0,1554346754091,17288398,473
2019-04-04 02:59:27.725,10.0,buy,5014.41,BTC-28JUN19-7000-C,71.42,0.0355,10.0,0,1554346767725,17288399,474
2019-04-04 04:15:48.172,1.0,sell,4995.54,BTC-28JUN19-7000-C,67.27,0.0295,1.0,2,1554351348172,17291293,475
2019-04-04 08:23:15.234,1.0,buy,5046.55,BTC-28JUN19-7000-C,70.25,0.035,1.0,0,1554366195234,17296051,476
2019-04-04 08:57:55.448,1.0,sell,5026.37,BTC-28JUN19-7000-C,69.69,0.0335,1.0,2,1554368275448,17298073,477
2019-04-04 11:17:51.929,2.0,sell,4926.69,BTC-28JUN19-7000-C,69.85,0.0305,2.0,2,1554376671929,17303374,478
2019-04-04 14:09:02.234,10.0,sell,5017.69,BTC-28JUN19-7000-C,69.17,0.0325,10.0,0,1554386942234,17309079,479
2019-04-04 20:37:54.416,10.0,sell,4823.22,BTC-28JUN19-7000-C,68.81,0.026000000000000002,10.0,2,1554410274416,17333054,480
2019-04-05 02:26:55.839,10.0,sell,4922.33,BTC-28JUN19-7000-C,68.55,0.0285,10.0,0,1554431215839,17345074,481
2019-04-05 06:48:54.633,0.7000000000000001,sell,4941.31,BTC-28JUN19-7000-C,69.24,0.03,0.7000000000000001,0,1554446934633,17352273,482
2019-04-05 09:49:38.095,10.0,sell,4958.25,BTC-28JUN19-7000-C,68.22,0.028999999999999998,10.0,2,1554457778095,17357081,483
2019-04-05 10:13:57.635,10.0,sell,4952.49,BTC-28JUN19-7000-C,67.58,0.028,10.0,3,1554459237635,17357522,485
2019-04-05 10:13:57.635,10.0,sell,4952.49,BTC-28JUN19-7000-C,67.58,0.028,10.0,2,1554459237635,17357521,484
2019-04-05 13:26:17.107,1.0,sell,5041.93,BTC-28JUN19-7000-C,67.11,0.03,1.0,0,1554470777107,17364050,486
2019-04-05 13:30:05.666,14.4,buy,5042.17,BTC-28JUN19-7000-C,68.99,0.0325,14.4,0,1554471005666,17364542,487
2019-04-05 13:35:36.622,14.4,sell,5001.99,BTC-28JUN19-7000-C,69.22,0.0315,14.4,2,1554471336622,17365061,488
2019-04-05 13:36:02.231,14.4,sell,4987.32,BTC-28JUN19-7000-C,69.55,0.0315,14.4,3,1554471362231,17365574,489
2019-04-05 14:23:54.890,21.2,sell,5004.13,BTC-28JUN19-7000-C,69.12,0.0315,21.2,3,1554474234890,17367998,490
2019-04-05 17:23:12.228,3.0,sell,5017.29,BTC-28JUN19-7000-C,67.51,0.0295,3.0,2,1554484992228,17374969,491
2019-04-05 19:38:10.217,2.0,sell,5012.41,BTC-28JUN19-7000-C,67.32,0.028999999999999998,2.0,2,1554493090217,17379964,492
2019-04-05 19:40:07.057,4.0,sell,5012.8,BTC-28JUN19-7000-C,67.32,0.028999999999999998,4.0,3,1554493207057,17379971,493
2019-04-06 13:39:42.315,1.0,buy,5015.73,BTC-28JUN19-7000-C,69.66,0.032,1.0,0,1554557982315,17394784,494
2019-04-06 16:01:06.260,0.1,buy,5160.6,BTC-28JUN19-7000-C,67.55,0.0345,0.1,0,1554566466260,17402621,495
2019-04-06 18:02:38.941,0.8,buy,5154.17,BTC-28JUN19-7000-C,68.7,0.036000000000000004,0.8,0,1554573758941,17416101,496
2019-04-07 03:14:57.060,1.0,buy,5157.57,BTC-28JUN19-7000-C,67.4,0.034,1.0,2,1554606897060,17452274,497
2019-04-08 02:59:47.738,13.2,sell,5288.34,BTC-28JUN19-7000-C,69.3,0.042,13.2,0,1554692387738,17508959,498
2019-04-08 05:03:09.769,0.5,sell,5305.88,BTC-28JUN19-7000-C,66.45,0.038,0.5,2,1554699789769,17513526,499
2019-04-08 05:54:25.869,3.0,buy,5283.84,BTC-28JUN19-7000-C,69.02,0.040999999999999995,3.0,0,1554702865869,17514609,500
2019-04-08 10:56:47.970,1.0,buy,5213.97,BTC-28JUN19-7000-C,69.78,0.039,1.0,2,1554721007970,17524297,501
2019-04-08 11:17:58.633,1.0,buy,5194.59,BTC-28JUN19-7000-C,70.22,0.039,1.0,3,1554722278633,17525940,503
2019-04-08 11:17:58.633,1.0,buy,5194.59,BTC-28JUN19-7000-C,70.22,0.039,1.0,3,1554722278633,17525939,502
2019-04-08 13:12:06.019,0.5,buy,5205.0,BTC-28JUN19-7000-C,70.0,0.039,0.5,3,1554729126019,17531000,504
2019-04-08 13:26:34.306,0.5,sell,5210.34,BTC-28JUN19-7000-C,68.58,0.037000000000000005,0.5,2,1554729994306,17531321,505
2019-04-08 20:05:18.186,50.0,sell,5195.37,BTC-28JUN19-7000-C,68.09,0.0355,50.0,2,1554753918186,17540755,506
2019-04-08 22:17:18.969,0.2,sell,5277.45,BTC-28JUN19-7000-C,66.84,0.0365,0.2,0,1554761838969,17545588,507
2019-04-08 22:39:39.773,0.2,sell,5300.05,BTC-28JUN19-7000-C,66.91,0.0375,0.2,0,1554763179773,17546967,508
2019-04-09 05:37:47.474,0.5,sell,5155.8,BTC-28JUN19-7000-C,69.06,0.035,0.5,2,1554788267474,17560601,509
2019-04-09 15:28:31.307,9.6,sell,5221.0,BTC-28JUN19-7000-C,66.96,0.034,9.6,2,1554823711307,17577414,510
2019-04-09 16:28:27.321,5.2,buy,5228.52,BTC-28JUN19-7000-C,68.82,0.037000000000000005,5.2,0,1554827307321,17578076,511
2019-04-10 19:10:27.077,9.6,sell,5404.97,BTC-28JUN19-7000-C,64.83,0.037000000000000005,9.6,1,1554923427077,17623054,512
2019-04-10 20:40:46.533,10.0,buy,5230.54,BTC-28JUN19-7000-C,68.62,0.036000000000000004,10.0,2,1554928846533,17634326,513
2019-04-10 20:42:27.456,3.7,buy,5266.59,BTC-28JUN19-7000-C,65.88,0.0335,3.7,2,1554928947456,17636231,514
2019-04-11 00:29:14.696,1.5,sell,5321.32,BTC-28JUN19-7000-C,67.35,0.0375,1.5,0,1554942554696,17653141,515
2019-04-11 01:36:44.635,0.1,sell,5312.42,BTC-28JUN19-7000-C,67.45,0.037000000000000005,0.1,2,1554946604635,17655748,516
2019-04-11 01:36:45.397,0.1,sell,5312.42,BTC-28JUN19-7000-C,67.45,0.037000000000000005,0.1,3,1554946605397,17655749,517
2019-04-11 01:37:51.875,0.1,sell,5312.34,BTC-28JUN19-7000-C,67.47,0.037000000000000005,0.1,3,1554946671875,17655754,518
2019-04-11 01:37:52.672,0.1,sell,5312.34,BTC-28JUN19-7000-C,67.47,0.037000000000000005,0.1,3,1554946672672,17655755,519
2019-04-11 01:38:16.817,0.1,sell,5312.91,BTC-28JUN19-7000-C,67.47,0.037000000000000005,0.1,3,1554946696817,17655756,520
2019-04-11 01:38:58.887,0.1,sell,5313.41,BTC-28JUN19-7000-C,67.47,0.037000000000000005,0.1,3,1554946738887,17655758,521
2019-04-11 02:33:31.290,0.1,sell,5295.04,BTC-28JUN19-7000-C,67.98,0.037000000000000005,0.1,3,1554950011290,17656543,522
2019-04-11 02:33:31.314,0.1,sell,5295.04,BTC-28JUN19-7000-C,67.98,0.037000000000000005,0.1,3,1554950011314,17656546,523
2019-04-11 02:33:31.340,0.1,sell,5295.04,BTC-28JUN19-7000-C,67.98,0.037000000000000005,0.1,3,1554950011340,17656550,524
2019-04-11 02:33:31.370,0.1,sell,5295.04,BTC-28JUN19-7000-C,67.98,0.037000000000000005,0.1,3,1554950011370,17656551,525
2019-04-11 02:33:31.399,0.1,sell,5295.04,BTC-28JUN19-7000-C,67.98,0.037000000000000005,0.1,3,1554950011399,17656554,526
2019-04-11 03:35:35.736,5.0,buy,5234.45,BTC-28JUN19-7000-C,66.81,0.033,5.0,2,1554953735736,17661688,527
2019-04-11 04:49:00.067,0.5,sell,5229.09,BTC-28JUN19-7000-C,66.66,0.0325,0.5,2,1554958140067,17669083,528
2019-04-11 17:44:42.521,5.2,sell,5040.15,BTC-28JUN19-7000-C,64.77,0.0235,5.2,2,1555004682521,17709534,529
2019-04-11 19:59:06.082,9.0,buy,5074.73,BTC-28JUN19-7000-C,66.13,0.026,9.0,0,1555012746082,17714115,530
2019-04-12 01:44:35.503,0.1,sell,4942.75,BTC-28JUN19-7000-C,67.24,0.0235,0.1,2,1555033475503,17730391,531
2019-04-12 08:37:31.251,0.9,sell,5016.96,BTC-28JUN19-7000-C,65.01,0.0235,0.9,3,1555058251251,17742382,532
2019-04-12 17:17:27.249,3.0,buy,5079.31,BTC-28JUN19-7000-C,65.38,0.025,3.0,0,1555089447249,17752569,533
2019-04-14 04:46:24.173,0.1,buy,5051.97,BTC-28JUN19-7000-C,61.98,0.019,0.1,2,1555217184173,17790702,534
2019-04-14 04:46:38.993,0.1,buy,5052.84,BTC-28JUN19-7000-C,61.98,0.019,0.1,3,1555217198993,17790704,535
2019-04-14 05:00:15.322,0.1,sell,5055.42,BTC-28JUN19-7000-C,59.85,0.017,0.1,2,1555218015322,17790798,536
2019-04-14 05:22:03.539,0.1,buy,5039.7,BTC-28JUN19-7000-C,62.11,0.019,0.1,0,1555219323539,17791978,537
2019-04-14 07:26:31.210,10.0,buy,5040.66,BTC-28JUN19-7000-C,62.12,0.019,10.0,1,1555226791210,17792902,538
2019-04-14 07:30:34.609,52.1,buy,5040.2,BTC-28JUN19-7000-C,62.11,0.019,52.1,1,1555227034609,17792906,539
2019-04-14 21:19:57.607,0.2,buy,5102.76,BTC-28JUN19-7000-C,63.2,0.0215,0.2,0,1555276797607,17801790,540
2019-04-15 00:27:50.251,0.8,sell,5164.74,BTC-28JUN19-7000-C,62.03,0.022,0.8,0,1555288070251,17810502,541
2019-04-16 06:55:26.949,0.1,buy,5066.52,BTC-28JUN19-7000-C,63.85,0.021,0.1,2,1555397726949,17853897,542
2019-04-16 15:58:01.010,0.1,buy,5083.55,BTC-28JUN19-7000-C,60.82,0.0185,0.1,2,1555430281010,17863555,543
2019-04-16 16:00:20.385,0.1,buy,5083.49,BTC-28JUN19-7000-C,60.79,0.0185,0.1,3,1555430420385,17863620,544
2019-04-16 16:02:24.704,0.1,buy,5092.92,BTC-28JUN19-7000-C,61.02,0.019,0.1,0,1555430544704,17863683,545
2019-04-16 17:28:57.359,0.1,buy,5140.98,BTC-28JUN19-7000-C,60.34,0.0195,0.1,0,1555435737359,17866771,546
2019-04-16 17:29:25.283,9.6,buy,5160.74,BTC-28JUN19-7000-C,60.32,0.02,9.6,0,1555435765283,17867479,547
2019-04-16 17:29:27.680,9.6,buy,5161.83,BTC-28JUN19-7000-C,60.23,0.02,9.6,1,1555435767680,17867573,548
2019-04-16 17:29:30.668,0.8,buy,5165.28,BTC-28JUN19-7000-C,60.13,0.02,0.8,1,1555435770668,17867615,549
2019-04-16 17:30:05.671,10.0,buy,5191.07,BTC-28JUN19-7000-C,60.03,0.0205,10.0,0,1555435805671,17868404,550
2019-04-16 17:30:05.847,10.0,buy,5191.07,BTC-28JUN19-7000-C,60.03,0.0205,10.0,1,1555435805847,17868407,551
2019-04-16 17:35:02.617,1.0,buy,5207.34,BTC-28JUN19-7000-C,60.68,0.0215,1.0,0,1555436102617,17871963,552
2019-04-18 04:07:02.941,1.0,buy,5299.91,BTC-28JUN19-7000-C,60.12,0.023,1.0,0,1555560422941,17916872,553
2019-04-18 06:39:23.451,7.8,sell,5267.31,BTC-28JUN19-7000-C,59.63,0.0215,7.8,2,1555569563451,17918712,554
2019-04-18 10:31:45.194,1.0,buy,5244.82,BTC-28JUN19-7000-C,60.66,0.022,1.0,0,1555583505194,17921462,555
2019-04-18 17:27:55.772,0.3,buy,5276.65,BTC-28JUN19-7000-C,60.0,0.022,0.3,1,1555608475772,17928881,556
2019-04-18 17:48:15.949,5.0,buy,5282.72,BTC-28JUN19-7000-C,59.93,0.022,5.0,1,1555609695949,17929957,557
2019-04-18 18:20:24.423,1.0,buy,5280.1,BTC-28JUN19-7000-C,59.99,0.022,1.0,1,1555611624423,17930778,558
2019-04-18 18:22:47.063,0.7000000000000001,buy,5278.42,BTC-28JUN19-7000-C,60.05,0.022,0.7000000000000001,1,1555611767063,17930794,559
2019-04-18 19:58:56.982,0.1,sell,5294.13,BTC-28JUN19-7000-C,59.28,0.0215,0.1,2,1555617536982,17933330,560
2019-04-18 21:32:11.219,1.0,buy,5313.21,BTC-28JUN19-7000-C,61.02,0.024,1.0,0,1555623131219,17936143,561
2019-04-19 01:48:55.764,0.1,sell,5206.16,BTC-28JUN19-7000-C,60.34,0.02,0.1,2,1555638535764,17941250,562
2019-04-19 01:48:55.764,0.4,sell,5206.16,BTC-28JUN19-7000-C,59.4,0.019,0.4,2,1555638535764,17941251,563
2019-04-19 02:01:06.621,0.8,buy,5205.56,BTC-28JUN19-7000-C,61.75,0.0215,0.8,0,1555639266621,17943161,564
2019-04-19 06:05:29.202,2.0,buy,5241.6,BTC-28JUN19-7000-C,61.17,0.022,2.0,0,1555653929202,17946944,565
2019-04-19 08:18:49.914,40.0,sell,5240.57,BTC-28JUN19-7000-C,59.51,0.02,40.0,2,1555661929914,17947842,566
2019-04-19 10:27:48.184,1.0,sell,5254.51,BTC-28JUN19-7000-C,58.26,0.019,1.0,2,1555669668184,17949359,567
2019-04-19 13:45:01.496,5.8,sell,5247.18,BTC-28JUN19-7000-C,60.27,0.021,5.8,0,1555681501496,17951168,568
2019-04-20 07:29:03.642,0.2,buy,5327.72,BTC-28JUN19-7000-C,60.47,0.023,0.2,0,1555745343642,17977814,569
2019-04-21 03:06:19.100,1.0,sell,5336.94,BTC-28JUN19-7000-C,58.41,0.0205,1.0,2,1555815979100,17997992,570
2019-04-21 15:22:29.680,0.1,sell,5266.25,BTC-28JUN19-7000-C,59.06,0.019,0.1,2,1555860149680,18016306,571
2019-04-21 16:26:44.420,1.0,sell,5279.91,BTC-28JUN19-7000-C,58.79,0.019,1.0,3,1555864004420,18017199,572
2019-04-22 15:40:32.328,5.4,sell,5382.11,BTC-28JUN19-7000-C,59.34,0.0225,5.4,0,1555947632328,18041409,573
2019-04-22 18:03:13.198,0.1,buy,5384.49,BTC-28JUN19-7000-C,60.42,0.0235,0.1,0,1555956193198,18056984,574
2019-04-23 04:46:44.198,0.3,sell,5493.2,BTC-28JUN19-7000-C,59.69,0.026,0.3,0,1555994804198,18094031,575
2019-04-23 11:26:26.396,0.1,sell,5544.34,BTC-28JUN19-7000-C,60.23,0.027999999999999997,0.1,0,1556018786396,18107051,576
2019-04-23 15:46:48.648,4.0,sell,5560.63,BTC-28JUN19-7000-C,62.38,0.031,4.0,0,1556034408648,18114411,577
2019-04-24 11:10:48.610,0.1,sell,5424.52,BTC-28JUN19-7000-C,62.8,0.026000000000000002,0.1,2,1556104248610,18172119,578
2019-04-24 11:17:45.196,0.1,buy,5385.05,BTC-28JUN19-7000-C,60.87,0.0225,0.1,2,1556104665196,18173284,579
2019-04-24 15:06:46.382,1.0,buy,5469.51,BTC-28JUN19-7000-C,60.92,0.025,1.0,0,1556118406382,18179901,580
2019-04-24 18:11:35.739,14.4,sell,5412.45,BTC-28JUN19-7000-C,60.24,0.0225,14.4,3,1556129495739,18188205,583
2019-04-24 18:11:35.739,10.0,sell,5412.45,BTC-28JUN19-7000-C,60.68,0.023,10.0,2,1556129495739,18188203,581
2019-04-24 18:11:35.739,10.0,sell,5412.45,BTC-28JUN19-7000-C,60.24,0.0225,10.0,2,1556129495739,18188204,582
2019-04-24 18:11:35.739,0.1,sell,5412.45,BTC-28JUN19-7000-C,59.33,0.0215,0.1,2,1556129495739,18188206,584
2019-04-24 18:11:35.739,6.7,sell,5412.45,BTC-28JUN19-7000-C,58.41,0.0205,6.7,2,1556129495739,18188208,586
2019-04-24 18:11:35.739,4.8,sell,5412.45,BTC-28JUN19-7000-C,58.87,0.021,4.8,2,1556129495739,18188207,585
2019-04-25 17:15:37.084,0.1,buy,5492.8,BTC-28JUN19-7000-C,60.57,0.0245,0.1,0,1556212537084,18226353,587
2019-04-25 20:34:57.626,45.0,buy,5484.87,BTC-28JUN19-7000-C,61.16,0.025,45.0,0,1556224497626,18230567,588
2019-04-25 20:38:03.055,45.0,buy,5484.36,BTC-28JUN19-7000-C,61.18,0.025,45.0,1,1556224683055,18230592,589
2019-04-25 20:40:21.582,45.0,buy,5483.78,BTC-28JUN19-7000-C,61.32,0.025,45.0,1,1556224821582,18230663,590
2019-04-25 22:04:06.003,0.3,sell,5268.43,BTC-28JUN19-7000-C,60.99,0.0185,0.3,2,1556229846003,18242944,591
2019-04-25 22:04:54.443,2.7,sell,5184.9,BTC-28JUN19-7000-C,64.66,0.0185,2.7,3,1556229894443,18245568,592
2019-04-25 22:09:59.105,0.1,sell,5066.7,BTC-28JUN19-7000-C,65.56,0.0165,0.1,2,1556230199105,18252728,593
2019-04-25 22:15:40.149,0.3,buy,5110.92,BTC-28JUN19-7000-C,66.73,0.0195,0.3,0,1556230540149,18263900,594
2019-04-25 22:31:10.359,0.1,buy,5104.06,BTC-28JUN19-7000-C,67.02,0.0195,0.1,1,1556231470359,18272585,595
2019-04-26 04:31:21.355,0.1,sell,5193.05,BTC-28JUN19-7000-C,62.41,0.018000000000000002,0.1,2,1556253081355,18310769,596
2019-04-26 15:50:05.901,0.1,sell,5140.13,BTC-28JUN19-7000-C,63.83,0.0175,0.1,2,1556293805901,18333233,597
2019-04-26 16:02:00.883,0.3,sell,5085.99,BTC-28JUN19-7000-C,65.34,0.0175,0.3,3,1556294520883,18334392,598
2019-04-26 16:07:52.170,10.0,buy,5101.3,BTC-28JUN19-7000-C,65.82,0.0185,10.0,0,1556294872170,18335873,599
2019-04-26 16:25:35.831,0.3,sell,5066.24,BTC-28JUN19-7000-C,66.34,0.018000000000000002,0.3,2,1556295935831,18338227,600
2019-04-26 16:26:48.910,5.7,buy,5074.84,BTC-28JUN19-7000-C,66.59,0.0185,5.7,0,1556296008910,18338540,601
2019-04-26 19:44:09.913,0.1,sell,5090.2,BTC-28JUN19-7000-C,61.15,0.013999999999999999,0.1,2,1556307849913,18346030,602
2019-04-26 22:22:26.889,0.1,buy,5158.91,BTC-28JUN19-7000-C,62.83,0.017,0.1,0,1556317346889,18352234,603
2019-04-28 01:29:24.791,0.1,sell,5178.98,BTC-28JUN19-7000-C,61.03,0.015,0.1,2,1556414964791,18377470,604
2019-04-28 04:48:27.402,5.0,sell,5170.87,BTC-28JUN19-7000-C,61.23,0.015,5.0,3,1556426907402,18379692,605
2019-04-29 02:46:57.167,15.0,sell,5178.41,BTC-28JUN19-7000-C,62.79,0.016,15.0,0,1556506017167,18407329,606
2019-04-29 08:10:24.931,1.0,sell,5160.27,BTC-28JUN19-7000-C,62.82,0.0155,1.0,2,1556525424931,18410759,607
2019-04-29 10:01:02.194,2.0,buy,5158.03,BTC-28JUN19-7000-C,64.75,0.017,2.0,0,1556532062194,18412890,608
2019-04-29 13:01:20.816,7.2,sell,5128.05,BTC-28JUN19-7000-C,64.04,0.0155,7.2,2,1556542880816,18420754,609
2019-04-29 13:01:20.816,9.2,sell,5128.05,BTC-28JUN19-7000-C,63.46,0.015,9.2,2,1556542880816,18420755,610
2019-04-29 13:09:33.268,0.1,sell,5113.95,BTC-28JUN19-7000-C,63.21,0.0145,0.1,2,1556543373268,18421422,611
2019-04-30 13:22:11.850,0.4,buy,5260.22,BTC-28JUN19-7000-C,62.5,0.017,0.4,0,1556630531850,18467082,612
2019-04-30 13:22:20.178,0.5,buy,5267.97,BTC-28JUN19-7000-C,62.3,0.017,0.5,1,1556630540178,18467319,613
2019-04-30 13:47:59.548,0.1,buy,5252.5,BTC-28JUN19-7000-C,64.58,0.0185,0.1,0,1556632079548,18471092,614
2019-04-30 15:54:41.986,0.3,sell,5260.89,BTC-28JUN19-7000-C,63.99,0.018000000000000002,0.3,2,1556639681986,18477846,615
2019-04-30 16:03:22.787,18.0,sell,5256.38,BTC-28JUN19-7000-C,64.65,0.0185,18.0,0,1556640202787,18478119,616
2019-05-01 12:02:41.815,0.1,sell,5308.86,BTC-28JUN19-7000-C,63.02,0.0175,0.1,2,1556712161815,18505219,617
2019-05-01 12:27:05.083,0.1,buy,5297.1,BTC-28JUN19-7000-C,62.13,0.0165,0.1,2,1556713625083,18506154,618
2019-05-02 09:40:31.000,3.2,sell,5348.41,BTC-28JUN19-7000-C,62.18,0.0175,3.2,0,1556790031000,18544723,619
2019-05-02 13:21:23.433,16.0,sell,5351.2,BTC-28JUN19-7000-C,61.81,0.017,16.0,2,1556803283433,18550735,620
2019-05-02 13:21:23.433,2.3000000000000003,sell,5351.2,BTC-28JUN19-7000-C,60.71,0.016,2.3000000000000003,2,1556803283433,18550736,621
2019-05-03 04:42:51.944,0.1,buy,5485.3,BTC-28JUN19-7000-C,63.13,0.022000000000000002,0.1,0,1556858571944,18596636,622
2019-05-03 06:25:49.369,20.0,sell,5539.14,BTC-28JUN19-7000-C,61.67,0.0225,20.0,0,1556864749369,18602830,623
2019-05-03 09:55:06.959,1.0,buy,5782.15,BTC-28JUN19-7000-C,63.03,0.0325,1.0,0,1556877306959,18653253,624
2019-05-03 12:16:39.642,0.1,buy,5705.9,BTC-28JUN19-7000-C,63.11,0.03,0.1,2,1556885799642,18673827,625
2019-05-03 14:01:32.288,50.0,sell,5738.65,BTC-28JUN19-7000-C,60.95,0.0285,50.0,2,1556892092288,18680916,626
2019-05-03 14:01:32.288,3.0,sell,5738.65,BTC-28JUN19-7000-C,60.95,0.0285,3.0,3,1556892092288,18680917,627
2019-05-03 15:31:08.067,0.5,sell,5722.44,BTC-28JUN19-7000-C,62.61,0.03,0.5,0,1556897468067,18689450,628
2019-05-03 17:08:59.043,1.0,sell,5664.97,BTC-28JUN19-7000-C,63.36,0.029,1.0,2,1556903339043,18695228,629
2019-05-03 17:22:31.213,4.0,sell,5634.42,BTC-28JUN19-7000-C,63.31,0.028,4.0,2,1556904151213,18698523,630
2019-05-03 17:24:22.493,4.0,sell,5631.43,BTC-28JUN19-7000-C,63.36,0.027999999999999997,4.0,3,1556904262493,18699363,631
2019-05-03 22:36:29.911,42.0,sell,5658.75,BTC-28JUN19-7000-C,62.64,0.027999999999999997,42.0,3,1556922989911,18714095,632
2019-05-04 01:53:12.023,1.0,buy,5788.44,BTC-28JUN19-7000-C,62.05,0.032,1.0,0,1556934792023,18733151,633
2019-05-04 06:30:08.119,1.0,sell,5707.17,BTC-28JUN19-7000-C,61.3,0.0275,1.0,2,1556951408119,18752692,634
2019-05-04 13:30:10.538,1.0,sell,5687.28,BTC-28JUN19-7000-C,61.33,0.0265,1.0,2,1556976610538,18764783,635
2019-05-04 15:59:58.430,1.0,buy,5553.44,BTC-28JUN19-7000-C,62.44,0.0235,1.0,2,1556985598430,18785775,636
2019-05-04 23:00:42.776,0.1,buy,5819.64,BTC-28JUN19-7000-C,61.99,0.032,0.1,0,1557010842776,18828243,637
2019-05-04 23:34:18.839,0.2,sell,5759.65,BTC-28JUN19-7000-C,62.51,0.0305,0.2,2,1557012858839,18832332,638
2019-05-04 23:48:35.726,0.3,sell,5779.5,BTC-28JUN19-7000-C,61.77,0.0305,0.3,3,1557013715726,18833837,639
2019-05-05 00:13:05.764,5.0,sell,5739.41,BTC-28JUN19-7000-C,63.02,0.0305,5.0,3,1557015185764,18836351,640
2019-05-05 00:14:41.200,0.2,sell,5733.67,BTC-28JUN19-7000-C,63.16,0.0305,0.2,3,1557015281200,18836926,641
2019-05-05 00:16:24.422,0.2,sell,5715.38,BTC-28JUN19-7000-C,63.84,0.0305,0.2,3,1557015384422,18838559,642
2019-05-05 00:24:45.962,12.8,sell,5694.92,BTC-28JUN19-7000-C,64.14,0.0305,12.8,3,1557015885962,18840950,643
2019-05-05 00:24:50.998,4.0,sell,5694.01,BTC-28JUN19-7000-C,64.29,0.0305,4.0,3,1557015890998,18841081,644
2019-05-05 00:25:11.842,0.3,sell,5694.09,BTC-28JUN19-7000-C,64.29,0.0305,0.3,3,1557015911842,18841289,645
2019-05-05 01:02:22.473,0.5,sell,5744.58,BTC-28JUN19-7000-C,63.0,0.0305,0.5,3,1557018142473,18844094,646
2019-05-05 01:34:41.822,0.5,buy,5734.24,BTC-28JUN19-7000-C,63.71,0.031,0.5,0,1557020081822,18846143,647
2019-05-05 06:59:58.894,25.0,sell,5738.07,BTC-28JUN19-7000-C,63.12,0.0305,25.0,2,1557039598894,18857345,648
2019-05-05 07:00:14.739,1.5,sell,5737.63,BTC-28JUN19-7000-C,63.12,0.0305,1.5,3,1557039614739,18857351,649
2019-05-05 18:16:05.639,0.1,buy,5681.48,BTC-28JUN19-7000-C,62.71,0.0275,0.1,2,1557080165639,18890133,650
2019-05-05 21:01:50.511,0.1,buy,5773.28,BTC-28JUN19-7000-C,61.87,0.0295,0.1,0,1557090110511,18900391,651
2019-05-05 22:41:56.111,0.5,sell,5728.12,BTC-28JUN19-7000-C,60.69,0.0265,0.5,2,1557096116111,18905740,652
2019-05-06 01:33:03.745,0.1,buy,5586.16,BTC-28JUN19-7000-C,64.81,0.0265,0.1,3,1557106383745,18923583,653
2019-05-06 16:00:47.519,10.0,buy,5663.26,BTC-28JUN19-7000-C,64.23,0.027999999999999997,10.0,0,1557158447519,18957698,654
2019-05-06 16:03:33.763,4.0,buy,5684.25,BTC-28JUN19-7000-C,63.49,0.027999999999999997,4.0,1,1557158613763,18958237,655
2019-05-06 16:27:18.200,7.0,buy,5691.48,BTC-28JUN19-7000-C,63.2,0.027999999999999997,7.0,1,1557160038200,18961146,656
2019-05-06 16:40:03.450,10.0,buy,5699.76,BTC-28JUN19-7000-C,64.73,0.03,10.0,0,1557160803450,18962709,657
2019-05-06 16:40:08.063,10.0,buy,5700.06,BTC-28JUN19-7000-C,64.74,0.03,10.0,1,1557160808063,18962724,658
2019-05-07 02:33:30.558,0.1,buy,5855.83,BTC-28JUN19-7000-C,63.3,0.034,0.1,0,1557196410558,19000434,659
2019-05-07 02:56:04.855,1.0,buy,5880.21,BTC-28JUN19-7000-C,63.24,0.035,1.0,1,1557197764855,19007156,661
2019-05-07 02:56:04.855,0.1,buy,5880.21,BTC-28JUN19-7000-C,63.24,0.035,0.1,0,1557197764855,19007155,660
2019-05-07 03:31:46.631,0.3,sell,5901.34,BTC-28JUN19-7000-C,65.44,0.0385,0.3,0,1557199906631,19020228,662
2019-05-07 03:32:20.580,2.5,sell,5901.85,BTC-28JUN19-7000-C,65.47,0.0385,2.5,1,1557199940580,19020288,663
2019-05-07 05:27:48.899,0.5,sell,5888.93,BTC-28JUN19-7000-C,63.57,0.0355,0.5,2,1557206868899,19027856,664
2019-05-07 08:40:38.510,0.8,sell,5878.64,BTC-28JUN19-7000-C,63.89,0.0355,0.8,3,1557218438510,19033771,665
2019-05-07 13:59:18.728,0.3,buy,5946.77,BTC-28JUN19-7000-C,64.59,0.039,0.3,0,1557237558728,19045310,666
2019-05-08 15:05:50.295,1.1,sell,5867.4,BTC-28JUN19-7000-C,64.74,0.0335,1.1,2,1557327950295,19151495,667
2019-05-09 01:51:20.163,2.0,sell,6051.48,BTC-28JUN19-7000-C,63.86,0.0395,2.0,0,1557366680163,19214883,668
2019-05-09 06:47:16.467,2.0,sell,6061.71,BTC-28JUN19-7000-C,64.48,0.0405,2.0,0,1557384436467,19225432,669
2019-05-09 08:16:51.197,0.1,sell,6066.0,BTC-28JUN19-7000-C,64.6,0.0405,0.1,1,1557389811197,19227713,670
2019-05-09 10:43:11.535,1.0,sell,6057.82,BTC-28JUN19-7000-C,64.68,0.04,1.0,2,1557398591535,19234048,671
2019-05-09 14:38:41.952,1.0,sell,6001.32,BTC-28JUN19-7000-C,64.22,0.037000000000000005,1.0,2,1557412721952,19249675,672
2019-05-09 15:10:38.091,1.0,sell,5988.27,BTC-28JUN19-7000-C,64.25,0.0365,1.0,2,1557414638091,19250520,673
2019-05-09 15:25:21.251,10.0,sell,6007.84,BTC-28JUN19-7000-C,64.51,0.0375,10.0,0,1557415521251,19251226,674
2019-05-09 15:37:54.247,0.3,sell,5996.8,BTC-28JUN19-7000-C,64.2,0.0365,0.3,2,1557416274247,19251859,675
2019-05-09 16:07:01.492,9.0,sell,5994.83,BTC-28JUN19-7000-C,63.79,0.036000000000000004,9.0,2,1557418021492,19252515,677
2019-05-09 16:07:01.492,1.0,sell,5994.83,BTC-28JUN19-7000-C,64.19,0.0365,1.0,3,1557418021492,19252514,676
2019-05-09 16:53:03.480,10.0,sell,6042.64,BTC-28JUN19-7000-C,63.87,0.038,10.0,0,1557420783480,19254487,678
2019-05-09 17:22:55.345,0.2,buy,6040.92,BTC-28JUN19-7000-C,65.89,0.0405,0.2,0,1557422575345,19255561,679
2019-05-09 17:22:55.345,4.6000000000000005,buy,6040.92,BTC-28JUN19-7000-C,65.89,0.0405,4.6000000000000005,1,1557422575345,19255562,680
2019-05-09 19:09:15.192,2.0,buy,6046.48,BTC-28JUN19-7000-C,65.99,0.040999999999999995,2.0,0,1557428955192,19259556,681
2019-05-09 21:19:01.136,0.1,buy,6089.18,BTC-28JUN19-7000-C,65.58,0.042,0.1,0,1557436741136,19264637,682
2019-05-10 02:21:06.154,10.0,buy,6196.67,BTC-28JUN19-7000-C,64.45,0.0445,10.0,0,1557454866154,19291495,683
2019-05-10 02:30:52.447,0.5,sell,6209.45,BTC-28JUN19-7000-C,63.5,0.044000000000000004,0.5,2,1557455452447,19295302,684
2019-05-10 02:43:30.268,1.0,sell,6239.79,BTC-28JUN19-7000-C,64.25,0.0465,1.0,0,1557456210268,19297302,685
2019-05-10 06:15:57.936,2.0,sell,6267.09,BTC-28JUN19-7000-C,64.53,0.047,2.0,0,1557468957936,19326421,686
2019-05-10 07:30:49.893,0.1,buy,6308.58,BTC-28JUN19-7000-C,64.85,0.05,0.1,0,1557473449893,19332234,687
2019-05-10 07:43:16.650,0.5,buy,6330.63,BTC-28JUN19-7000-C,65.54,0.052000000000000005,0.5,0,1557474196650,19334823,688
2019-05-10 08:17:34.827,1.0,sell,6273.97,BTC-28JUN19-7000-C,64.42,0.0475,1.0,2,1557476254827,19339558,689
2019-05-10 15:51:32.419,2.0,buy,6283.97,BTC-28JUN19-7000-C,63.86,0.047,2.0,2,1557503492419,19366221,690
2019-05-10 15:54:24.038,1.1,buy,6285.0,BTC-28JUN19-7000-C,64.21,0.0475,1.1,0,1557503664038,19366395,691
2019-05-10 16:11:06.383,0.5,buy,6337.98,BTC-28JUN19-7000-C,64.16,0.05,0.5,0,1557504666383,19369356,692
2019-05-10 16:16:47.336,1.0,sell,6359.31,BTC-28JUN19-7000-C,63.28,0.05,1.0,1,1557505007336,19371411,693
2019-05-10 16:32:08.848,0.1,buy,6346.81,BTC-28JUN19-7000-C,65.32,0.052000000000000005,0.1,0,1557505928848,19373034,694
2019-05-10 17:31:11.931,0.1,buy,6394.47,BTC-28JUN19-7000-C,64.12,0.0525,0.1,0,1557509471931,19385415,695
2019-05-10 17:45:29.332,1.0,buy,6386.56,BTC-28JUN19-7000-C,66.62,0.0555,1.0,0,1557510329332,19386410,696
2019-05-10 18:57:31.810,4.8,sell,6393.41,BTC-28JUN19-7000-C,64.68,0.053,4.8,2,1557514651810,19391159,697
2019-05-10 19:47:58.148,0.5,buy,6386.41,BTC-28JUN19-7000-C,66.84,0.0555,0.5,0,1557517678148,19394644,698
2019-05-10 20:11:31.460,0.1,buy,6355.6,BTC-28JUN19-7000-C,66.8,0.054000000000000006,0.1,2,1557519091460,19396241,699
2019-05-11 02:00:01.673,2.0,buy,6483.96,BTC-28JUN19-7000-C,64.72,0.057999999999999996,2.0,0,1557540001673,19424773,700
2019-05-11 02:00:21.951,2.4,buy,6486.41,BTC-28JUN19-7000-C,64.65,0.057999999999999996,2.4,1,1557540021951,19424828,701
2019-05-11 02:56:11.458,1.0,buy,6499.89,BTC-28JUN19-7000-C,64.75,0.059000000000000004,1.0,0,1557543371458,19431710,702
2019-05-11 03:07:40.841,0.1,buy,6543.72,BTC-28JUN19-7000-C,64.11,0.061,0.1,0,1557544060841,19435340,703
2019-05-11 03:09:04.711,0.1,buy,6533.23,BTC-28JUN19-7000-C,65.25,0.062,0.1,0,1557544144711,19435685,704
2019-05-11 03:12:16.930,0.1,buy,6544.51,BTC-28JUN19-7000-C,65.44,0.063,0.1,0,1557544336930,19436045,705
2019-05-11 03:44:05.503,0.1,buy,6561.28,BTC-28JUN19-7000-C,65.82,0.064,0.1,0,1557546245503,19439146,706
2019-05-11 04:01:00.197,10.0,sell,6549.98,BTC-28JUN19-7000-C,63.99,0.0605,10.0,2,1557547260197,19441636,707
2019-05-11 04:03:25.810,1.0,sell,6577.75,BTC-28JUN19-7000-C,63.9,0.062,1.0,0,1557547405810,19442054,708
2019-05-11 04:07:18.322,10.0,sell,6569.76,BTC-28JUN19-7000-C,63.25,0.0605,10.0,2,1557547638322,19442663,709
2019-05-11 04:10:08.536,0.1,sell,6553.08,BTC-28JUN19-7000-C,62.87,0.059000000000000004,0.1,2,1557547808536,19442908,710
2019-05-11 04:38:09.293,9.0,buy,6601.94,BTC-28JUN19-7000-C,62.72,0.062,9.0,0,1557549489293,19446145,711
2019-05-11 04:41:10.117,1.0,sell,6600.53,BTC-28JUN19-7000-C,62.13,0.061,1.0,2,1557549670117,19447443,712
2019-05-11 04:41:29.081,1.0,sell,6599.94,BTC-28JUN19-7000-C,62.23,0.061,1.0,3,1557549689081,19447510,713
2019-05-11 04:47:51.445,0.1,buy,6687.08,BTC-28JUN19-7000-C,61.55,0.065,0.1,0,1557550071445,19451328,714
2019-05-11 04:49:26.483,0.1,buy,6722.44,BTC-28JUN19-7000-C,60.67,0.066,0.1,0,1557550166483,19452883,715
2019-05-11 04:52:54.358,0.1,buy,6699.49,BTC-28JUN19-7000-C,64.39,0.07,0.1,0,1557550374358,19457200,716
2019-05-11 05:00:06.736,10.0,sell,6697.92,BTC-28JUN19-7000-C,62.15,0.0665,10.0,2,1557550806736,19461179,717
2019-05-11 05:03:05.719,10.0,sell,6655.09,BTC-28JUN19-7000-C,61.92,0.064,10.0,2,1557550985719,19463031,718
2019-05-11 06:20:29.323,10.0,sell,6848.3,BTC-28JUN19-7000-C,62.33,0.0745,10.0,0,1557555629323,19490228,719
2019-05-11 06:20:34.774,12.0,sell,6848.87,BTC-28JUN19-7000-C,61.92,0.07400000000000001,12.0,2,1557555634774,19490240,720
2019-05-11 06:26:03.647,0.2,sell,6911.31,BTC-28JUN19-7000-C,66.47,0.084,0.2,0,1557555963647,19495008,721
2019-05-11 06:54:35.844,0.1,buy,6814.36,BTC-28JUN19-7000-C,65.3,0.078,0.1,2,1557557675844,19515979,722
2019-05-11 07:22:21.674,1.2,sell,6842.73,BTC-28JUN19-7000-C,62.9,0.076,1.2,2,1557559341674,19523764,723
2019-05-11 07:50:07.380,0.1,sell,6787.52,BTC-28JUN19-7000-C,63.15,0.073,0.1,2,1557561007380,19528331,724
2019-05-11 09:02:56.608,0.2,buy,6721.87,BTC-28JUN19-7000-C,66.42,0.075,0.2,0,1557565376608,19541177,725
2019-05-11 09:10:18.884,0.5,buy,6716.42,BTC-28JUN19-7000-C,63.35,0.07,0.5,2,1557565818884,19541973,726
2019-05-11 09:23:59.018,0.5,buy,6731.24,BTC-28JUN19-7000-C,64.95,0.073,0.5,0,1557566639018,19543613,727
2019-05-11 09:25:06.408,3.0,buy,6734.91,BTC-28JUN19-7000-C,68.66,0.0785,3.0,0,1557566706408,19543656,728
2019-05-11 09:25:21.329,8.0,buy,6730.05,BTC-28JUN19-7000-C,69.2,0.079,8.0,0,1557566721329,19543699,729
2019-05-11 09:25:36.316,8.5,buy,6726.5,BTC-28JUN19-7000-C,71.08,0.0815,8.5,0,1557566736316,19543720,730
2019-05-11 10:08:15.854,1.0,sell,6822.64,BTC-28JUN19-7000-C,64.38,0.0775,1.0,2,1557569295854,19548174,731
2019-05-11 10:13:11.560,1.0,sell,6831.01,BTC-28JUN19-7000-C,64.33,0.078,1.0,0,1557569591560,19548770,732
2019-05-11 10:39:36.020,1.0,sell,6823.64,BTC-28JUN19-7000-C,64.9,0.078,1.0,1,1557571176020,19551832,733
2019-05-11 10:43:34.021,1.0,buy,6811.73,BTC-28JUN19-7000-C,71.36,0.0865,1.0,0,1557571414021,19552242,734
2019-05-11 10:43:34.021,5.0,buy,6811.73,BTC-28JUN19-7000-C,71.36,0.0865,5.0,1,1557571414021,19552243,735
2019-05-11 10:46:04.370,12.0,buy,6802.93,BTC-28JUN19-7000-C,72.84,0.0885,12.0,0,1557571564370,19552900,736
2019-05-11 10:46:19.790,12.0,buy,6806.56,BTC-28JUN19-7000-C,74.33,0.091,12.0,0,1557571579790,19552990,737
2019-05-11 10:58:01.675,12.0,buy,6839.92,BTC-28JUN19-7000-C,76.84,0.0965,12.0,0,1557572281675,19553990,738
2019-05-11 10:58:17.328,12.0,buy,6840.94,BTC-28JUN19-7000-C,77.84,0.098,12.0,0,1557572297328,19554013,739
2019-05-11 10:58:47.750,12.0,buy,6841.28,BTC-28JUN19-7000-C,78.5,0.099,12.0,0,1557572327750,19554031,740
2019-05-11 10:59:04.816,12.0,buy,6840.57,BTC-28JUN19-7000-C,79.2,0.1,12.0,0,1557572344816,19554053,741
2019-05-11 10:59:19.424,12.0,buy,6839.71,BTC-28JUN19-7000-C,79.55,0.1005,12.0,0,1557572359424,19554066,742
2019-05-11 11:25:55.397,12.0,buy,6805.67,BTC-28JUN19-7000-C,82.08,0.1025,12.0,0,1557573955397,19556517,743
2019-05-11 11:25:55.397,8.0,buy,6805.67,BTC-28JUN19-7000-C,82.08,0.1025,8.0,1,1557573955397,19556518,744
2019-05-11 12:21:50.953,5.0,sell,6766.92,BTC-28JUN19-7000-C,77.52,0.094,5.0,2,1557577310953,19562883,745
2019-05-11 12:38:05.587,1.0,sell,6770.88,BTC-28JUN19-7000-C,77.92,0.095,1.0,0,1557578285587,19564108,746
2019-05-11 13:03:55.810,0.2,buy,6779.99,BTC-28JUN19-7000-C,79.39,0.098,0.2,0,1557579835810,19566402,747
2019-05-11 13:43:33.972,1.0,sell,6794.69,BTC-28JUN19-7000-C,73.58,0.0905,1.0,2,1557582213972,19568789,748
2019-05-11 14:12:11.191,1.0,buy,6821.95,BTC-28JUN19-7000-C,72.84,0.0915,1.0,0,1557583931191,19570460,749
2019-05-11 14:14:24.317,0.8,buy,6815.37,BTC-28JUN19-7000-C,77.56,0.0975,0.8,0,1557584064317,19571228,750
2019-05-11 14:14:24.317,12.2,buy,6815.37,BTC-28JUN19-7000-C,77.56,0.0975,12.2,1,1557584064317,19571229,751
2019-05-11 15:44:58.555,6.0,buy,6863.37,BTC-28JUN19-7000-C,74.48,0.096,6.0,2,1557589498555,19583851,752
2019-05-11 15:53:31.136,1.0,sell,6904.67,BTC-28JUN19-7000-C,75.56,0.1005,1.0,0,1557590011136,19585901,753
2019-05-11 15:57:49.562,34.0,buy,6929.64,BTC-28JUN19-7000-C,76.93,0.1045,34.0,0,1557590269562,19588230,754
2019-05-11 16:21:18.950,44.3,sell,7002.0,BTC-28JUN19-7000-C,74.07,0.1045,44.3,1,1557591678950,19601124,755
2019-05-11 16:21:18.950,14.4,sell,7002.0,BTC-28JUN19-7000-C,74.07,0.1045,14.4,1,1557591678950,19601125,756
2019-05-11 18:01:51.730,1.0,buy,6978.41,BTC-28JUN19-7000-C,75.0,0.105,1.0,0,1557597711730,19618398,757
2019-05-11 18:13:09.333,21.4,buy,6999.57,BTC-28JUN19-7000-C,74.94,0.106,21.4,0,1557598389333,19619860,758
2019-05-11 18:13:09.432,21.4,buy,6999.57,BTC-28JUN19-7000-C,74.94,0.106,21.4,1,1557598389432,19619861,759
2019-05-11 18:14:18.694,7.2,buy,7009.22,BTC-28JUN19-7000-C,74.38,0.106,7.2,1,1557598458694,19620477,760
2019-05-11 18:38:22.138,0.3,buy,6983.49,BTC-28JUN19-7000-C,76.67,0.1075,0.3,0,1557599902138,19626860,761
2019-05-11 19:29:33.832,4.7,sell,6914.25,BTC-28JUN19-7000-C,76.63,0.10300000000000001,4.7,2,1557602973832,19631584,762
2019-05-11 19:30:36.557,0.3,sell,6925.06,BTC-28JUN19-7000-C,76.25,0.10300000000000001,0.3,3,1557603036557,19631783,763
2019-05-11 19:41:33.591,0.7000000000000001,buy,6938.45,BTC-28JUN19-7000-C,73.38,0.1,0.7000000000000001,2,1557603693591,19633148,764
2019-05-11 21:04:51.200,5.0,sell,6957.74,BTC-28JUN19-7000-C,73.54,0.10099999999999999,5.0,0,1557608691200,19638619,765
2019-05-11 21:54:03.918,1.0,buy,7038.4,BTC-28JUN19-7000-C,72.83,0.105,1.0,0,1557611643918,19644676,766
2019-05-11 21:54:51.424,0.2,buy,7037.22,BTC-28JUN19-7000-C,72.88,0.105,0.2,1,1557611691424,19644857,767
2019-05-11 21:57:12.418,5.0,buy,7057.95,BTC-28JUN19-7000-C,75.73,0.111,5.0,0,1557611832418,19645782,768
2019-05-11 21:57:12.418,5.0,buy,7057.95,BTC-28JUN19-7000-C,75.73,0.111,5.0,1,1557611832418,19645783,769
2019-05-11 21:58:54.603,5.0,buy,7075.41,BTC-28JUN19-7000-C,76.58,0.113,5.0,0,1557611934603,19646340,770
2019-05-11 22:01:24.005,1.0,buy,7103.21,BTC-28JUN19-7000-C,76.42,0.115,1.0,0,1557612084005,19648017,771
2019-05-11 22:01:24.005,0.7000000000000001,buy,7103.21,BTC-28JUN19-7000-C,76.42,0.115,0.7000000000000001,1,1557612084005,19648018,772
2019-05-11 22:01:29.382,0.3,sell,7097.94,BTC-28JUN19-7000-C,76.74,0.115,0.3,1,1557612089382,19648183,773
2019-05-11 22:03:20.048,9.0,buy,7118.94,BTC-28JUN19-7000-C,79.43,0.12,9.0,0,1557612200048,19649072,774
2019-05-11 22:14:28.580,5.0,buy,7120.28,BTC-28JUN19-7000-C,77.17,0.1185,5.0,2,1557612868580,19660369,775
2019-05-11 22:17:03.819,0.5,buy,7140.49,BTC-28JUN19-7000-C,74.03,0.115,0.5,2,1557613023819,19661292,776
2019-05-11 22:22:00.385,0.6,buy,7163.87,BTC-28JUN19-7000-C,80.53,0.126,0.6,0,1557613320385,19662982,777
2019-05-11 22:29:47.635,9.0,buy,7221.74,BTC-28JUN19-7000-C,80.53,0.1305,9.0,0,1557613787635,19669442,778
2019-05-11 22:29:56.002,9.6,buy,7216.86,BTC-28JUN19-7000-C,81.33,0.1315,9.6,0,1557613796002,19669526,779
2019-05-11 22:29:57.785,2.4,sell,7214.95,BTC-28JUN19-7000-C,81.91,0.132,2.4,0,1557613797785,19669533,780
2019-05-11 22:31:34.698,5.0,buy,7245.83,BTC-28JUN19-7000-C,82.32,0.1345,5.0,1,1557613894698,19670088,782
2019-05-11 22:31:34.698,5.0,buy,7245.83,BTC-28JUN19-7000-C,82.32,0.1345,5.0,0,1557613894698,19670087,781
2019-05-11 22:31:42.071,5.0,buy,7250.93,BTC-28JUN19-7000-C,82.17,0.1345,5.0,1,1557613902071,19670212,783
2019-05-11 22:31:50.820,1.0,buy,7265.31,BTC-28JUN19-7000-C,81.67,0.135,1.0,0,1557613910820,19670421,784
2019-05-11 22:32:05.392,2.0,buy,7281.08,BTC-28JUN19-7000-C,82.34,0.1375,2.0,0,1557613925392,19670800,785
2019-05-11 22:32:10.978,9.0,sell,7277.95,BTC-28JUN19-7000-C,82.67,0.138,9.0,0,1557613930978,19670952,786
2019-05-11 22:32:52.963,9.0,sell,7252.42,BTC-28JUN19-7000-C,84.41,0.138,9.0,1,1557613972963,19671519,787
2019-05-11 22:33:23.892,30.0,buy,7279.57,BTC-28JUN19-7000-C,84.45,0.14,30.0,0,1557614003892,19672007,788
2019-05-11 22:34:35.503,9.6,buy,7327.72,BTC-28JUN19-7000-C,85.37,0.1455,9.6,0,1557614075503,19673434,789
2019-05-11 22:34:37.471,9.6,sell,7328.15,BTC-28JUN19-7000-C,85.75,0.146,9.6,0,1557614077471,19673484,790
2019-05-11 22:34:41.888,0.8,sell,7318.22,BTC-28JUN19-7000-C,86.16,0.146,0.8,1,1557614081888,19673742,791
2019-05-11 22:35:41.019,1.5,sell,7334.84,BTC-28JUN19-7000-C,78.83,0.1365,1.5,2,1557614141019,19674855,792
2019-05-11 22:39:41.285,6.0,buy,7276.59,BTC-28JUN19-7000-C,86.08,0.1425,6.0,0,1557614381285,19679265,793
2019-05-11 22:40:25.254,13.2,buy,7239.08,BTC-28JUN19-7000-C,86.64,0.141,13.2,2,1557614425254,19680048,794
2019-05-11 22:40:38.164,0.8,sell,7223.51,BTC-28JUN19-7000-C,87.97,0.1415,0.8,0,1557614438164,19680461,795
2019-05-11 23:13:38.952,0.9,buy,7399.93,BTC-28JUN19-7000-C,80.11,0.14,0.9,2,1557616418952,19700185,796
2019-05-11 23:34:23.098,0.2,sell,7412.77,BTC-28JUN19-7000-C,87.64,0.15,0.2,0,1557617663098,19714811,797
2019-05-11 23:52:23.925,0.2,sell,7268.48,BTC-28JUN19-7000-C,84.16,0.1365,0.2,2,1557618743925,19725813,798
2019-05-12 00:19:31.840,0.3,sell,7277.57,BTC-28JUN19-7000-C,84.04,0.13699999999999998,0.3,0,1557620371840,19739003,799
2019-05-12 00:25:22.649,19.5,buy,7245.43,BTC-28JUN19-7000-C,84.12,0.1345,19.5,2,1557620722649,19741761,800
2019-05-12 00:32:37.664,10.0,sell,7057.64,BTC-28JUN19-7000-C,76.4,0.1115,10.0,2,1557621157664,19747587,801
2019-05-12 00:32:37.666,10.0,buy,7057.64,BTC-28JUN19-7000-C,76.4,0.1115,10.0,3,1557621157666,19747589,802
2019-05-12 01:05:41.162,11.0,sell,7087.69,BTC-28JUN19-7000-C,88.01,0.13,11.0,0,1557623141162,19768734,803
2019-05-12 02:11:36.204,0.5,buy,7242.6,BTC-28JUN19-7000-C,85.13,0.1345,0.5,0,1557627096204,19785367,804
2019-05-12 06:37:16.490,1.0,sell,7420.47,BTC-28JUN19-7000-C,81.42,0.1405,1.0,0,1557643036490,19824459,805
2019-05-12 06:38:09.419,4.0,sell,7391.21,BTC-28JUN19-7000-C,82.84,0.1405,4.0,1,1557643089419,19824686,806
2019-05-12 06:39:53.664,5.0,sell,7393.46,BTC-28JUN19-7000-C,81.29,0.1385,5.0,2,1557643193664,19825036,807
2019-05-12 06:41:00.353,5.0,sell,7395.47,BTC-28JUN19-7000-C,80.51,0.1375,5.0,2,1557643260353,19825165,808
2019-05-12 06:47:00.846,1.0,buy,7380.84,BTC-28JUN19-7000-C,83.33,0.1405,1.0,0,1557643620846,19826262,809
2019-05-12 07:00:41.408,1.0,buy,7392.1,BTC-28JUN19-7000-C,86.21,0.145,1.0,0,1557644441408,19827627,810
2019-05-12 07:02:59.618,0.5,buy,7393.09,BTC-28JUN19-7000-C,86.27,0.145,0.5,1,1557644579618,19827732,811
2019-05-12 07:03:25.706,0.5,buy,7400.31,BTC-28JUN19-7000-C,85.94,0.145,0.5,1,1557644605706,19827794,812
2019-05-12 07:04:45.125,2.6,buy,7409.3,BTC-28JUN19-7000-C,85.49,0.145,2.6,1,1557644685125,19827947,813
2019-05-12 07:07:20.515,0.3,buy,7439.67,BTC-28JUN19-7000-C,84.08,0.145,0.3,1,1557644840515,19828486,814
2019-05-12 07:09:07.987,0.1,buy,7482.62,BTC-28JUN19-7000-C,81.83,0.145,0.1,1,1557644947987,19829557,815
2019-05-12 07:12:48.068,2.0,buy,7522.86,BTC-28JUN19-7000-C,82.29,0.1475,2.0,0,1557645168068,19831543,816
2019-05-12 07:15:20.701,1.0,buy,7521.17,BTC-28JUN19-7000-C,82.59,0.1475,1.0,1,1557645320701,19832719,817
2019-05-12 07:22:45.567,0.5,buy,7521.09,BTC-28JUN19-7000-C,81.82,0.147,0.5,2,1557645765567,19834701,818
2019-05-12 07:23:08.821,1.0,buy,7545.16,BTC-28JUN19-7000-C,80.96,0.1475,1.0,0,1557645788821,19834877,819
2019-05-12 07:23:22.961,1.0,buy,7543.84,BTC-28JUN19-7000-C,81.4,0.1475,1.0,1,1557645802961,19834991,820
2019-05-12 07:41:48.668,0.2,buy,7527.38,BTC-28JUN19-7000-C,83.68,0.15,0.2,0,1557646908668,19838773,821
2019-05-12 07:45:26.785,0.5,buy,7511.09,BTC-28JUN19-7000-C,84.44,0.15,0.5,1,1557647126785,19839832,822
2019-05-12 07:59:48.195,9.6,sell,7527.95,BTC-28JUN19-7000-C,80.46,0.1455,9.6,2,1557647988195,19842007,823
2019-05-12 08:00:36.428,0.4,buy,7528.4,BTC-28JUN19-7000-C,80.26,0.145,0.4,2,1557648036428,19842217,824
2019-05-12 08:15:08.001,1.0,sell,7361.92,BTC-28JUN19-7000-C,78.65,0.1325,1.0,2,1557648908001,19852637,825
2019-05-12 08:15:08.001,0.5,sell,7361.92,BTC-28JUN19-7000-C,75.36,0.128,0.5,2,1557648908001,19852638,826
2019-05-12 09:18:08.008,9.6,buy,7439.21,BTC-28JUN19-7000-C,78.51,0.13699999999999998,9.6,0,1557652688008,19872628,827
2019-05-12 09:19:07.999,2.0,buy,7451.24,BTC-28JUN19-7000-C,77.17,0.136,2.0,2,1557652747999,19873148,828
2019-05-12 09:19:50.601,9.6,buy,7469.78,BTC-28JUN19-7000-C,76.32,0.136,9.6,3,1557652790601,19873369,829
2019-05-12 09:19:50.634,9.6,buy,7469.78,BTC-28JUN19-7000-C,76.3,0.136,9.6,3,1557652790634,19873370,830
2019-05-12 09:20:11.415,1.0,buy,7487.3,BTC-28JUN19-7000-C,75.55,0.136,1.0,3,1557652811415,19873608,831
2019-05-12 09:20:14.001,1.0,buy,7484.64,BTC-28JUN19-7000-C,75.6,0.136,1.0,3,1557652814001,19873645,832
2019-05-12 09:20:30.232,1.0,buy,7469.52,BTC-28JUN19-7000-C,76.6,0.136,1.0,3,1557652830232,19873910,833
2019-05-12 09:21:49.902,1.0,buy,7492.19,BTC-28JUN19-7000-C,75.28,0.136,1.0,3,1557652909902,19874391,834
2019-05-12 09:22:22.982,1.0,buy,7496.4,BTC-28JUN19-7000-C,74.96,0.136,1.0,3,1557652942982,19874676,835
2019-05-12 09:22:48.571,2.0,buy,7508.14,BTC-28JUN19-7000-C,74.16,0.136,2.0,3,1557652968571,19874837,836
2019-05-12 09:23:28.896,1.0,buy,7503.04,BTC-28JUN19-7000-C,74.71,0.136,1.0,3,1557653008896,19875030,837
2019-05-12 09:23:29.987,0.8,buy,7503.67,BTC-28JUN19-7000-C,74.7,0.136,0.8,3,1557653009987,19875050,838
2019-05-12 09:25:31.302,9.6,sell,7520.09,BTC-28JUN19-7000-C,73.07,0.135,9.6,2,1557653131302,19875657,839
2019-05-12 09:25:56.441,9.6,buy,7523.96,BTC-28JUN19-7000-C,72.75,0.135,9.6,3,1557653156441,19875753,840
2019-05-12 09:27:02.173,30.0,buy,7528.24,BTC-28JUN19-7000-C,73.52,0.136,30.0,0,1557653222173,19876270,841
2019-05-12 09:27:56.137,20.0,buy,7544.8,BTC-28JUN19-7000-C,72.95,0.136,20.0,1,1557653276137,19876481,842
2019-05-12 09:28:15.857,0.4,buy,7550.33,BTC-28JUN19-7000-C,72.45,0.136,0.4,1,1557653295857,19876583,843
2019-05-12 09:28:32.881,1.0,buy,7547.27,BTC-28JUN19-7000-C,72.99,0.13699999999999998,1.0,0,1557653312881,19876834,844
2019-05-12 09:28:34.767,9.8,buy,7547.62,BTC-28JUN19-7000-C,73.19,0.13699999999999998,9.8,1,1557653314767,19876859,845
2019-05-12 09:50:52.181,1.0,buy,7333.41,BTC-28JUN19-7000-C,83.71,0.138,1.0,0,1557654652181,19890543,846
2019-05-12 09:52:41.735,1.0,buy,7327.17,BTC-28JUN19-7000-C,83.08,0.136,1.0,2,1557654761735,19892279,847
2019-05-12 10:13:42.154,1.0,buy,7424.02,BTC-28JUN19-7000-C,79.94,0.138,1.0,0,1557656022154,19900564,848
2019-05-12 10:17:55.076,1.0,buy,7434.04,BTC-28JUN19-7000-C,79.51,0.138,1.0,1,1557656275076,19901167,849
2019-05-12 10:19:34.153,1.0,buy,7460.73,BTC-28JUN19-7000-C,78.3,0.138,1.0,1,1557656374153,19901864,850
2019-05-12 11:19:23.233,10.0,sell,7273.43,BTC-28JUN19-7000-C,73.82,0.12,10.0,2,1557659963233,19928837,851
