date_utc,amount,direction,indexPrice,instrument,iv,price,quantity,tickDirection,timeStamp,tradeId,tradeSeq
2019-02-15 02:29:51.636,5.0,buy,3567.77,BTC-28JUN19-7000-C,59.69,0.0055,5.0,3,1550197791636,15377373,301
2019-02-15 08:58:23.375,5.0,buy,3575.28,BTC-28JUN19-7000-C,60.37,0.006,5.0,0,1550221103375,15383015,302
2019-02-17 07:48:03.137,0.2,sell,3596.92,BTC-28JUN19-7000-C,59.32,0.0055,0.2,2,1550389683137,15429012,303
2019-02-17 12:39:02.269,4.8,sell,3570.99,BTC-28JUN19-7000-C,59.81,0.0055,4.8,3,1550407142269,15445626,304
2019-02-17 23:46:25.668,10.0,buy,3638.31,BTC-28JUN19-7000-C,59.55,0.006,10.0,0,1550447185668,15460082,305
2019-02-17 23:46:29.096,10.0,buy,3638.82,BTC-28JUN19-7000-C,59.55,0.006,10.0,1,1550447189096,15460093,306
2019-02-17 23:46:30.274,10.0,buy,3638.54,BTC-28JUN19-7000-C,59.54,0.006,10.0,1,1550447190274,15460097,307
2019-02-18 17:18:38.660,2.0,buy,3874.61,BTC-28JUN19-7000-C,57.14,0.0075,2.0,0,1550510318660,15568719,308
2019-02-18 17:18:41.591,1.0,buy,3875.08,BTC-28JUN19-7000-C,59.18,0.009000000000000001,1.0,0,1550510321591,15568725,309
2019-02-18 17:19:09.826,3.5,sell,3878.52,BTC-28JUN19-7000-C,58.45,0.0085,3.5,2,1550510349826,15568777,310
2019-02-19 08:23:39.051,1.5,buy,3883.79,BTC-28JUN19-7000-C,62.56,0.012,1.5,0,1550564619051,15614974,311
2019-02-19 14:11:18.440,0.1,sell,3937.08,BTC-28JUN19-7000-C,61.1,0.0115,0.1,2,1550585478440,15639813,312
2019-02-19 15:09:28.117,5.0,buy,3954.12,BTC-28JUN19-7000-C,61.4,0.012,5.0,0,1550588968117,15647611,313
2019-02-19 21:26:56.631,9.0,sell,3934.43,BTC-28JUN19-7000-C,61.36,0.0115,9.0,2,1550611616631,15662214,314
2019-02-19 21:37:24.567,0.9,sell,3928.24,BTC-28JUN19-7000-C,61.49,0.0115,0.9,3,1550612244567,15662544,315
2019-02-20 09:46:48.315,1.0,buy,3912.0,BTC-28JUN19-7000-C,61.94,0.0115,1.0,3,1550656008315,15683569,316
2019-02-21 06:28:51.555,3.0,buy,3929.45,BTC-28JUN19-7000-C,62.17,0.012,3.0,0,1550730531555,15730215,317
2019-02-21 06:29:29.274,4.0,sell,3931.67,BTC-28JUN19-7000-C,62.14,0.012,4.0,1,1550730569274,15730230,318
2019-02-21 10:08:18.165,1.0,sell,3897.72,BTC-28JUN19-7000-C,60.41,0.01,1.0,2,1550743698165,15737928,319
2019-02-21 11:04:25.180,0.1,sell,3896.96,BTC-28JUN19-7000-C,59.14,0.009000000000000001,0.1,2,1550747065180,15739316,320
2019-02-21 11:33:12.113,5.2,sell,3884.63,BTC-28JUN19-7000-C,58.65,0.0085,5.2,2,1550748792113,15741335,321
2019-02-21 12:06:07.601,4.6000000000000005,sell,3899.09,BTC-28JUN19-7000-C,57.72,0.008,4.6000000000000005,3,1550750767601,15742019,323
2019-02-21 12:06:07.601,0.4,sell,3899.09,BTC-28JUN19-7000-C,57.72,0.008,0.4,3,1550750767601,15742020,324
2019-02-21 12:06:07.601,15.0,sell,3899.09,BTC-28JUN19-7000-C,57.72,0.008,15.0,2,1550750767601,15742018,322
2019-02-21 15:19:21.690,1.0,sell,3893.61,BTC-28JUN19-7000-C,58.6,0.0085,1.0,0,1550762361690,15745715,325
2019-02-22 08:10:29.180,9.8,sell,3893.29,BTC-28JUN19-7000-C,59.45,0.009000000000000001,9.8,1,1550823029180,15760345,327
2019-02-22 08:10:29.180,0.2,sell,3893.29,BTC-28JUN19-7000-C,59.45,0.009000000000000001,0.2,0,1550823029180,15760344,326
2019-02-22 10:10:49.600,0.4,buy,3917.53,BTC-28JUN19-7000-C,61.25,0.011000000000000001,0.4,0,1550830249600,15766567,328
2019-02-22 16:04:49.277,2.0,buy,3930.24,BTC-28JUN19-7000-C,61.36,0.011,2.0,1,1550851489277,15782872,329
2019-02-23 16:33:32.889,0.1,sell,3929.53,BTC-28JUN19-7000-C,60.6,0.01,0.1,2,1550939612889,15806147,330
2019-02-23 17:38:51.099,0.9,sell,4027.21,BTC-28JUN19-7000-C,59.47,0.0105,0.9,1,1550943531099,15822926,332
2019-02-23 17:38:51.099,0.1,sell,4027.21,BTC-28JUN19-7000-C,59.47,0.0105,0.1,0,1550943531099,15822925,331
2019-02-23 18:04:37.239,0.1,buy,4126.92,BTC-28JUN19-7000-C,60.12,0.013000000000000001,0.1,0,1550945077239,15832179,333
2019-02-23 18:04:52.792,0.1,buy,4130.95,BTC-28JUN19-7000-C,60.02,0.013,0.1,1,1550945092792,15832410,334
2019-02-23 18:05:08.342,0.1,buy,4129.89,BTC-28JUN19-7000-C,60.03,0.013,0.1,1,1550945108342,15832608,335
2019-02-23 18:05:23.908,0.1,buy,4127.64,BTC-28JUN19-7000-C,60.13,0.013,0.1,1,1550945123908,15832743,336
2019-02-23 18:05:39.402,0.1,buy,4127.49,BTC-28JUN19-7000-C,60.14,0.013000000000000001,0.1,1,1550945139402,15832860,337
2019-02-23 18:14:39.469,0.1,buy,4104.42,BTC-28JUN19-7000-C,60.49,0.013,0.1,1,1550945679469,15835408,338
2019-02-23 19:55:44.814,1.0,buy,4101.81,BTC-28JUN19-7000-C,60.73,0.013000000000000001,1.0,1,1550951744814,15843164,339
2019-02-24 07:51:15.173,0.4,sell,4157.76,BTC-28JUN19-7000-C,59.76,0.013000000000000001,0.4,1,1550994675173,15871898,340
2019-02-24 10:15:48.175,10.0,buy,4131.88,BTC-28JUN19-7000-C,62.94,0.016,10.0,0,1551003348175,15876472,341
2019-02-24 14:03:36.599,0.2,sell,4047.5,BTC-28JUN19-7000-C,62.51,0.014,0.2,2,1551017016599,15885519,342
2019-02-24 14:14:12.585,1.8,sell,3852.18,BTC-28JUN19-7000-C,63.18,0.0105,1.8,2,1551017652585,15896821,343
2019-02-25 08:40:49.099,18.0,sell,3768.91,BTC-28JUN19-7000-C,61.92,0.008,18.0,3,1551084049099,15980751,345
2019-02-25 08:40:49.099,12.0,sell,3768.91,BTC-28JUN19-7000-C,61.92,0.008,12.0,2,1551084049099,15980750,344
2019-02-25 20:18:26.237,2.0,sell,3846.42,BTC-28JUN19-7000-C,62.08,0.009000000000000001,2.0,2,1551125906237,16006948,347
2019-02-25 20:18:26.237,3.0,sell,3846.42,BTC-28JUN19-7000-C,63.4,0.01,3.0,0,1551125906237,16006947,346
2019-02-26 15:44:40.538,0.1,buy,3811.75,BTC-28JUN19-7000-C,65.02,0.0105,0.1,0,1551195880538,16034940,348
2019-02-28 02:11:09.252,5.0,sell,3810.44,BTC-28JUN19-7000-C,61.81,0.008,5.0,2,1551319869252,16092526,349
2019-03-01 15:59:00.666,10.0,sell,3815.51,BTC-28JUN19-7000-C,62.03,0.008,10.0,3,1551455940666,16151634,350
2019-03-01 15:59:10.538,5.8,sell,3815.51,BTC-28JUN19-7000-C,62.03,0.008,5.8,3,1551455950538,16151638,351
2019-03-03 15:55:01.792,5.0,buy,3783.72,BTC-28JUN19-7000-C,63.93,0.0085,5.0,0,1551628501792,16194163,352
2019-03-03 17:45:13.988,50.0,sell,3791.7,BTC-28JUN19-7000-C,63.08,0.008,50.0,2,1551635113988,16196675,353
2019-03-03 18:04:31.923,50.0,sell,3791.53,BTC-28JUN19-7000-C,63.07,0.008,50.0,3,1551636271923,16196843,354
2019-03-04 04:12:52.888,1.0,sell,3775.69,BTC-28JUN19-7000-C,61.95,0.006999999999999999,1.0,2,1551672772888,16206430,355
2019-03-04 04:30:02.390,10.0,sell,3736.59,BTC-28JUN19-7000-C,62.77,0.006999999999999999,10.0,3,1551673802390,16208574,356
2019-03-04 05:06:56.172,10.0,sell,3736.75,BTC-28JUN19-7000-C,62.78,0.006999999999999999,10.0,3,1551676016172,16213031,357
2019-03-04 05:07:01.160,10.0,sell,3736.75,BTC-28JUN19-7000-C,62.78,0.006999999999999999,10.0,3,1551676021160,16213039,358
2019-03-04 05:07:45.204,10.0,sell,3734.36,BTC-28JUN19-7000-C,62.82,0.006999999999999999,10.0,3,1551676065204,16213088,359
2019-03-04 05:08:29.396,9.0,sell,3732.69,BTC-28JUN19-7000-C,62.82,0.006999999999999999,9.0,3,1551676109396,16213146,360
2019-03-04 16:27:01.236,5.0,buy,3715.46,BTC-28JUN19-7000-C,63.25,0.006999999999999999,5.0,3,1551716821236,16239664,361
2019-03-04 16:53:49.231,10.0,buy,3715.06,BTC-28JUN19-7000-C,63.23,0.006999999999999999,10.0,3,1551718429231,16240076,362
2019-03-04 16:54:08.227,10.0,buy,3715.23,BTC-28JUN19-7000-C,63.23,0.006999999999999999,10.0,3,1551718448227,16240086,363
2019-03-05 09:30:19.236,1.0,buy,3721.16,BTC-28JUN19-7000-C,63.98,0.0075,1.0,0,1551778219236,16253605,364
2019-03-05 11:41:43.732,25.0,sell,3718.54,BTC-28JUN19-7000-C,63.27,0.006999999999999999,25.0,2,1551786103732,16254651,365
2019-03-06 00:21:54.159,10.0,buy,3855.52,BTC-28JUN19-7000-C,62.86,0.0085,10.0,0,1551831714159,16298414,366
2019-03-06 00:21:54.159,33.4,buy,3855.52,BTC-28JUN19-7000-C,63.57,0.009000000000000001,33.4,0,1551831714159,16298415,367
2019-03-06 00:21:54.171,6.6000000000000005,sell,3855.52,BTC-28JUN19-7000-C,63.57,0.009000000000000001,6.6000000000000005,1,1551831714171,16298416,368
2019-03-08 19:40:11.591,10.0,buy,3890.56,BTC-28JUN19-7000-C,60.59,0.006999999999999999,10.0,2,1552074011591,16391572,369
2019-03-08 19:45:50.738,12.0,sell,3890.74,BTC-28JUN19-7000-C,60.6,0.006999999999999999,12.0,3,1552074350738,16391677,370
2019-03-11 05:19:03.718,10.0,sell,3889.37,BTC-28JUN19-7000-C,60.61,0.0065,10.0,2,1552281543718,16473971,371
2019-03-13 10:42:03.050,1.0,sell,3836.73,BTC-28JUN19-7000-C,61.48,0.006,1.0,2,1552473723050,16534288,372
2019-03-13 10:42:03.050,10.0,sell,3836.73,BTC-28JUN19-7000-C,61.48,0.006,10.0,3,1552473723050,16534289,373
2019-03-15 15:25:45.909,12.0,buy,3896.64,BTC-28JUN19-7000-C,60.89,0.006,12.0,3,1552663545909,16593889,374
2019-03-15 15:25:46.848,7.0,buy,3896.77,BTC-28JUN19-7000-C,60.89,0.006,7.0,3,1552663546848,16593891,375
2019-03-15 15:51:20.097,5.0,buy,3900.17,BTC-28JUN19-7000-C,60.81,0.006,5.0,3,1552665080097,16595736,376
2019-03-16 01:28:42.677,1.0,sell,3922.53,BTC-28JUN19-7000-C,60.51,0.006,1.0,3,1552699722677,16605555,377
2019-03-16 03:29:45.879,0.3,buy,3935.78,BTC-28JUN19-7000-C,60.97,0.0065,0.3,0,1552706985879,16610583,378
2019-03-16 04:15:01.400,0.7000000000000001,buy,3979.44,BTC-28JUN19-7000-C,60.21,0.0065,0.7000000000000001,1,1552709701400,16616437,379
2019-03-16 04:15:01.400,5.0,buy,3979.44,BTC-28JUN19-7000-C,60.21,0.0065,5.0,1,1552709701400,16616438,380
2019-03-16 17:32:17.851,0.3,buy,3980.97,BTC-28JUN19-7000-C,62.7,0.008,0.3,0,1552757537851,16647663,381
2019-03-18 09:01:39.002,2.0,buy,3967.46,BTC-28JUN19-7000-C,62.79,0.0075,2.0,2,1552899699002,16685084,382
2019-03-18 14:00:36.993,1.0,buy,3965.17,BTC-28JUN19-7000-C,61.18,0.0065,1.0,2,1552917636993,16690045,383
2019-03-18 16:35:54.683,5.0,buy,3966.34,BTC-28JUN19-7000-C,61.26,0.0065,5.0,3,1552926954683,16691783,384
2019-03-18 18:48:36.983,6.6000000000000005,buy,3961.77,BTC-28JUN19-7000-C,61.29,0.0065,6.6000000000000005,3,1552934916983,16692703,385
2019-03-19 17:31:33.232,3.0,buy,4008.29,BTC-28JUN19-7000-C,60.54,0.0065,3.0,3,1553016693232,16712776,386
2019-03-20 08:49:36.615,50.0,sell,3989.32,BTC-28JUN19-7000-C,59.37,0.0055,50.0,2,1553071776615,16727072,387
2019-03-20 08:49:44.211,50.0,buy,3989.32,BTC-28JUN19-7000-C,60.31,0.006,50.0,0,1553071784211,16727073,388
2019-03-20 21:39:16.546,10.0,buy,4011.98,BTC-28JUN19-7000-C,60.14,0.006,10.0,1,1553117956546,16739689,389
2019-03-20 21:39:16.597,10.0,sell,4011.98,BTC-28JUN19-7000-C,60.14,0.006,10.0,1,1553117956597,16739690,390
2019-03-21 01:03:51.038,0.5,sell,4039.89,BTC-28JUN19-7000-C,58.76,0.0055,0.5,2,1553130231038,16746316,391
2019-03-22 04:16:45.752,0.2,sell,3972.07,BTC-28JUN19-7000-C,60.55,0.0055,0.2,3,1553228205752,16773897,392
2019-03-22 06:41:12.404,9.8,sell,3972.34,BTC-28JUN19-7000-C,60.58,0.0055,9.8,3,1553236872404,16774578,393
2019-03-22 06:41:12.404,10.0,sell,3972.34,BTC-28JUN19-7000-C,60.58,0.0055,10.0,3,1553236872404,16774579,394
2019-03-22 08:04:36.287,0.3,sell,3967.01,BTC-28JUN19-7000-C,59.6,0.005,0.3,2,1553241876287,16775633,395
2019-03-22 12:01:07.630,3.2,buy,3982.11,BTC-28JUN19-7000-C,60.42,0.0055,3.2,0,1553256067630,16777311,396
2019-03-22 12:01:07.630,15.7,buy,3982.11,BTC-28JUN19-7000-C,60.42,0.0055,15.7,1,1553256067630,16777312,397
2019-03-24 20:22:53.805,0.2,sell,3956.54,BTC-28JUN19-7000-C,60.46,0.005,0.2,2,1553458973805,16803282,398
2019-03-25 03:02:46.672,0.1,buy,3974.33,BTC-28JUN19-7000-C,62.22,0.006,0.1,0,1553482966672,16807691,399
2019-03-25 12:39:07.184,0.5,sell,3961.0,BTC-28JUN19-7000-C,60.65,0.005,0.5,2,1553517547184,16811384,400
2019-03-25 12:45:42.263,4.3,sell,3960.65,BTC-28JUN19-7000-C,60.68,0.005,4.3,3,1553517942263,16811470,401
2019-03-25 17:36:13.983,4.7,sell,3948.18,BTC-28JUN19-7000-C,61.04,0.005,4.7,3,1553535373983,16815574,402
2019-03-25 18:06:56.894,3.6,sell,3946.0,BTC-28JUN19-7000-C,60.03,0.0045,3.6,2,1553537216894,16816019,403
2019-03-25 18:23:52.344,0.1,sell,3932.94,BTC-28JUN19-7000-C,60.3,0.0045,0.1,3,1553538232344,16817274,404
2019-03-25 22:34:01.253,3.0,sell,3895.55,BTC-28JUN19-7000-C,61.06,0.0045,3.0,3,1553553241253,16828806,405
2019-03-26 02:07:54.332,0.1,buy,3914.12,BTC-28JUN19-7000-C,62.91,0.0055,0.1,0,1553566074332,16831579,406
2019-03-26 09:06:25.634,10.0,buy,3908.03,BTC-28JUN19-7000-C,62.19,0.005,10.0,2,1553591185634,16834965,407
2019-03-26 14:40:10.029,0.1,buy,3903.29,BTC-28JUN19-7000-C,63.45,0.0055,0.1,0,1553611210029,16838165,408
