date_utc,amount,direction,indexPrice,instrument,iv,price,quantity,tickDirection,timeStamp,tradeId,tradeSeq
2019-06-07 15:45:54.695,2.0,buy,249.49,ETH-21JUN19-280-C,85.3,0.025,2.0,1,1559922354695,4496413,1
2019-06-07 15:45:54.695,8.0,buy,249.49,ETH-21JUN19-280-C,88.41,0.027000000000000003,8.0,0,1559922354695,4496414,2
2019-06-08 19:25:25.865,1.0,sell,242.01,ETH-21JUN19-280-C,76.51,0.012,1.0,2,1560021925865,4527882,3
2019-06-09 02:34:41.058,1.0,sell,240.9,ETH-21JUN19-280-C,72.09,0.009000000000000001,1.0,2,1560047681058,4534981,4
2019-06-09 22:17:34.506,1.0,buy,229.45,ETH-21JUN19-280-C,84.54,0.006999999999999999,1.0,2,1560118654506,4567434,5
2019-06-09 22:28:37.832,1.0,sell,228.42,ETH-21JUN19-280-C,79.12,0.005,1.0,2,1560119317832,4567952,6
2019-06-09 23:21:23.337,1.0,buy,230.67,ETH-21JUN19-280-C,79.88,0.006,1.0,0,1560122483337,4570707,7
2019-06-10 01:38:26.618,9.0,buy,234.54,ETH-21JUN19-280-C,78.27,0.006999999999999999,9.0,0,1560130706618,4577252,8
2019-06-11 01:17:38.436,10.0,sell,246.07,ETH-21JUN19-280-C,75.89,0.011000000000000001,10.0,0,1560215858436,4614032,9
2019-06-12 14:43:41.028,5.0,buy,249.4,ETH-21JUN19-280-C,81.65,0.013000000000000001,5.0,0,1560350621028,4673663,10
2019-06-12 15:11:57.331,25.0,buy,254.09,ETH-21JUN19-280-C,73.6,0.013000000000000001,25.0,1,1560352317331,4675494,11
2019-06-13 16:49:22.129,240.0,sell,259.6,ETH-21JUN19-280-C,72.53,0.015,240.0,0,1560444562129,4717068,12
2019-06-14 00:43:20.000,6.0,buy,257.01,ETH-21JUN19-280-C,74.71,0.013000000000000001,6.0,2,1560473000000,4732579,13
2019-06-14 12:22:59.947,1.0,sell,254.03,ETH-21JUN19-280-C,72.63,0.009000000000000001,1.0,2,1560514979947,4746799,14
2019-06-14 21:02:23.588,10.0,buy,259.84,ETH-21JUN19-280-C,73.56,0.013000000000000001,10.0,0,1560546143588,4763761,15
2019-06-14 22:06:58.956,10.0,buy,263.55,ETH-21JUN19-280-C,81.5,0.02,10.0,0,1560550018956,4770142,16
2019-06-14 22:17:03.636,10.0,buy,263.04,ETH-21JUN19-280-C,80.56,0.019,10.0,2,1560550623636,4770642,17
2019-06-15 15:41:26.635,5.0,buy,266.79,ETH-21JUN19-280-C,82.84,0.022000000000000002,5.0,0,1560613286635,4791738,18
2019-06-15 16:36:35.485,5.0,buy,269.51,ETH-21JUN19-280-C,80.19,0.024,5.0,0,1560616595485,4794157,19
2019-06-16 01:50:39.792,2.0,buy,271.32,ETH-21JUN19-280-C,93.0,0.031,2.0,0,1560649839792,4808836,20
2019-06-16 06:05:20.632,10.0,sell,276.75,ETH-21JUN19-280-C,81.54,0.033,10.0,0,1560665120632,4818614,21
2019-06-16 11:25:43.320,5.0,buy,269.44,ETH-21JUN19-280-C,95.75,0.027999999999999997,5.0,2,1560684343320,4841034,22
2019-06-16 13:17:38.009,1.0,buy,270.83,ETH-21JUN19-280-C,87.74,0.026000000000000002,1.0,2,1560691058009,4844497,23
2019-06-16 13:39:45.863,3.0,buy,272.28,ETH-21JUN19-280-C,85.65,0.027000000000000003,3.0,0,1560692385863,4845200,24
2019-06-16 13:40:21.599,5.0,buy,272.34,ETH-21JUN19-280-C,87.71,0.027999999999999997,5.0,0,1560692421599,4845218,25
2019-06-16 19:21:12.176,10.0,sell,266.12,ETH-21JUN19-280-C,92.26,0.021,10.0,2,1560712872176,4861410,26
2019-06-17 03:34:16.600,10.0,sell,269.5,ETH-21JUN19-280-C,88.16,0.022000000000000002,10.0,0,1560742456600,4880916,27
2019-06-17 08:30:46.797,3.0,buy,271.1,ETH-21JUN19-280-C,92.76,0.025,3.0,0,1560760246797,4886554,28
2019-06-17 12:04:19.976,16.0,buy,272.37,ETH-21JUN19-280-C,102.72,0.03,16.0,0,1560773059976,4894385,29
2019-06-17 12:04:48.152,14.0,buy,272.42,ETH-21JUN19-280-C,102.55,0.03,14.0,1,1560773088152,4894387,30
2019-06-17 12:14:35.461,99.0,buy,274.15,ETH-21JUN19-280-C,106.31,0.034,99.0,0,1560773675461,4895335,31
2019-06-17 13:47:06.668,111.0,buy,273.12,ETH-21JUN19-280-C,113.53,0.035,111.0,0,1560779226668,4900125,32
2019-06-17 15:45:59.944,101.0,sell,269.93,ETH-21JUN19-280-C,116.13,0.031,101.0,2,1560786359944,4907568,33
2019-06-17 15:46:03.216,1.0,sell,269.78,ETH-21JUN19-280-C,116.66,0.031,1.0,3,1560786363216,4907628,34
2019-06-17 15:46:03.218,1.0,sell,269.78,ETH-21JUN19-280-C,116.66,0.031,1.0,3,1560786363218,4907629,35
2019-06-17 15:46:03.332,2.0,sell,269.78,ETH-21JUN19-280-C,116.66,0.031,2.0,3,1560786363332,4907631,36
2019-06-17 15:46:04.915,1.0,sell,269.66,ETH-21JUN19-280-C,117.08,0.031,1.0,3,1560786364915,4907649,37
2019-06-17 15:46:04.989,5.0,sell,269.66,ETH-21JUN19-280-C,117.08,0.031,5.0,3,1560786364989,4907650,38
2019-06-17 17:45:17.479,111.0,buy,272.3,ETH-21JUN19-280-C,119.18,0.035,111.0,0,1560793517479,4913147,39
2019-06-17 17:45:17.479,89.0,buy,272.3,ETH-21JUN19-280-C,119.18,0.035,89.0,1,1560793517479,4913148,40
2019-06-17 20:47:26.553,200.0,sell,271.26,ETH-21JUN19-280-C,112.08,0.03,200.0,2,1560804446553,4919094,41
2019-06-17 23:14:27.090,1.0,buy,275.02,ETH-21JUN19-280-C,125.6,0.04,1.0,0,1560813267090,4925580,42
2019-06-18 07:56:30.338,10.0,buy,267.25,ETH-21JUN19-280-C,115.27,0.023,10.0,2,1560844590338,4946207,43
2019-06-18 07:57:05.821,5.0,buy,267.55,ETH-21JUN19-280-C,120.13,0.025,5.0,0,1560844625821,4946230,44
2019-06-18 12:22:48.456,1.0,sell,265.68,ETH-21JUN19-280-C,115.37,0.02,1.0,2,1560860568456,4951183,45
2019-06-18 15:10:52.738,1.0,sell,267.27,ETH-21JUN19-280-C,102.23,0.017,1.0,2,1560870652738,4954816,46
2019-06-18 15:10:52.738,1.0,sell,267.27,ETH-21JUN19-280-C,102.23,0.017,1.0,3,1560870652738,4954817,47
2019-06-18 15:11:18.130,222.0,sell,267.35,ETH-21JUN19-280-C,95.33,0.015,222.0,2,1560870678130,4954836,48
2019-06-18 16:15:12.304,1.0,sell,265.65,ETH-21JUN19-280-C,91.65,0.012,1.0,2,1560874512304,4958123,49
2019-06-18 17:34:23.387,1.0,buy,263.23,ETH-21JUN19-280-C,108.18,0.013999999999999999,1.0,0,1560879263387,4961365,50
2019-06-18 21:55:42.150,5.0,sell,261.96,ETH-21JUN19-280-C,104.93,0.011000000000000001,5.0,2,1560894942150,4967374,51
2019-06-19 00:08:02.887,1.0,buy,264.54,ETH-21JUN19-280-C,109.57,0.013999999999999999,1.0,0,1560902882887,4971722,52
2019-06-19 04:59:14.973,25.0,buy,267.42,ETH-21JUN19-280-C,107.17,0.015,25.0,0,1560920354973,4977073,53
2019-06-19 04:59:14.973,75.0,buy,267.42,ETH-21JUN19-280-C,107.17,0.015,75.0,1,1560920354973,4977074,54
2019-06-19 08:24:52.976,1.0,sell,269.51,ETH-21JUN19-280-C,82.57,0.01,1.0,2,1560932692976,4979505,55
2019-06-19 08:25:41.348,9.0,sell,269.47,ETH-21JUN19-280-C,82.74,0.01,9.0,3,1560932741348,4979507,56
2019-06-19 11:08:08.571,1.0,sell,266.92,ETH-21JUN19-280-C,91.08,0.009000000000000001,1.0,2,1560942488571,4981956,57
2019-06-19 13:08:45.354,1.0,sell,265.76,ETH-21JUN19-280-C,88.15,0.006999999999999999,1.0,2,1560949725354,4983124,58
2019-06-19 22:11:16.871,1.0,buy,268.48,ETH-21JUN19-280-C,97.83,0.009000000000000001,1.0,0,1560982276871,4992316,59
2019-06-19 22:11:17.357,1.0,buy,268.48,ETH-21JUN19-280-C,97.83,0.009000000000000001,1.0,1,1560982277357,4992358,60
2019-06-19 22:11:17.379,1.0,buy,268.48,ETH-21JUN19-280-C,97.83,0.009000000000000001,1.0,1,1560982277379,4992359,61
2019-06-19 22:11:17.416,58.0,buy,268.48,ETH-21JUN19-280-C,97.83,0.009000000000000001,58.0,1,1560982277416,4992360,62
2019-06-20 03:02:02.861,5.0,buy,271.13,ETH-21JUN19-280-C,92.3,0.009000000000000001,5.0,1,1560999722861,4998451,63
2019-06-20 06:04:55.591,1.0,sell,269.34,ETH-21JUN19-280-C,76.43,0.004,1.0,2,1561010695591,5000063,64
2019-06-20 06:04:55.591,9.0,sell,269.34,ETH-21JUN19-280-C,76.43,0.004,9.0,3,1561010695591,5000064,65
2019-06-20 06:53:53.130,1.0,sell,269.04,ETH-21JUN19-280-C,79.06,0.004,1.0,3,1561013633130,5000264,66
2019-06-20 06:53:53.130,1.0,sell,269.04,ETH-21JUN19-280-C,71.55,0.003,1.0,2,1561013633130,5000265,67
2019-06-20 06:53:53.130,1.0,sell,269.04,ETH-21JUN19-280-C,71.55,0.003,1.0,3,1561013633130,5000266,68
2019-06-20 06:53:53.130,240.0,sell,269.04,ETH-21JUN19-280-C,71.55,0.003,240.0,3,1561013633130,5000267,69
2019-06-20 06:53:53.133,57.0,buy,269.04,ETH-21JUN19-280-C,71.55,0.003,57.0,3,1561013633133,5000268,70
2019-06-20 06:54:11.270,30.0,sell,269.03,ETH-21JUN19-280-C,71.6,0.003,30.0,3,1561013651270,5000270,71
2019-06-20 06:54:11.270,104.0,sell,269.03,ETH-21JUN19-280-C,71.6,0.003,104.0,3,1561013651270,5000271,72
2019-06-20 13:49:45.012,15.0,sell,269.21,ETH-21JUN19-280-C,73.3,0.002,15.0,2,1561038585012,5004995,73
2019-06-20 14:12:48.550,1.0,sell,268.56,ETH-21JUN19-280-C,64.41,0.001,1.0,2,1561039968550,5005310,74
2019-06-20 14:12:48.550,2.0,sell,268.56,ETH-21JUN19-280-C,64.41,0.001,2.0,3,1561039968550,5005311,75
2019-06-20 14:12:48.550,15.0,sell,268.56,ETH-21JUN19-280-C,64.41,0.001,15.0,3,1561039968550,5005312,76
2019-06-20 14:12:48.550,1.0,sell,268.56,ETH-21JUN19-280-C,64.41,0.001,1.0,3,1561039968550,5005313,77
2019-06-20 14:12:48.550,30.0,sell,268.56,ETH-21JUN19-280-C,64.41,0.001,30.0,3,1561039968550,5005314,78
2019-06-20 14:12:48.550,17.0,sell,268.56,ETH-21JUN19-280-C,64.41,0.001,17.0,3,1561039968550,5005315,79
2019-06-20 14:13:14.836,25.0,sell,268.52,ETH-21JUN19-280-C,64.58,0.001,25.0,3,1561039994836,5005323,80
2019-06-20 14:49:01.934,1.0,buy,269.16,ETH-21JUN19-280-C,75.61,0.002,1.0,0,1561042141934,5006064,81
2019-06-20 14:49:41.531,1.0,sell,269.29,ETH-21JUN19-280-C,62.31,0.001,1.0,2,1561042181531,5006066,82
2019-06-20 15:57:09.528,10.0,buy,270.23,ETH-21JUN19-280-C,72.68,0.002,10.0,0,1561046229528,5006941,83
