date_utc,amount,direction,indexPrice,instrument,iv,price,quantity,tickDirection,timeStamp,tradeId,tradeSeq
2019-05-31 08:25:46.025,0.2,sell,8300.04,BTC-14JUN19-10000-C,93.26,0.016,0.2,1,1559291146025,22783858,1
2019-05-31 08:54:27.583,4.0,sell,8275.66,BTC-14JUN19-10000-C,93.26,0.0155,4.0,2,1559292867583,22785582,2
2019-05-31 08:59:30.447,4.1,sell,8268.6,BTC-14JUN19-10000-C,91.51,0.0145,4.1,3,1559293170447,22785961,4
2019-05-31 08:59:30.447,4.0,sell,8268.6,BTC-14JUN19-10000-C,91.51,0.0145,4.0,2,1559293170447,22785960,3
2019-05-31 08:59:50.109,1.1,sell,8273.63,BTC-14JUN19-10000-C,91.32,0.0145,1.1,3,1559293190109,22785965,5
2019-05-31 09:08:20.470,1.0,sell,8280.6,BTC-14JUN19-10000-C,90.04,0.014,1.0,3,1559293700470,22786359,8
2019-05-31 09:08:20.470,10.0,sell,8280.6,BTC-14JUN19-10000-C,90.04,0.014,10.0,3,1559293700470,22786358,7
2019-05-31 09:08:20.470,24.0,sell,8280.6,BTC-14JUN19-10000-C,90.04,0.014,24.0,2,1559293700470,22786357,6
2019-05-31 10:32:52.144,0.2,sell,8308.24,BTC-14JUN19-10000-C,88.16,0.0135,0.2,2,1559298772144,22789226,9
2019-05-31 11:56:24.427,0.5,buy,8237.58,BTC-14JUN19-10000-C,90.97,0.0135,0.5,3,1559303784427,22795487,10
2019-05-31 15:52:23.012,2.0,buy,8339.57,BTC-14JUN19-10000-C,86.63,0.013,2.0,2,1559317943012,22815396,11
2019-05-31 15:59:03.533,3.0,buy,8346.17,BTC-14JUN19-10000-C,87.46,0.0135,3.0,0,1559318343533,22815935,12
2019-05-31 21:07:23.426,2.0,buy,8543.2,BTC-14JUN19-10000-C,85.6,0.016,2.0,0,1559336843426,22843150,13
2019-05-31 23:29:25.934,0.6,sell,8551.17,BTC-14JUN19-10000-C,83.66,0.015,0.6,2,1559345365934,22850806,14
2019-06-01 00:23:46.552,0.1,sell,8505.98,BTC-14JUN19-10000-C,86.52,0.0155,0.1,0,1559348626552,22854450,15
2019-06-01 04:50:36.771,0.1,sell,8547.63,BTC-14JUN19-10000-C,85.49,0.0155,0.1,1,1559364636771,22864014,16
2019-06-01 22:04:44.740,1.0,sell,8559.13,BTC-14JUN19-10000-C,90.43,0.017,1.0,0,1559426684740,22901857,17
2019-06-01 22:08:33.465,1.0,sell,8563.65,BTC-14JUN19-10000-C,90.26,0.017,1.0,1,1559426913465,22902302,18
2019-06-01 22:09:33.499,1.0,sell,8563.31,BTC-14JUN19-10000-C,89.29,0.0165,1.0,2,1559426973499,22902359,19
2019-06-01 22:17:03.002,0.1,buy,8568.01,BTC-14JUN19-10000-C,91.07,0.0175,0.1,0,1559427423002,22902540,20
2019-06-01 22:17:03.002,0.9,buy,8568.01,BTC-14JUN19-10000-C,91.07,0.0175,0.9,1,1559427423002,22902541,21
2019-06-01 22:17:35.099,1.0,sell,8572.06,BTC-14JUN19-10000-C,89.93,0.017,1.0,2,1559427455099,22902558,22
2019-06-02 06:21:20.702,0.2,buy,8580.92,BTC-14JUN19-10000-C,90.8,0.017,0.2,3,1559456480702,22914683,23
2019-06-02 08:29:12.617,24.0,sell,8717.67,BTC-14JUN19-10000-C,82.46,0.0155,24.0,2,1559464152617,22924234,24
2019-06-02 09:02:37.149,0.1,buy,8743.38,BTC-14JUN19-10000-C,86.27,0.018000000000000002,0.1,0,1559466157149,22926912,25
2019-06-02 12:28:37.762,1.0,buy,8801.79,BTC-14JUN19-10000-C,87.04,0.0195,1.0,0,1559478517762,22935862,26
2019-06-02 12:40:02.718,0.2,sell,8809.4,BTC-14JUN19-10000-C,85.82,0.019,0.2,2,1559479202718,22936163,27
2019-06-02 12:40:02.785,0.2,sell,8809.4,BTC-14JUN19-10000-C,85.82,0.019,0.2,3,1559479202785,22936166,28
2019-06-02 12:41:10.079,1.0,sell,8810.99,BTC-14JUN19-10000-C,85.75,0.019,1.0,3,1559479270079,22936181,29
2019-06-02 13:02:24.490,0.2,sell,8799.3,BTC-14JUN19-10000-C,87.23,0.0195,0.2,0,1559480544490,22937435,30
2019-06-02 13:03:53.374,0.2,sell,8782.77,BTC-14JUN19-10000-C,87.96,0.0195,0.2,1,1559480633374,22937773,31
2019-06-02 13:03:55.352,0.2,sell,8781.89,BTC-14JUN19-10000-C,88.0,0.0195,0.2,1,1559480635352,22937795,32
2019-06-02 17:50:41.809,0.3,buy,8660.1,BTC-14JUN19-10000-C,83.17,0.014,0.3,2,1559497841809,22954417,33
2019-06-02 21:07:06.022,1.0,sell,8669.55,BTC-14JUN19-10000-C,88.4,0.0165,1.0,0,1559509626022,22960166,34
2019-06-02 21:40:47.222,9.0,sell,8702.86,BTC-14JUN19-10000-C,87.06,0.0165,9.0,1,1559511647222,22960789,35
2019-06-02 22:33:48.559,25.0,sell,8705.54,BTC-14JUN19-10000-C,86.08,0.016,25.0,2,1559514828559,22962562,36
2019-06-02 23:19:36.758,0.5,buy,8755.65,BTC-14JUN19-10000-C,86.02,0.017,0.5,0,1559517576758,22965489,37
2019-06-02 23:19:36.758,0.5,buy,8755.65,BTC-14JUN19-10000-C,86.02,0.017,0.5,1,1559517576758,22965490,38
2019-06-03 04:39:29.622,2.9,sell,8671.5,BTC-14JUN19-10000-C,86.46,0.015,2.9,2,1559536769622,22978826,39
2019-06-03 04:39:29.624,11.4,sell,8671.5,BTC-14JUN19-10000-C,86.46,0.015,11.4,3,1559536769624,22978827,40
2019-06-03 04:39:29.628,8.1,sell,8671.5,BTC-14JUN19-10000-C,86.46,0.015,8.1,3,1559536769628,22978828,41
2019-06-03 04:39:29.629,2.0,sell,8671.5,BTC-14JUN19-10000-C,86.46,0.015,2.0,3,1559536769629,22978829,42
2019-06-03 04:39:29.634,7.8,sell,8671.5,BTC-14JUN19-10000-C,86.46,0.015,7.8,3,1559536769634,22978830,43
2019-06-03 04:39:29.637,2.5,sell,8671.5,BTC-14JUN19-10000-C,86.46,0.015,2.5,3,1559536769637,22978831,44
2019-06-03 04:39:29.638,3.2,sell,8671.5,BTC-14JUN19-10000-C,86.46,0.015,3.2,3,1559536769638,22978832,45
2019-06-03 04:39:29.642,3.1,sell,8671.5,BTC-14JUN19-10000-C,86.46,0.015,3.1,3,1559536769642,22978833,46
2019-06-03 04:39:30.130,4.8,sell,8671.5,BTC-14JUN19-10000-C,86.46,0.015,4.8,3,1559536770130,22978834,47
2019-06-03 04:39:30.134,2.1,sell,8671.5,BTC-14JUN19-10000-C,86.46,0.015,2.1,3,1559536770134,22978835,48
2019-06-03 04:39:30.137,2.1,sell,8671.5,BTC-14JUN19-10000-C,86.46,0.015,2.1,3,1559536770137,22978836,49
2019-06-03 09:51:57.000,0.1,sell,8452.75,BTC-14JUN19-10000-C,86.14,0.0105,0.1,2,1559555517000,23016178,50
2019-06-03 11:27:34.826,2.0,sell,8526.03,BTC-14JUN19-10000-C,87.06,0.012,2.0,0,1559561254826,23019945,51
2019-06-03 14:36:15.036,5.0,sell,8475.82,BTC-14JUN19-10000-C,89.69,0.012,5.0,1,1559572575036,23033643,52
2019-06-03 14:36:19.179,5.0,sell,8477.21,BTC-14JUN19-10000-C,89.63,0.012,5.0,1,1559572579179,23033644,53
2019-06-03 14:36:43.500,5.0,sell,8475.29,BTC-14JUN19-10000-C,89.72,0.012,5.0,1,1559572603500,23033668,54
2019-06-03 23:22:42.720,3.0,sell,8283.41,BTC-14JUN19-10000-C,92.73,0.0095,3.0,2,1559604162720,23086127,55
2019-06-04 07:35:19.818,1.0,sell,7825.79,BTC-14JUN19-10000-C,96.96,0.005,1.0,2,1559633719818,23186871,56
2019-06-04 07:35:19.818,2.0,sell,7825.79,BTC-14JUN19-10000-C,96.96,0.005,2.0,3,1559633719818,23186872,57
2019-06-04 07:35:23.241,10.0,sell,7828.01,BTC-14JUN19-10000-C,92.33,0.004,10.0,2,1559633723241,23186874,58
2019-06-04 07:35:23.241,20.0,sell,7828.01,BTC-14JUN19-10000-C,89.82,0.0035,20.0,2,1559633723241,23186875,59
2019-06-04 11:44:44.759,5.0,sell,7905.84,BTC-14JUN19-10000-C,92.56,0.0045,5.0,0,1559648684759,23202469,60
2019-06-04 11:47:30.445,0.4,sell,7892.71,BTC-14JUN19-10000-C,90.74,0.004,0.4,2,1559648850445,23202602,61
2019-06-04 12:52:15.069,0.4,sell,7929.91,BTC-14JUN19-10000-C,89.56,0.004,0.4,3,1559652735069,23207068,62
2019-06-04 12:52:15.069,10.0,sell,7929.91,BTC-14JUN19-10000-C,89.56,0.004,10.0,3,1559652735069,23207069,63
2019-06-04 13:01:46.128,0.4,sell,7930.01,BTC-14JUN19-10000-C,89.59,0.004,0.4,3,1559653306128,23207698,64
2019-06-04 13:30:18.327,1.0,sell,7984.29,BTC-14JUN19-10000-C,87.66,0.004,1.0,3,1559655018327,23210761,65
2019-06-04 13:30:18.327,0.4,sell,7984.29,BTC-14JUN19-10000-C,87.66,0.004,0.4,3,1559655018327,23210762,66
2019-06-04 13:32:26.307,10.0,sell,7979.69,BTC-14JUN19-10000-C,85.4,0.0035,10.0,3,1559655146307,23210894,68
2019-06-04 13:32:26.307,30.0,sell,7979.69,BTC-14JUN19-10000-C,85.4,0.0035,30.0,2,1559655146307,23210893,67
2019-06-04 13:32:26.307,0.4,sell,7979.69,BTC-14JUN19-10000-C,85.4,0.0035,0.4,3,1559655146307,23210896,70
2019-06-04 13:32:26.307,6.0,sell,7979.69,BTC-14JUN19-10000-C,85.4,0.0035,6.0,3,1559655146307,23210895,69
2019-06-04 13:32:32.638,0.4,sell,7978.7,BTC-14JUN19-10000-C,85.44,0.0035,0.4,3,1559655152638,23210916,71
2019-06-04 14:56:23.699,4.0,sell,7956.68,BTC-14JUN19-10000-C,86.5,0.0035,4.0,3,1559660183699,23216317,72
2019-06-04 15:32:16.017,3.9,sell,7988.7,BTC-14JUN19-10000-C,90.17,0.0045,3.9,0,1559662336017,23218349,73
2019-06-04 17:24:20.499,1.0,sell,7787.64,BTC-14JUN19-10000-C,90.41,0.003,1.0,2,1559669060499,23236035,74
2019-06-04 17:28:24.049,10.0,sell,7822.25,BTC-14JUN19-10000-C,89.17,0.003,10.0,3,1559669304049,23237878,75
2019-06-04 23:13:28.062,0.5,buy,7626.72,BTC-14JUN19-10000-C,100.47,0.0035,0.5,0,1559690008062,23319502,76
2019-06-05 12:40:18.856,30.0,sell,7771.99,BTC-14JUN19-10000-C,88.19,0.002,30.0,2,1559738418856,23358389,77
2019-06-05 13:00:06.813,30.0,buy,7770.06,BTC-14JUN19-10000-C,95.19,0.003,30.0,0,1559739606813,23359421,78
2019-06-05 13:00:06.813,4.0,buy,7770.06,BTC-14JUN19-10000-C,95.19,0.003,4.0,1,1559739606813,23359422,79
2019-06-05 13:24:57.102,0.5,buy,7767.23,BTC-14JUN19-10000-C,92.15,0.0025,0.5,2,1559741097102,23360837,80
2019-06-05 13:24:57.102,0.1,buy,7767.23,BTC-14JUN19-10000-C,92.15,0.0025,0.1,3,1559741097102,23360838,81
2019-06-05 15:10:47.783,0.5,buy,7681.47,BTC-14JUN19-10000-C,92.02,0.002,0.5,2,1559747447783,23371364,82
2019-06-05 15:57:04.676,10.0,sell,7648.82,BTC-14JUN19-10000-C,93.38,0.002,10.0,3,1559750224676,23378124,83
2019-06-05 15:58:19.301,3.0,sell,7637.41,BTC-14JUN19-10000-C,93.8,0.002,3.0,3,1559750299301,23378218,84
2019-06-05 17:33:56.272,0.1,buy,7810.46,BTC-14JUN19-10000-C,91.45,0.0025,0.1,0,1559756036272,23385824,85
2019-06-05 18:56:43.188,0.1,buy,7766.46,BTC-14JUN19-10000-C,93.42,0.0025,0.1,1,1559761003188,23391415,86
2019-06-05 20:37:12.288,0.2,sell,7753.32,BTC-14JUN19-10000-C,86.27,0.0015,0.2,2,1559767032288,23406024,87
2019-06-06 13:12:27.106,10.0,sell,7695.62,BTC-14JUN19-10000-C,86.5,0.001,10.0,2,1559826747106,23466037,88
2019-06-06 13:16:28.557,10.0,sell,7704.01,BTC-14JUN19-10000-C,86.22,0.001,10.0,3,1559826988557,23466726,89
2019-06-06 14:45:01.594,0.1,sell,7670.2,BTC-14JUN19-10000-C,79.69,0.0005,0.1,2,1559832301594,23477515,90
2019-06-07 07:49:43.500,10.0,buy,7953.57,BTC-14JUN19-10000-C,87.06,0.0015,10.0,0,1559893783500,23573625,91
2019-06-07 08:16:58.137,0.1,buy,8012.1,BTC-14JUN19-10000-C,79.48,0.001,0.1,2,1559895418137,23578566,92
2019-06-07 08:31:59.828,0.7000000000000001,buy,7991.71,BTC-14JUN19-10000-C,80.3,0.001,0.7000000000000001,3,1559896319828,23579510,93
2019-06-07 08:55:57.701,0.1,sell,7982.09,BTC-14JUN19-10000-C,73.05,0.0005,0.1,2,1559897757701,23580369,94
2019-06-07 09:28:46.015,1.0,sell,7956.2,BTC-14JUN19-10000-C,81.85,0.001,1.0,0,1559899726015,23581649,95
2019-06-07 09:30:50.899,0.4,sell,7949.77,BTC-14JUN19-10000-C,82.09,0.001,0.4,1,1559899850899,23581740,96
2019-06-07 09:43:19.378,10.0,buy,7967.85,BTC-14JUN19-10000-C,86.99,0.0015,10.0,0,1559900599378,23582412,97
2019-06-07 14:00:59.031,0.1,sell,7983.25,BTC-14JUN19-10000-C,81.96,0.001,0.1,2,1559916059031,23589631,98
2019-06-07 16:51:33.976,7.8,sell,8086.19,BTC-14JUN19-10000-C,78.78,0.001,7.8,3,1559926293976,23601421,106
2019-06-07 16:51:33.976,11.4,sell,8086.19,BTC-14JUN19-10000-C,78.78,0.001,11.4,3,1559926293976,23601418,103
2019-06-07 16:51:33.976,2.0,sell,8086.19,BTC-14JUN19-10000-C,78.78,0.001,2.0,3,1559926293976,23601424,109
2019-06-07 16:51:33.976,2.9,sell,8086.19,BTC-14JUN19-10000-C,78.78,0.001,2.9,3,1559926293976,23601422,107
2019-06-07 16:51:33.976,2.1,sell,8086.19,BTC-14JUN19-10000-C,78.78,0.001,2.1,3,1559926293976,23601417,102
2019-06-07 16:51:33.976,3.2,sell,8086.19,BTC-14JUN19-10000-C,78.78,0.001,3.2,3,1559926293976,23601415,100
2019-06-07 16:51:33.976,4.8,sell,8086.19,BTC-14JUN19-10000-C,78.78,0.001,4.8,3,1559926293976,23601419,104
2019-06-07 16:51:33.976,3.1,sell,8086.19,BTC-14JUN19-10000-C,78.78,0.001,3.1,3,1559926293976,23601420,105
2019-06-07 16:51:33.976,2.5,sell,8086.19,BTC-14JUN19-10000-C,78.78,0.001,2.5,3,1559926293976,23601423,108
2019-06-07 16:51:33.976,2.1,sell,8086.19,BTC-14JUN19-10000-C,78.78,0.001,2.1,3,1559926293976,23601416,101
2019-06-07 16:51:33.976,8.1,sell,8086.19,BTC-14JUN19-10000-C,78.78,0.001,8.1,3,1559926293976,23601414,99
2019-06-07 17:13:05.460,1.0,buy,8065.86,BTC-14JUN19-10000-C,85.12,0.0015,1.0,0,1559927585460,23602774,110
2019-06-07 17:33:43.667,9.0,buy,8095.37,BTC-14JUN19-10000-C,84.03,0.0015,9.0,1,1559928823667,23604044,111
2019-06-07 17:33:43.667,6.0,buy,8095.37,BTC-14JUN19-10000-C,84.03,0.0015,6.0,1,1559928823667,23604045,112
2019-06-07 20:02:04.976,0.5,buy,7952.54,BTC-14JUN19-10000-C,84.71,0.001,0.5,2,1559937724976,23615673,113
2019-06-07 20:02:11.251,0.5,buy,7954.12,BTC-14JUN19-10000-C,84.65,0.001,0.5,3,1559937731251,23615705,114
2019-06-07 20:02:11.339,0.5,buy,7954.12,BTC-14JUN19-10000-C,84.65,0.001,0.5,3,1559937731339,23615707,115
2019-06-08 16:38:06.406,1.0,sell,7876.95,BTC-14JUN19-10000-C,85.2,0.0005,1.0,3,1560011886406,23667436,117
2019-06-08 16:38:06.406,10.0,sell,7876.95,BTC-14JUN19-10000-C,85.2,0.0005,10.0,3,1560011886406,23667437,118
2019-06-08 16:38:06.406,0.4,sell,7876.95,BTC-14JUN19-10000-C,85.2,0.0005,0.4,2,1560011886406,23667435,116
2019-06-08 20:38:08.075,1.0,buy,7871.88,BTC-14JUN19-10000-C,95.69,0.001,1.0,0,1560026288075,23679631,119
2019-06-09 08:48:42.164,1.0,buy,7918.79,BTC-14JUN19-10000-C,89.08,0.0005,1.0,2,1560070122164,23696704,120
2019-06-09 08:48:42.164,1.0,buy,7918.79,BTC-14JUN19-10000-C,89.08,0.0005,1.0,3,1560070122164,23696705,121
2019-06-09 17:04:16.998,0.5,sell,7654.59,BTC-14JUN19-10000-C,103.66,0.0005,0.5,3,1560099856998,23732886,122
2019-06-09 22:05:43.866,0.5,buy,7624.88,BTC-14JUN19-10000-C,107.41,0.0005,0.5,3,1560117943866,23756133,123
2019-06-09 22:05:43.905,0.5,buy,7624.88,BTC-14JUN19-10000-C,107.41,0.0005,0.5,3,1560117943905,23756134,124
2019-06-09 22:05:43.929,0.5,buy,7624.88,BTC-14JUN19-10000-C,107.41,0.0005,0.5,3,1560117943929,23756135,125
2019-06-09 22:05:43.945,0.5,buy,7624.88,BTC-14JUN19-10000-C,107.41,0.0005,0.5,3,1560117943945,23756136,126
2019-06-09 22:05:43.976,0.5,buy,7624.88,BTC-14JUN19-10000-C,107.41,0.0005,0.5,3,1560117943976,23756137,127
2019-06-09 22:05:43.994,0.5,buy,7624.88,BTC-14JUN19-10000-C,107.41,0.0005,0.5,3,1560117943994,23756138,128
2019-06-09 22:05:44.009,0.5,buy,7624.88,BTC-14JUN19-10000-C,107.41,0.0005,0.5,3,1560117944009,23756139,129
2019-06-09 22:05:44.036,0.5,buy,7624.88,BTC-14JUN19-10000-C,107.41,0.0005,0.5,3,1560117944036,23756140,130
2019-06-09 22:05:44.061,0.5,buy,7624.88,BTC-14JUN19-10000-C,107.41,0.0005,0.5,3,1560117944061,23756141,131
2019-06-09 22:05:44.075,0.5,buy,7624.88,BTC-14JUN19-10000-C,107.41,0.0005,0.5,3,1560117944075,23756142,132
2019-06-09 22:05:44.091,0.5,buy,7624.88,BTC-14JUN19-10000-C,107.41,0.0005,0.5,3,1560117944091,23756143,133
2019-06-10 11:38:08.739,0.2,buy,7929.73,BTC-14JUN19-10000-C,100.68,0.0005,0.2,3,1560166688739,23831321,134
2019-06-10 11:46:40.619,0.3,buy,7934.94,BTC-14JUN19-10000-C,100.52,0.0005,0.3,3,1560167200619,23833659,135
2019-06-10 11:46:40.619,3.8,buy,7934.94,BTC-14JUN19-10000-C,100.52,0.0005,3.8,3,1560167200619,23833660,136
2019-06-12 15:59:44.468,12.0,buy,8194.11,BTC-14JUN19-10000-C,134.41,0.0005,12.0,3,1560355184468,24028523,137
