date_utc,amount,direction,indexPrice,instrument,iv,price,quantity,tickDirection,timeStamp,tradeId,tradeSeq
2019-03-22 16:08:34.102,0.9,sell,3979.74,BTC-5APR19-4125-C,43.09,0.018000000000000002,0.9,1,1553270914102,16779822,1
2019-03-22 19:38:39.086,0.5,buy,3992.48,BTC-5APR19-4125-C,43.29,0.019,0.5,0,1553283519086,16781123,2
2019-03-22 19:38:39.086,0.5,buy,3992.48,BTC-5APR19-4125-C,43.29,0.019,0.5,1,1553283519086,16781124,3
2019-03-22 19:38:39.134,4.0,sell,3992.48,BTC-5APR19-4125-C,43.29,0.019,4.0,1,1553283519134,16781125,4
2019-03-22 20:17:38.538,0.5,sell,3987.2,BTC-5APR19-4125-C,40.53,0.0165,0.5,2,1553285858538,16781432,5
2019-03-24 16:43:20.394,1.0,buy,3968.26,BTC-5APR19-4125-C,41.44,0.013999999999999999,1.0,2,1553445800394,16801801,6
2019-03-25 03:57:52.127,1.0,sell,3976.29,BTC-5APR19-4125-C,39.04,0.0125,1.0,2,1553486272127,16807817,7
2019-03-25 04:35:00.535,1.0,sell,3973.24,BTC-5APR19-4125-C,40.14,0.013000000000000001,1.0,0,1553488500535,16808072,8
2019-03-25 11:52:57.266,1.0,buy,3970.49,BTC-5APR19-4125-C,41.06,0.013000000000000001,1.0,1,1553514777266,16810070,9
2019-03-25 15:28:51.801,2.0,sell,3960.46,BTC-5APR19-4125-C,38.37,0.0105,2.0,2,1553527731801,16812918,10
2019-03-25 15:28:51.801,3.0,sell,3960.46,BTC-5APR19-4125-C,38.37,0.0105,3.0,3,1553527731801,16812919,11
2019-03-25 16:01:21.426,1.7,sell,3943.43,BTC-5APR19-4125-C,38.64,0.0095,1.7,2,1553529681426,16813918,12
2019-03-25 16:01:21.435,1.2,sell,3943.43,BTC-5APR19-4125-C,38.64,0.0095,1.2,3,1553529681435,16813919,13
2019-03-25 16:01:21.475,1.3,sell,3943.43,BTC-5APR19-4125-C,38.64,0.0095,1.3,3,1553529681475,16813920,14
2019-03-25 16:01:21.482,1.6,sell,3943.43,BTC-5APR19-4125-C,38.64,0.0095,1.6,3,1553529681482,16813921,15
2019-03-25 16:01:21.578,1.1,sell,3943.43,BTC-5APR19-4125-C,38.64,0.0095,1.1,3,1553529681578,16813922,16
2019-03-25 16:01:21.591,1.4,sell,3943.43,BTC-5APR19-4125-C,38.64,0.0095,1.4,3,1553529681591,16813923,17
2019-03-25 16:01:21.636,0.6,sell,3943.43,BTC-5APR19-4125-C,38.64,0.0095,0.6,3,1553529681636,16813924,18
2019-03-25 16:01:21.656,0.3,sell,3943.43,BTC-5APR19-4125-C,38.64,0.0095,0.3,3,1553529681656,16813925,19
2019-03-25 16:01:21.743,3.9,sell,3943.43,BTC-5APR19-4125-C,38.64,0.0095,3.9,3,1553529681743,16813926,20
2019-03-25 16:01:21.765,1.5,sell,3943.43,BTC-5APR19-4125-C,38.64,0.0095,1.5,3,1553529681765,16813927,21
2019-03-25 16:01:21.809,0.9,sell,3943.43,BTC-5APR19-4125-C,38.64,0.0095,0.9,3,1553529681809,16813928,22
2019-03-25 16:01:21.836,2.6,sell,3943.43,BTC-5APR19-4125-C,38.64,0.0095,2.6,3,1553529681836,16813929,23
2019-03-25 16:01:21.934,0.3,sell,3943.43,BTC-5APR19-4125-C,38.64,0.0095,0.3,3,1553529681934,16813930,24
2019-03-25 19:32:34.560,0.5,buy,3899.34,BTC-5APR19-4125-C,46.71,0.011000000000000001,0.5,0,1553542354560,16825755,25
2019-03-25 21:01:17.018,0.5,sell,3886.72,BTC-5APR19-4125-C,43.08,0.0085,0.5,2,1553547677018,16827624,26
2019-03-26 03:08:15.189,4.0,sell,3919.38,BTC-5APR19-4125-C,41.04,0.009000000000000001,4.0,1,1553569695189,16831919,28
2019-03-26 03:08:15.189,16.0,sell,3919.38,BTC-5APR19-4125-C,41.04,0.009000000000000001,16.0,0,1553569695189,16831918,27
2019-03-26 03:37:05.518,5.0,sell,3918.96,BTC-5APR19-4125-C,41.5,0.009000000000000001,5.0,1,1553571425518,16832080,29
2019-03-26 04:35:20.894,5.0,sell,3912.79,BTC-5APR19-4125-C,41.86,0.009000000000000001,5.0,1,1553574920894,16832621,30
2019-03-26 05:20:59.420,5.0,sell,3914.22,BTC-5APR19-4125-C,42.02,0.009000000000000001,5.0,1,1553577659420,16832883,32
2019-03-26 05:20:59.420,10.0,sell,3914.22,BTC-5APR19-4125-C,42.02,0.009000000000000001,10.0,1,1553577659420,16832882,31
2019-03-26 11:24:32.844,5.0,sell,3898.57,BTC-5APR19-4125-C,43.05,0.0085,5.0,2,1553599472844,16835758,33
2019-03-26 18:51:37.044,0.1,buy,3916.88,BTC-5APR19-4125-C,44.72,0.01,0.1,0,1553626297044,16840981,34
2019-03-26 18:51:37.044,4.9,buy,3916.88,BTC-5APR19-4125-C,44.72,0.01,4.9,1,1553626297044,16840982,35
2019-03-26 21:14:33.504,200.0,buy,3911.95,BTC-5APR19-4125-C,44.86,0.0095,200.0,3,1553634873504,16842078,38
2019-03-26 21:14:33.504,2.0,buy,3911.95,BTC-5APR19-4125-C,44.86,0.0095,2.0,2,1553634873504,16842076,36
2019-03-26 21:14:33.504,12.6,buy,3911.95,BTC-5APR19-4125-C,44.86,0.0095,12.6,3,1553634873504,16842077,37
2019-03-26 21:19:11.901,100.0,buy,3911.62,BTC-5APR19-4125-C,44.83,0.0095,100.0,3,1553635151901,16842096,39
2019-03-26 21:37:44.717,1.0,buy,3911.09,BTC-5APR19-4125-C,44.88,0.0095,1.0,3,1553636264717,16842143,40
2019-03-26 21:37:44.717,150.0,buy,3911.09,BTC-5APR19-4125-C,44.88,0.0095,150.0,3,1553636264717,16842144,41
2019-03-27 04:25:16.019,0.1,sell,3974.84,BTC-5APR19-4125-C,42.38,0.012,0.1,0,1553660716019,16852702,42
2019-03-27 04:57:43.400,0.3,buy,3975.31,BTC-5APR19-4125-C,44.12,0.013000000000000001,0.3,0,1553662663400,16852942,43
2019-03-27 04:57:43.400,12.1,buy,3975.31,BTC-5APR19-4125-C,45.02,0.0135,12.1,0,1553662663400,16852943,44
2019-03-27 04:57:43.400,0.9,buy,3975.31,BTC-5APR19-4125-C,45.92,0.013999999999999999,0.9,0,1553662663400,16852945,46
2019-03-27 04:57:43.400,11.7,buy,3975.31,BTC-5APR19-4125-C,45.02,0.0135,11.7,1,1553662663400,16852944,45
2019-03-27 06:27:07.330,0.1,sell,3984.49,BTC-5APR19-4125-C,42.3,0.0125,0.1,2,1553668027330,16854392,47
2019-03-27 08:56:37.823,0.5,sell,3979.67,BTC-5APR19-4125-C,41.1,0.0115,0.5,2,1553676997823,16855363,48
2019-03-27 08:57:03.657,0.1,sell,3979.67,BTC-5APR19-4125-C,41.13,0.0115,0.1,3,1553677023657,16855369,49
2019-03-27 09:27:35.208,0.2,buy,3984.72,BTC-5APR19-4125-C,43.15,0.013000000000000001,0.2,0,1553678855208,16855927,50
2019-03-27 10:00:58.744,10.0,sell,3984.9,BTC-5APR19-4125-C,44.33,0.0135,10.0,0,1553680858744,16856068,51
2019-03-27 10:23:20.034,1.3,buy,4008.88,BTC-5APR19-4125-C,44.69,0.0155,1.3,0,1553682200034,16857295,52
2019-03-27 10:23:20.039,1.2,buy,4008.88,BTC-5APR19-4125-C,44.69,0.0155,1.2,1,1553682200039,16857296,53
2019-03-27 10:23:20.050,1.7,buy,4008.88,BTC-5APR19-4125-C,44.69,0.0155,1.7,1,1553682200050,16857297,54
2019-03-27 10:23:20.052,1.6,buy,4008.88,BTC-5APR19-4125-C,44.69,0.0155,1.6,1,1553682200052,16857298,55
2019-03-27 10:23:20.429,0.6,buy,4008.88,BTC-5APR19-4125-C,44.69,0.0155,0.6,1,1553682200429,16857299,56
2019-03-27 10:23:20.447,1.1,buy,4008.88,BTC-5APR19-4125-C,44.69,0.0155,1.1,1,1553682200447,16857300,57
2019-03-27 10:23:20.482,1.4,buy,4008.88,BTC-5APR19-4125-C,44.69,0.0155,1.4,1,1553682200482,16857301,58
2019-03-27 10:23:20.512,0.3,buy,4008.88,BTC-5APR19-4125-C,44.69,0.0155,0.3,1,1553682200512,16857302,59
2019-03-27 10:23:20.825,1.1,buy,4008.88,BTC-5APR19-4125-C,45.56,0.016,1.1,0,1553682200825,16857303,60
2019-03-27 10:23:20.825,2.8000000000000003,buy,4008.88,BTC-5APR19-4125-C,45.56,0.016,2.8000000000000003,1,1553682200825,16857304,61
2019-03-27 10:23:20.841,1.5,buy,4008.88,BTC-5APR19-4125-C,45.56,0.016,1.5,1,1553682200841,16857305,62
2019-03-27 10:23:20.899,0.9,buy,4008.88,BTC-5APR19-4125-C,45.56,0.016,0.9,1,1553682200899,16857306,63
2019-03-27 10:23:20.921,0.8,buy,4008.88,BTC-5APR19-4125-C,45.56,0.016,0.8,1,1553682200921,16857307,64
2019-03-27 10:23:21.361,0.3,sell,4008.88,BTC-5APR19-4125-C,45.56,0.016,0.3,1,1553682201361,16857309,66
2019-03-27 10:23:21.361,1.8,sell,4008.88,BTC-5APR19-4125-C,45.56,0.016,1.8,1,1553682201361,16857308,65
2019-03-27 10:25:42.162,2.0,sell,4016.07,BTC-5APR19-4125-C,40.49,0.0135,2.0,2,1553682342162,16858614,67
2019-03-27 12:06:52.025,3.0,sell,4021.94,BTC-5APR19-4125-C,40.13,0.013999999999999999,3.0,0,1553688412025,16862355,68
2019-03-27 13:25:34.531,2.0,buy,4009.26,BTC-5APR19-4125-C,43.84,0.015,2.0,0,1553693134531,16863502,69
2019-03-27 13:25:34.531,10.0,buy,4009.26,BTC-5APR19-4125-C,43.84,0.015,10.0,1,1553693134531,16863503,70
2019-03-27 13:25:47.050,1.8,buy,4009.4,BTC-5APR19-4125-C,44.67,0.0155,1.8,1,1553693147050,16863506,72
2019-03-27 13:25:47.050,0.2,buy,4009.4,BTC-5APR19-4125-C,44.67,0.0155,0.2,1,1553693147050,16863507,73
2019-03-27 13:25:47.050,16.0,buy,4009.4,BTC-5APR19-4125-C,44.67,0.0155,16.0,0,1553693147050,16863505,71
2019-03-27 18:25:37.267,1.0,buy,4012.43,BTC-5APR19-4125-C,41.83,0.013999999999999999,1.0,2,1553711137267,16867483,74
2019-03-27 23:17:16.628,2.0,buy,4018.04,BTC-5APR19-4125-C,40.65,0.0135,2.0,2,1553728636628,16871035,75
2019-03-27 23:44:38.137,8.0,buy,4029.27,BTC-5APR19-4125-C,42.74,0.0155,8.0,0,1553730278137,16878023,76
2019-03-27 23:44:53.597,10.0,buy,4029.9,BTC-5APR19-4125-C,43.59,0.016,10.0,0,1553730293597,16878027,77
2019-03-27 23:44:53.597,8.0,buy,4029.9,BTC-5APR19-4125-C,43.59,0.016,8.0,1,1553730293597,16878028,78
2019-03-27 23:45:01.672,10.0,buy,4029.92,BTC-5APR19-4125-C,44.44,0.0165,10.0,0,1553730301672,16878055,79
2019-03-27 23:45:06.586,8.0,buy,4030.49,BTC-5APR19-4125-C,43.42,0.016,8.0,2,1553730306586,16878086,80
2019-03-28 00:16:12.408,1.0,sell,4017.49,BTC-5APR19-4125-C,40.68,0.0135,1.0,2,1553732172408,16879595,81
2019-03-28 01:54:19.517,0.1,buy,4015.21,BTC-5APR19-4125-C,44.39,0.0155,0.1,0,1553738059517,16903895,82
2019-03-28 06:08:38.872,0.9,buy,4013.99,BTC-5APR19-4125-C,44.66,0.015,0.9,2,1553753318872,16921805,83
2019-03-28 08:01:59.964,0.2,sell,4013.24,BTC-5APR19-4125-C,39.51,0.012,0.2,2,1553760119964,16922589,84
2019-03-28 08:01:59.964,0.8,sell,4013.24,BTC-5APR19-4125-C,39.51,0.012,0.8,3,1553760119964,16922590,85
2019-03-28 08:05:32.213,0.3,buy,4012.97,BTC-5APR19-4125-C,39.67,0.012,0.3,3,1553760332213,16922621,86
2019-03-28 11:31:22.534,3.0,sell,4005.87,BTC-5APR19-4125-C,41.58,0.0125,3.0,0,1553772682534,16924035,87
2019-03-28 14:26:49.834,2.0,sell,4009.86,BTC-5APR19-4125-C,39.25,0.0115,2.0,2,1553783209834,16925807,88
2019-03-28 14:38:31.939,1.0,buy,4011.23,BTC-5APR19-4125-C,40.2,0.012,1.0,0,1553783911939,16925886,89
2019-03-28 15:48:26.767,0.5,sell,4016.48,BTC-5APR19-4125-C,39.67,0.012,0.5,1,1553788106767,16926307,90
2019-03-28 16:37:19.412,1.8,sell,4014.95,BTC-5APR19-4125-C,39.97,0.012,1.8,1,1553791039412,16926652,92
2019-03-28 16:37:19.412,0.2,sell,4014.95,BTC-5APR19-4125-C,39.97,0.012,0.2,1,1553791039412,16926651,91
2019-03-28 17:38:12.423,0.1,buy,4008.72,BTC-5APR19-4125-C,41.56,0.0125,0.1,0,1553794692423,16927405,93
2019-03-28 18:05:18.145,0.2,buy,4009.15,BTC-5APR19-4125-C,42.66,0.013000000000000001,0.2,0,1553796318145,16927492,94
2019-03-28 19:37:02.113,0.2,buy,4010.62,BTC-5APR19-4125-C,43.06,0.013000000000000001,0.2,1,1553801822113,16928047,95
2019-03-28 19:41:55.485,0.5,buy,4011.64,BTC-5APR19-4125-C,43.81,0.0135,0.5,0,1553802115485,16928088,96
2019-03-28 19:43:59.949,0.2,buy,4011.64,BTC-5APR19-4125-C,43.82,0.0135,0.2,1,1553802239949,16928089,97
2019-03-28 20:31:12.148,0.1,buy,4011.03,BTC-5APR19-4125-C,43.8,0.0135,0.1,1,1553805072148,16928203,98
2019-03-28 21:59:40.204,0.3,sell,4010.97,BTC-5APR19-4125-C,42.78,0.013000000000000001,0.3,2,1553810380204,16928609,99
2019-03-29 00:25:41.637,1.0,sell,4015.01,BTC-5APR19-4125-C,41.79,0.0125,1.0,2,1553819141637,16929470,100
2019-03-29 01:00:10.746,0.1,sell,4014.7,BTC-5APR19-4125-C,42.63,0.013000000000000001,0.1,0,1553821210746,16930814,101
2019-03-29 01:04:10.330,1.0,sell,4012.41,BTC-5APR19-4125-C,42.23,0.0125,1.0,2,1553821450330,16931084,102
2019-03-29 02:40:44.641,1.0,sell,4014.25,BTC-5APR19-4125-C,42.04,0.0125,1.0,3,1553827244641,16931871,103
2019-03-29 02:47:02.882,1.0,sell,4014.82,BTC-5APR19-4125-C,42.0,0.0125,1.0,3,1553827622882,16931903,104
2019-03-29 04:31:55.724,0.2,buy,4037.18,BTC-5APR19-4125-C,40.46,0.0135,0.2,0,1553833915724,16933752,105
2019-03-29 04:31:55.724,0.3,buy,4037.18,BTC-5APR19-4125-C,40.46,0.0135,0.3,1,1553833915724,16933753,106
2019-03-29 06:00:38.054,10.0,sell,4011.58,BTC-5APR19-4125-C,42.65,0.0125,10.0,2,1553839238054,16937270,107
2019-03-29 07:47:29.574,7.0,buy,4038.94,BTC-5APR19-4125-C,42.32,0.0145,7.0,0,1553845649574,16939555,108
2019-03-29 07:47:32.541,1.0,buy,4038.9,BTC-5APR19-4125-C,44.24,0.0155,1.0,0,1553845652541,16939556,109
2019-03-29 07:47:34.195,2.0,buy,4038.43,BTC-5APR19-4125-C,45.26,0.016,2.0,0,1553845654195,16939565,110
2019-03-29 08:12:17.856,10.0,sell,4021.12,BTC-5APR19-4125-C,41.42,0.0125,10.0,2,1553847137856,16941368,111
2019-03-29 08:27:05.653,0.3,sell,4029.39,BTC-5APR19-4125-C,40.12,0.0125,0.3,3,1553848025653,16941649,112
2019-03-29 09:14:17.302,2.0,buy,4049.39,BTC-5APR19-4125-C,39.77,0.013999999999999999,2.0,0,1553850857302,16942585,113
2019-03-29 09:23:59.457,6.8,buy,4063.53,BTC-5APR19-4125-C,39.21,0.015,6.8,0,1553851439457,16945082,114
2019-03-29 09:24:00.546,6.8,buy,4063.77,BTC-5APR19-4125-C,39.17,0.015,6.8,1,1553851440546,16945091,115
2019-03-29 09:24:23.595,10.0,sell,4062.13,BTC-5APR19-4125-C,38.52,0.0145,10.0,2,1553851463595,16945094,116
2019-03-29 09:24:53.196,6.9,sell,4061.02,BTC-5APR19-4125-C,38.72,0.0145,6.9,3,1553851493196,16945130,117
2019-03-29 09:27:00.325,7.0,sell,4054.39,BTC-5APR19-4125-C,39.88,0.0145,7.0,3,1553851620325,16945246,118
2019-03-29 09:31:06.001,0.4,buy,4057.27,BTC-5APR19-4125-C,42.21,0.016,0.4,0,1553851866001,16945552,119
2019-03-29 10:26:07.593,1.0,sell,4082.7,BTC-5APR19-4125-C,39.53,0.017,1.0,0,1553855167593,16948191,120
2019-03-29 10:26:07.593,0.7000000000000001,sell,4082.7,BTC-5APR19-4125-C,39.53,0.017,0.7000000000000001,1,1553855167593,16948192,121
2019-03-29 10:32:49.527,0.2,buy,4092.42,BTC-5APR19-4125-C,40.43,0.0185,0.2,0,1553855569527,16948573,122
2019-03-29 10:33:38.511,5.0,buy,4093.95,BTC-5APR19-4125-C,40.14,0.0185,5.0,1,1553855618511,16949345,123
2019-03-29 10:42:54.312,1.0,buy,4079.99,BTC-5APR19-4125-C,40.07,0.017,1.0,2,1553856174312,16953364,124
2019-03-29 11:31:58.201,7.0,buy,4086.2,BTC-5APR19-4125-C,38.07,0.0165,7.0,2,1553859118201,16954435,125
2019-03-29 11:31:58.201,4.0,buy,4086.2,BTC-5APR19-4125-C,38.07,0.0165,4.0,3,1553859118201,16954436,126
2019-03-29 11:35:17.550,0.5,buy,4094.16,BTC-5APR19-4125-C,38.38,0.0175,0.5,0,1553859317550,16954498,127
2019-03-29 12:43:18.071,4.0,sell,4073.02,BTC-5APR19-4125-C,38.82,0.0155,4.0,2,1553863398071,16957382,128
2019-03-29 12:55:49.697,8.0,buy,4080.16,BTC-5APR19-4125-C,41.25,0.0175,8.0,0,1553864149697,16957717,129
2019-03-29 14:00:27.266,1.0,sell,4080.91,BTC-5APR19-4125-C,40.3,0.017,1.0,2,1553868027266,16958484,130
2019-03-29 14:33:03.435,0.1,buy,4072.47,BTC-5APR19-4125-C,43.85,0.018000000000000002,0.1,0,1553869983435,16958911,131
2019-03-29 14:33:04.234,0.1,buy,4072.47,BTC-5APR19-4125-C,43.85,0.018000000000000002,0.1,1,1553869984234,16958912,132
2019-03-29 17:07:38.089,1.0,buy,4081.16,BTC-5APR19-4125-C,42.54,0.018000000000000002,1.0,1,1553879258089,16960254,133
2019-03-29 17:40:49.228,4.0,sell,4082.38,BTC-5APR19-4125-C,38.59,0.016,4.0,2,1553881249228,16960383,134
2019-03-29 17:43:45.314,6.0,buy,4083.01,BTC-5APR19-4125-C,39.43,0.0165,6.0,0,1553881425314,16960403,135
2019-03-29 18:03:58.565,1.0,sell,4082.93,BTC-5APR19-4125-C,38.54,0.016,1.0,2,1553882638565,16960445,136
2019-03-29 19:48:14.942,1.0,buy,4088.0,BTC-5APR19-4125-C,41.55,0.018000000000000002,1.0,0,1553888894942,16961220,137
2019-03-30 00:32:45.747,18.0,buy,4108.16,BTC-5APR19-4125-C,43.75,0.021,18.0,1,1553905965747,16964708,140
2019-03-30 00:32:45.747,6.0,buy,4108.16,BTC-5APR19-4125-C,43.75,0.021,6.0,0,1553905965747,16964707,139
2019-03-30 00:32:45.747,10.4,buy,4108.16,BTC-5APR19-4125-C,41.84,0.02,10.4,0,1553905965747,16964706,138
2019-03-30 00:32:45.747,2.0,buy,4108.16,BTC-5APR19-4125-C,43.75,0.021,2.0,1,1553905965747,16964709,141
2019-03-30 01:43:30.540,1.0,sell,4111.79,BTC-5APR19-4125-C,39.3,0.019,1.0,2,1553910210540,16967052,142
2019-03-30 03:12:43.773,0.3,sell,4106.72,BTC-5APR19-4125-C,36.74,0.017,0.3,2,1553915563773,16967934,143
2019-03-30 03:30:04.632,18.0,sell,4093.27,BTC-5APR19-4125-C,37.66,0.016,18.0,2,1553916604632,16968560,144
2019-03-30 03:30:12.956,18.0,sell,4093.33,BTC-5APR19-4125-C,36.67,0.0155,18.0,2,1553916612956,16968562,145
2019-03-30 03:30:22.322,18.0,sell,4093.33,BTC-5APR19-4125-C,35.7,0.015,18.0,2,1553916622322,16968564,146
2019-03-30 03:30:46.104,18.0,sell,4093.64,BTC-5APR19-4125-C,35.64,0.015,18.0,3,1553916646104,16968589,147
2019-03-30 03:30:54.119,18.0,sell,4093.04,BTC-5APR19-4125-C,34.79,0.0145,18.0,2,1553916654119,16968594,148
2019-03-30 03:52:14.734,18.0,buy,4087.58,BTC-5APR19-4125-C,40.81,0.017,18.0,0,1553917934734,16969234,149
2019-03-30 03:55:34.906,7.0,buy,4090.13,BTC-5APR19-4125-C,40.3,0.017,7.0,1,1553918134906,16969521,150
2019-03-30 05:57:57.336,0.4,buy,4085.91,BTC-5APR19-4125-C,34.55,0.0135,0.4,2,1553925477336,16975389,151
2019-03-30 05:57:57.399,0.4,buy,4085.91,BTC-5APR19-4125-C,34.55,0.0135,0.4,3,1553925477399,16975391,152
2019-03-30 05:57:57.713,0.4,buy,4085.91,BTC-5APR19-4125-C,34.55,0.0135,0.4,3,1553925477713,16975393,153
2019-03-30 05:58:02.101,0.4,buy,4086.52,BTC-5APR19-4125-C,34.42,0.0135,0.4,3,1553925482101,16975395,154
2019-03-30 05:58:02.337,0.4,buy,4086.52,BTC-5APR19-4125-C,34.42,0.0135,0.4,3,1553925482337,16975397,155
2019-03-30 06:00:38.961,0.4,buy,4091.71,BTC-5APR19-4125-C,33.39,0.0135,0.4,3,1553925638961,16975589,156
2019-03-30 06:00:39.360,0.4,buy,4091.71,BTC-5APR19-4125-C,33.39,0.0135,0.4,3,1553925639360,16975591,157
2019-03-30 06:00:39.615,0.2,buy,4091.71,BTC-5APR19-4125-C,33.39,0.0135,0.2,3,1553925639615,16975593,158
2019-03-30 06:23:19.606,5.0,buy,4089.78,BTC-5APR19-4125-C,38.74,0.016,5.0,0,1553926999606,16976010,159
2019-03-30 06:37:51.008,0.4,buy,4090.89,BTC-5APR19-4125-C,38.55,0.016,0.4,1,1553927871008,16976182,160
2019-03-30 06:37:54.054,0.4,buy,4090.89,BTC-5APR19-4125-C,38.55,0.016,0.4,1,1553927874054,16976186,161
2019-03-30 06:37:54.489,0.4,buy,4090.89,BTC-5APR19-4125-C,38.55,0.016,0.4,1,1553927874489,16976188,162
2019-03-30 06:48:13.157,5.0,buy,4087.81,BTC-5APR19-4125-C,39.2,0.016,5.0,1,1553928493157,16976283,163
2019-03-30 06:48:16.313,0.4,buy,4087.82,BTC-5APR19-4125-C,39.2,0.016,0.4,1,1553928496313,16976288,164
2019-03-30 06:48:18.127,0.4,buy,4087.83,BTC-5APR19-4125-C,39.2,0.016,0.4,1,1553928498127,16976290,165
2019-03-30 06:48:28.808,0.4,buy,4087.95,BTC-5APR19-4125-C,39.17,0.016,0.4,1,1553928508808,16976296,166
2019-03-30 06:48:41.180,0.4,buy,4088.04,BTC-5APR19-4125-C,39.16,0.016,0.4,1,1553928521180,16976300,167
2019-03-30 06:48:41.391,0.4,buy,4088.04,BTC-5APR19-4125-C,39.16,0.016,0.4,1,1553928521391,16976302,168
2019-03-30 06:48:41.439,0.4,buy,4088.04,BTC-5APR19-4125-C,39.16,0.016,0.4,1,1553928521439,16976304,169
2019-03-30 06:48:41.641,0.4,buy,4088.04,BTC-5APR19-4125-C,39.16,0.016,0.4,1,1553928521641,16976306,170
2019-03-30 06:53:35.406,0.4,buy,4089.71,BTC-5APR19-4125-C,38.83,0.016,0.4,1,1553928815406,16976350,171
2019-03-30 06:53:44.781,0.4,buy,4089.74,BTC-5APR19-4125-C,38.82,0.016,0.4,1,1553928824781,16976353,172
2019-03-30 06:53:45.095,0.4,buy,4089.74,BTC-5APR19-4125-C,38.82,0.016,0.4,1,1553928825095,16976356,173
2019-03-30 06:53:45.178,0.4,buy,4089.74,BTC-5APR19-4125-C,38.82,0.016,0.4,1,1553928825178,16976358,174
2019-03-30 06:54:10.661,5.0,buy,4089.77,BTC-5APR19-4125-C,38.81,0.016,5.0,1,1553928850661,16976361,175
2019-03-30 06:58:13.051,0.4,buy,4089.82,BTC-5APR19-4125-C,38.81,0.016,0.4,1,1553929093051,16976409,176
2019-03-30 06:58:20.890,0.4,buy,4090.16,BTC-5APR19-4125-C,38.74,0.016,0.4,1,1553929100890,16976412,177
2019-03-30 06:58:21.083,0.4,buy,4090.16,BTC-5APR19-4125-C,38.74,0.016,0.4,1,1553929101083,16976414,178
2019-03-30 06:58:21.131,0.4,buy,4090.16,BTC-5APR19-4125-C,38.74,0.016,0.4,1,1553929101131,16976416,179
2019-03-30 06:58:59.579,1.8,buy,4090.15,BTC-5APR19-4125-C,38.75,0.016,1.8,1,1553929139579,16976421,180
2019-03-30 06:58:59.579,2.0,buy,4090.15,BTC-5APR19-4125-C,38.75,0.016,2.0,1,1553929139579,16976422,181
2019-03-30 11:17:41.577,1.0,sell,4074.5,BTC-5APR19-4125-C,39.5,0.0145,1.0,2,1553944661577,16978493,182
2019-03-30 21:57:24.607,10.0,sell,4086.38,BTC-5APR19-4125-C,37.55,0.013999999999999999,10.0,2,1553983044607,16983446,183
2019-03-30 22:54:52.723,9.0,buy,4080.46,BTC-5APR19-4125-C,44.2,0.0165,9.0,0,1553986492723,16983751,184
2019-03-30 22:55:01.442,2.0,buy,4080.46,BTC-5APR19-4125-C,45.25,0.017,2.0,0,1553986501442,16983752,185
2019-03-30 22:55:09.793,10.0,buy,4080.46,BTC-5APR19-4125-C,45.25,0.017,10.0,1,1553986509793,16983753,186
2019-03-30 22:55:16.841,11.0,buy,4080.46,BTC-5APR19-4125-C,46.29,0.0175,11.0,0,1553986516841,16983754,187
2019-03-31 00:17:35.294,0.3,buy,4101.8,BTC-5APR19-4125-C,43.91,0.0185,0.3,0,1553991455294,16984749,188
2019-03-31 00:17:35.294,0.2,buy,4101.8,BTC-5APR19-4125-C,43.91,0.0185,0.2,1,1553991455294,16984750,189
2019-03-31 11:51:29.178,0.5,sell,4096.88,BTC-5APR19-4125-C,40.64,0.0155,0.5,2,1554033089178,16988314,190
2019-03-31 14:57:40.258,0.4,sell,4093.19,BTC-5APR19-4125-C,39.84,0.0145,0.4,2,1554044260258,16989595,191
2019-03-31 16:01:02.292,1.3,sell,4086.17,BTC-5APR19-4125-C,40.52,0.013999999999999999,1.3,2,1554048062292,16989961,192
2019-03-31 16:12:37.707,1.4,sell,4087.94,BTC-5APR19-4125-C,40.15,0.013999999999999999,1.4,3,1554048757707,16990038,193
2019-03-31 16:31:27.976,1.3,sell,4086.95,BTC-5APR19-4125-C,40.43,0.013999999999999999,1.3,3,1554049887976,16990107,194
2019-03-31 17:39:34.927,0.1,buy,4087.4,BTC-5APR19-4125-C,41.67,0.0145,0.1,1,1554053974927,16990484,196
2019-03-31 17:39:34.927,0.5,buy,4087.4,BTC-5APR19-4125-C,41.67,0.0145,0.5,0,1554053974927,16990483,195
2019-03-31 17:47:08.490,0.4,sell,4087.79,BTC-5APR19-4125-C,41.6,0.0145,0.4,1,1554054428490,16990510,197
2019-03-31 18:07:23.719,0.1,buy,4090.05,BTC-5APR19-4125-C,41.14,0.0145,0.1,1,1554055643719,16990624,198
2019-03-31 18:10:02.777,0.1,buy,4090.66,BTC-5APR19-4125-C,42.14,0.015,0.1,1,1554055802777,16990640,200
2019-03-31 18:10:02.777,0.5,buy,4090.66,BTC-5APR19-4125-C,42.14,0.015,0.5,0,1554055802777,16990639,199
2019-03-31 18:10:02.777,3.3000000000000003,buy,4090.66,BTC-5APR19-4125-C,42.14,0.015,3.3000000000000003,1,1554055802777,16990641,201
2019-03-31 18:24:36.981,1.0,sell,4089.36,BTC-5APR19-4125-C,40.22,0.013999999999999999,1.0,2,1554056676981,16990738,202
2019-03-31 19:19:14.482,11.4,sell,4093.64,BTC-5APR19-4125-C,39.38,0.013999999999999999,11.4,3,1554059954482,16991369,204
2019-03-31 19:19:14.482,5.6000000000000005,sell,4093.64,BTC-5APR19-4125-C,39.38,0.013999999999999999,5.6000000000000005,3,1554059954482,16991368,203
2019-03-31 20:03:39.699,0.3,buy,4097.49,BTC-5APR19-4125-C,43.15,0.016,0.3,1,1554062619699,16991559,206
2019-03-31 20:03:39.699,0.4,buy,4097.49,BTC-5APR19-4125-C,43.15,0.016,0.4,1,1554062619699,16991560,207
2019-03-31 20:03:39.699,0.3,buy,4097.49,BTC-5APR19-4125-C,43.15,0.016,0.3,0,1554062619699,16991558,205
2019-03-31 20:49:04.916,0.1,buy,4093.29,BTC-5APR19-4125-C,43.17,0.0155,0.1,2,1554065344916,16991705,208
2019-03-31 20:49:04.916,4.9,buy,4093.29,BTC-5APR19-4125-C,43.17,0.0155,4.9,3,1554065344916,16991706,209
2019-03-31 20:50:04.480,5.0,buy,4093.3,BTC-5APR19-4125-C,43.18,0.0155,5.0,3,1554065404480,16991714,210
2019-03-31 20:50:15.358,5.0,buy,4093.3,BTC-5APR19-4125-C,44.32,0.016,5.0,0,1554065415358,16991715,211
2019-03-31 20:58:01.869,1.0,sell,4093.1,BTC-5APR19-4125-C,39.81,0.013999999999999999,1.0,2,1554065881869,16991735,212
2019-03-31 20:58:12.090,1.0,sell,4093.06,BTC-5APR19-4125-C,39.82,0.013999999999999999,1.0,3,1554065892090,16991736,213
2019-03-31 20:58:17.182,1.0,sell,4093.06,BTC-5APR19-4125-C,39.82,0.013999999999999999,1.0,3,1554065897182,16991737,214
2019-03-31 20:58:27.450,1.0,sell,4093.13,BTC-5APR19-4125-C,39.81,0.013999999999999999,1.0,3,1554065907450,16991738,215
2019-03-31 20:58:27.815,1.0,sell,4093.13,BTC-5APR19-4125-C,39.81,0.013999999999999999,1.0,3,1554065907815,16991739,216
2019-03-31 20:58:28.024,0.3,sell,4093.13,BTC-5APR19-4125-C,39.81,0.013999999999999999,0.3,3,1554065908024,16991740,217
2019-03-31 20:58:28.330,0.7000000000000001,buy,4093.13,BTC-5APR19-4125-C,39.81,0.013999999999999999,0.7000000000000001,3,1554065908330,16991741,218
2019-03-31 21:43:36.953,0.2,sell,4089.63,BTC-5APR19-4125-C,38.47,0.013000000000000001,0.2,2,1554068616953,16991987,219
2019-03-31 21:43:36.953,0.8,sell,4089.63,BTC-5APR19-4125-C,38.47,0.013000000000000001,0.8,3,1554068616953,16991988,220
2019-03-31 23:16:03.864,0.1,sell,4094.12,BTC-5APR19-4125-C,38.84,0.0135,0.1,0,1554074163864,16992334,221
2019-04-01 00:11:44.779,0.3,buy,4094.01,BTC-5APR19-4125-C,42.53,0.015,0.3,0,1554077504779,16992564,222
2019-04-01 00:11:44.779,0.3,buy,4094.01,BTC-5APR19-4125-C,43.7,0.0155,0.3,0,1554077504779,16992565,223
2019-04-01 00:24:31.626,1.0,sell,4077.13,BTC-5APR19-4125-C,41.88,0.013000000000000001,1.0,2,1554078271626,16993000,224
2019-04-01 00:24:48.498,0.7000000000000001,sell,4069.69,BTC-5APR19-4125-C,42.38,0.0125,0.7000000000000001,2,1554078288498,16993111,225
2019-04-01 00:24:48.498,3.1,sell,4069.69,BTC-5APR19-4125-C,42.38,0.0125,3.1,3,1554078288498,16993112,226
2019-04-01 01:54:29.229,0.1,sell,4114.09,BTC-5APR19-4125-C,38.94,0.0155,0.1,0,1554083669229,16998873,227
2019-04-01 01:58:57.699,0.5,buy,4114.85,BTC-5APR19-4125-C,39.92,0.016,0.5,1,1554083937699,16998888,229
2019-04-01 01:58:57.699,0.1,buy,4114.85,BTC-5APR19-4125-C,39.92,0.016,0.1,0,1554083937699,16998887,228
2019-04-01 03:32:02.645,0.3,sell,4118.5,BTC-5APR19-4125-C,40.41,0.0165,0.3,0,1554089522645,16999598,230
2019-04-01 06:15:49.902,0.3,sell,4122.99,BTC-5APR19-4125-C,39.73,0.0165,0.3,1,1554099349902,17001104,231
2019-04-01 06:31:39.753,33.0,buy,4127.85,BTC-5APR19-4125-C,40.78,0.0175,33.0,0,1554100299753,17001241,232
2019-04-01 07:54:18.277,0.2,sell,4119.29,BTC-5APR19-4125-C,39.9,0.016,0.2,3,1554105258277,17002125,234
2019-04-01 07:54:18.277,0.3,sell,4119.29,BTC-5APR19-4125-C,39.9,0.016,0.3,2,1554105258277,17002124,233
2019-04-01 09:07:35.023,4.5,buy,4123.11,BTC-5APR19-4125-C,37.88,0.0155,4.5,2,1554109655023,17002996,235
2019-04-01 09:08:03.131,4.4,buy,4122.99,BTC-5APR19-4125-C,37.91,0.0155,4.4,3,1554109683131,17003004,236
2019-04-01 09:17:08.964,6.0,sell,4123.35,BTC-5APR19-4125-C,36.63,0.015,6.0,2,1554110228964,17003018,237
2019-04-01 09:50:45.067,4.7,buy,4117.95,BTC-5APR19-4125-C,37.06,0.0145,4.7,2,1554112245067,17003231,238
2019-04-01 09:50:47.908,4.7,sell,4118.03,BTC-5APR19-4125-C,37.04,0.0145,4.7,3,1554112247908,17003232,239
2019-04-01 09:51:12.887,4.7,buy,4118.1,BTC-5APR19-4125-C,37.02,0.0145,4.7,3,1554112272887,17003252,240
2019-04-01 09:51:40.109,4.7,buy,4117.88,BTC-5APR19-4125-C,37.09,0.0145,4.7,3,1554112300109,17003253,241
2019-04-01 10:00:50.061,0.5,buy,4121.16,BTC-5APR19-4125-C,34.98,0.013999999999999999,0.5,2,1554112850061,17003302,242
2019-04-01 10:04:22.372,0.5,buy,4122.19,BTC-5APR19-4125-C,37.12,0.015,0.5,0,1554113062372,17003305,243
2019-04-01 10:04:22.372,4.6000000000000005,buy,4122.19,BTC-5APR19-4125-C,37.12,0.015,4.6000000000000005,1,1554113062372,17003306,244
2019-04-01 10:04:24.566,0.5,buy,4122.19,BTC-5APR19-4125-C,37.12,0.015,0.5,1,1554113064566,17003307,245
2019-04-01 10:04:24.566,4.6000000000000005,buy,4122.19,BTC-5APR19-4125-C,37.12,0.015,4.6000000000000005,1,1554113064566,17003308,246
2019-04-01 10:44:40.297,5.0,sell,4116.46,BTC-5APR19-4125-C,40.09,0.0155,5.0,0,1554115480297,17003486,247
2019-04-01 10:44:40.680,0.1,sell,4116.46,BTC-5APR19-4125-C,40.09,0.0155,0.1,1,1554115480680,17003487,248
2019-04-01 10:44:40.770,0.1,sell,4116.46,BTC-5APR19-4125-C,40.09,0.0155,0.1,1,1554115480770,17003488,249
2019-04-01 10:44:40.957,0.1,sell,4116.46,BTC-5APR19-4125-C,40.09,0.0155,0.1,1,1554115480957,17003489,250
2019-04-01 10:44:45.529,0.4,sell,4116.46,BTC-5APR19-4125-C,40.09,0.0155,0.4,1,1554115485529,17003490,251
2019-04-01 10:44:46.166,0.5,sell,4116.46,BTC-5APR19-4125-C,40.09,0.0155,0.5,1,1554115486166,17003491,252
2019-04-01 12:46:47.918,0.2,sell,4127.17,BTC-5APR19-4125-C,37.44,0.0155,0.2,1,1554122807918,17004868,253
2019-04-01 13:24:08.770,0.5,sell,4123.8,BTC-5APR19-4125-C,38.56,0.0155,0.5,1,1554125048770,17005220,254
2019-04-01 14:13:29.659,2.0,sell,4138.36,BTC-5APR19-4125-C,38.02,0.017,2.0,0,1554128009659,17006224,255
2019-04-01 16:35:34.679,0.1,buy,4144.54,BTC-5APR19-4125-C,37.8,0.0175,0.1,1,1554136534679,17008726,257
2019-04-01 16:35:34.679,0.1,buy,4144.54,BTC-5APR19-4125-C,37.8,0.0175,0.1,0,1554136534679,17008725,256
2019-04-01 17:14:09.099,0.1,sell,4138.3,BTC-5APR19-4125-C,39.97,0.0175,0.1,1,1554138849099,17009095,258
2019-04-01 18:54:16.138,6.6000000000000005,sell,4133.43,BTC-5APR19-4125-C,36.81,0.0155,6.6000000000000005,2,1554144856138,17010014,259
2019-04-01 18:54:16.138,5.4,sell,4133.43,BTC-5APR19-4125-C,36.81,0.0155,5.4,3,1554144856138,17010015,260
2019-04-01 19:39:44.092,6.0,sell,4132.89,BTC-5APR19-4125-C,35.87,0.015,6.0,2,1554147584092,17010371,261
2019-04-01 21:33:45.148,4.0,sell,4130.9,BTC-5APR19-4125-C,36.91,0.015,4.0,3,1554154425148,17011169,262
2019-04-02 00:35:50.775,1.0,sell,4143.8,BTC-5APR19-4125-C,38.58,0.017,1.0,0,1554165350775,17012904,263
2019-04-02 01:06:10.405,1.0,buy,4145.11,BTC-5APR19-4125-C,38.25,0.017,1.0,1,1554167170405,17014580,264
2019-04-02 01:35:55.517,1.0,buy,4153.96,BTC-5APR19-4125-C,39.23,0.0185,1.0,0,1554168955517,17015063,265
2019-04-02 01:54:29.186,1.0,buy,4152.2,BTC-5APR19-4125-C,38.59,0.018000000000000002,1.0,2,1554170069186,17015413,266
2019-04-02 02:21:42.185,1.0,sell,4170.91,BTC-5APR19-4125-C,35.55,0.0195,1.0,0,1554171702185,17016407,267
2019-04-02 02:58:28.358,1.0,buy,4173.97,BTC-5APR19-4125-C,41.49,0.022000000000000002,1.0,0,1554173908358,17017203,268
2019-04-02 03:07:54.527,1.1,buy,4169.15,BTC-5APR19-4125-C,36.46,0.0195,1.1,2,1554174474527,17017530,269
2019-04-02 04:33:46.291,0.5,buy,4298.52,BTC-5APR19-4125-C,49.87,0.045,0.5,0,1554179626291,17023001,270
2019-04-02 04:33:51.336,0.9,buy,4308.38,BTC-5APR19-4125-C,76.38,0.054000000000000006,0.9,0,1554179631336,17023296,271
2019-04-02 04:41:18.408,3.0,sell,4477.91,BTC-5APR19-4125-C,50.07,0.0795,3.0,0,1554180078408,17031117,272
2019-04-02 04:41:19.220,2.9,sell,4477.01,BTC-5APR19-4125-C,44.96,0.079,2.9,2,1554180079220,17031147,273
2019-04-02 04:49:53.593,0.3,buy,4536.68,BTC-5APR19-4125-C,91.25,0.096,0.3,0,1554180593593,17035298,274
2019-04-02 04:50:12.211,3.0,buy,4561.12,BTC-5APR19-4125-C,0.0,0.0875,3.0,2,1554180612211,17035859,275
2019-04-02 04:50:14.028,0.5,buy,4559.8,BTC-5APR19-4125-C,0.0,0.0875,0.5,3,1554180614028,17035890,276
2019-04-02 04:50:19.042,1.0,buy,4565.34,BTC-5APR19-4125-C,0.0,0.0875,1.0,3,1554180619042,17036010,277
2019-04-02 04:50:19.504,3.0,buy,4567.0,BTC-5APR19-4125-C,0.0,0.0875,3.0,3,1554180619504,17036033,278
2019-04-02 04:50:50.799,1.0,buy,4582.14,BTC-5APR19-4125-C,165.42,0.121,1.0,0,1554180650799,17036604,279
2019-04-02 04:51:19.272,1.0,buy,4596.94,BTC-5APR19-4125-C,137.91,0.11599999999999999,1.0,2,1554180679272,17036927,280
2019-04-02 04:53:20.528,1.0,buy,4689.62,BTC-5APR19-4125-C,175.39,0.139,1.0,0,1554180800528,17038451,281
2019-04-02 04:54:04.564,0.5,sell,4757.45,BTC-5APR19-4125-C,206.93,0.1565,0.5,0,1554180844564,17039596,282
2019-04-02 04:54:23.641,1.0,sell,4760.36,BTC-5APR19-4125-C,174.86,0.149,1.0,2,1554180863641,17040180,283
2019-04-02 04:54:49.371,1.0,sell,4779.51,BTC-5APR19-4125-C,155.07,0.1475,1.0,2,1554180889371,17040898,284
2019-04-02 04:55:58.817,1.0,sell,4767.41,BTC-5APR19-4125-C,141.41,0.14300000000000002,1.0,2,1554180958817,17041873,285
2019-04-02 05:11:32.738,0.1,buy,4715.3,BTC-5APR19-4125-C,66.86,0.1255,0.1,2,1554181892738,17050903,286
2019-04-02 05:11:34.339,5.0,buy,4719.56,BTC-5APR19-4125-C,0.0,0.1255,5.0,3,1554181894339,17050918,287
2019-04-02 05:11:35.743,0.1,buy,4719.92,BTC-5APR19-4125-C,0.0,0.1255,0.1,3,1554181895743,17050925,288
2019-04-02 05:11:37.430,0.1,buy,4719.32,BTC-5APR19-4125-C,0.0,0.1255,0.1,3,1554181897430,17050935,289
2019-04-02 05:11:37.976,0.1,buy,4719.32,BTC-5APR19-4125-C,0.0,0.1255,0.1,3,1554181897976,17050940,290
2019-04-02 05:11:49.491,5.0,buy,4723.38,BTC-5APR19-4125-C,0.0,0.1255,5.0,3,1554181909491,17050991,291
2019-04-02 05:11:52.952,5.0,buy,4722.5,BTC-5APR19-4125-C,0.0,0.1255,5.0,3,1554181912952,17051020,292
2019-04-02 05:12:20.054,0.1,buy,4721.61,BTC-5APR19-4125-C,0.0,0.1255,0.1,3,1554181940054,17051124,293
2019-04-02 05:12:22.259,0.1,buy,4721.19,BTC-5APR19-4125-C,0.0,0.1255,0.1,3,1554181942259,17051140,294
2019-04-02 05:12:22.977,0.1,buy,4721.19,BTC-5APR19-4125-C,0.0,0.1255,0.1,3,1554181942977,17051145,295
2019-04-02 05:12:23.581,25.0,buy,4721.19,BTC-5APR19-4125-C,0.0,0.1255,25.0,3,1554181943581,17051150,296
2019-04-02 05:12:25.447,0.1,buy,4722.08,BTC-5APR19-4125-C,0.0,0.1255,0.1,3,1554181945447,17051157,297
2019-04-02 05:12:27.322,0.1,buy,4723.08,BTC-5APR19-4125-C,0.0,0.1255,0.1,3,1554181947322,17051173,298
2019-04-02 05:12:30.436,0.1,buy,4723.1,BTC-5APR19-4125-C,0.0,0.1255,0.1,3,1554181950436,17051183,299
2019-04-02 05:14:24.463,0.9,sell,4725.85,BTC-5APR19-4125-C,0.0,0.125,0.9,3,1554182064463,17051487,301
2019-04-02 05:14:24.463,2.1,sell,4725.85,BTC-5APR19-4125-C,0.0,0.0105,2.1,2,1554182064463,17051488,302
2019-04-02 05:14:24.463,2.0,sell,4725.85,BTC-5APR19-4125-C,0.0,0.125,2.0,2,1554182064463,17051486,300
2019-04-02 05:15:47.493,2.1,sell,4734.94,BTC-5APR19-4125-C,0.0,0.12300000000000001,2.1,0,1554182147493,17052339,303
2019-04-02 05:17:38.687,0.1,buy,4823.42,BTC-5APR19-4125-C,0.0,0.1435,0.1,0,1554182258687,17054111,304
2019-04-02 05:19:48.365,1.0,buy,4940.29,BTC-5APR19-4125-C,110.93,0.1665,1.0,0,1554182388365,17057217,305
2019-04-02 05:19:51.879,1.0,buy,4940.98,BTC-5APR19-4125-C,100.95,0.166,1.0,2,1554182391879,17057306,306
2019-04-02 05:21:43.797,1.0,buy,5024.54,BTC-5APR19-4125-C,190.67,0.1895,1.0,0,1554182503797,17059348,307
2019-04-02 05:22:20.735,1.0,buy,5043.94,BTC-5APR19-4125-C,223.83,0.1985,1.0,0,1554182540735,17060041,308
2019-04-02 05:23:46.880,1.0,buy,5071.52,BTC-5APR19-4125-C,146.69,0.19,1.0,2,1554182626880,17061703,309
2019-04-02 05:58:48.790,15.0,sell,4738.72,BTC-5APR19-4125-C,0.0,0.125,15.0,2,1554184728790,17075548,310
2019-04-02 06:14:35.487,25.0,sell,4755.9,BTC-5APR19-4125-C,90.21,0.134,25.0,0,1554185675487,17080943,311
2019-04-02 06:15:04.842,12.5,buy,4765.4,BTC-5APR19-4125-C,88.12,0.1355,12.5,0,1554185704842,17081102,312
2019-04-02 06:15:39.712,5.0,sell,4758.33,BTC-5APR19-4125-C,84.11,0.134,5.0,2,1554185739712,17081384,313
2019-04-02 06:23:36.211,2.0,sell,4694.02,BTC-5APR19-4125-C,97.55,0.124,2.0,2,1554186216211,17083301,314
2019-04-02 08:02:45.684,0.5,buy,4700.76,BTC-5APR19-4125-C,87.23,0.124,0.5,3,1554192165684,17093174,315
2019-04-02 08:03:12.007,0.5,buy,4702.12,BTC-5APR19-4125-C,84.3,0.124,0.5,3,1554192192007,17093188,316
2019-04-02 09:19:16.386,0.1,sell,4726.41,BTC-5APR19-4125-C,0.0,0.1235,0.1,2,1554196756386,17096814,317
2019-04-02 09:41:56.690,1.0,sell,4784.29,BTC-5APR19-4125-C,0.0,0.136,1.0,0,1554198116690,17100507,318
2019-04-02 09:43:43.903,1.0,sell,4794.72,BTC-5APR19-4125-C,0.0,0.1375,1.0,0,1554198223903,17100775,319
2019-04-02 11:22:28.447,6.0,sell,4793.18,BTC-5APR19-4125-C,0.0,0.13699999999999998,6.0,2,1554204148447,17106958,320
2019-04-02 11:22:28.447,26.5,sell,4793.18,BTC-5APR19-4125-C,0.0,0.134,26.5,2,1554204148447,17106959,321
2019-04-02 11:29:50.379,3.4,sell,4792.92,BTC-5APR19-4125-C,0.0,0.13699999999999998,3.4,2,1554204590379,17107327,323
2019-04-02 11:29:50.379,0.5,sell,4792.92,BTC-5APR19-4125-C,0.0,0.138,0.5,0,1554204590379,17107326,322
2019-04-02 11:42:06.659,1.0,sell,4775.87,BTC-5APR19-4125-C,0.0,0.134,1.0,2,1554205326659,17107844,324
2019-04-02 12:21:02.814,19.0,buy,4792.02,BTC-5APR19-4125-C,123.19,0.14300000000000002,19.0,0,1554207662814,17108535,326
2019-04-02 12:21:02.814,6.0,buy,4792.02,BTC-5APR19-4125-C,114.57,0.142,6.0,0,1554207662814,17108534,325
2019-04-02 12:42:23.688,1.0,sell,4805.68,BTC-5APR19-4125-C,100.31,0.14300000000000002,1.0,1,1554208943688,17109927,327
2019-04-02 13:15:17.894,1.0,buy,4790.47,BTC-5APR19-4125-C,113.02,0.1415,1.0,2,1554210917894,17111410,328
2019-04-02 13:24:08.363,6.0,sell,4798.28,BTC-5APR19-4125-C,0.0,0.138,6.0,2,1554211448363,17111661,329
2019-04-02 13:34:11.929,6.0,sell,4808.49,BTC-5APR19-4125-C,0.0,0.14,6.0,0,1554212051929,17112016,330
2019-04-02 13:34:18.109,6.0,sell,4808.24,BTC-5APR19-4125-C,0.0,0.14,6.0,1,1554212058109,17112023,331
2019-04-02 14:09:53.522,0.4,sell,4744.1,BTC-5APR19-4125-C,89.1,0.1315,0.4,2,1554214193522,17113650,332
2019-04-02 14:10:00.186,0.4,sell,4725.0,BTC-5APR19-4125-C,113.48,0.1305,0.4,2,1554214200186,17113874,333
2019-04-02 14:10:01.951,0.4,sell,4723.84,BTC-5APR19-4125-C,115.02,0.1305,0.4,3,1554214201951,17113897,334
2019-04-02 15:10:36.715,0.4,sell,4722.3,BTC-5APR19-4125-C,94.48,0.128,0.4,2,1554217836715,17119868,335
2019-04-02 15:10:44.386,0.4,sell,4716.12,BTC-5APR19-4125-C,105.81,0.128,0.4,3,1554217844386,17119939,336
2019-04-02 15:10:48.884,0.2,sell,4708.02,BTC-5APR19-4125-C,117.01,0.128,0.2,3,1554217848884,17120018,337
2019-04-02 15:22:28.255,0.1,buy,4730.49,BTC-5APR19-4125-C,119.13,0.132,0.1,0,1554218548255,17120962,338
2019-04-02 16:49:49.898,1.0,buy,4737.91,BTC-5APR19-4125-C,114.42,0.1325,1.0,0,1554223789898,17123065,339
2019-04-02 17:02:13.811,0.5,sell,4729.38,BTC-5APR19-4125-C,104.64,0.13,0.5,2,1554224533811,17123271,340
2019-04-02 17:02:13.922,0.5,sell,4729.38,BTC-5APR19-4125-C,104.64,0.13,0.5,3,1554224533922,17123272,341
2019-04-02 17:02:28.688,1.0,sell,4725.11,BTC-5APR19-4125-C,106.98,0.1295,1.0,2,1554224548688,17123297,342
2019-04-02 17:26:59.853,0.5,sell,4717.12,BTC-5APR19-4125-C,106.07,0.128,0.5,2,1554226019853,17124033,343
2019-04-02 17:27:04.712,0.5,sell,4709.15,BTC-5APR19-4125-C,117.68,0.128,0.5,3,1554226024712,17124220,344
2019-04-02 17:27:07.277,0.5,sell,4700.55,BTC-5APR19-4125-C,124.41,0.1275,0.5,2,1554226027277,17124287,345
2019-04-02 17:27:07.797,0.5,sell,4700.55,BTC-5APR19-4125-C,124.41,0.1275,0.5,3,1554226027797,17124296,346
2019-04-02 17:27:26.714,1.0,sell,4685.92,BTC-5APR19-4125-C,133.29,0.1265,1.0,2,1554226046714,17124599,347
2019-04-02 19:52:22.404,1.0,buy,4756.27,BTC-5APR19-4125-C,111.34,0.135,1.0,0,1554234742404,17127942,348
2019-04-02 19:55:49.380,5.2,sell,4766.37,BTC-5APR19-4125-C,108.93,0.1365,5.2,0,1554234949380,17128260,349
2019-04-02 19:55:49.628,0.5,sell,4766.37,BTC-5APR19-4125-C,108.93,0.1365,0.5,1,1554234949628,17128261,350
2019-04-02 19:55:49.728,0.3,sell,4766.37,BTC-5APR19-4125-C,108.93,0.1365,0.3,1,1554234949728,17128262,351
2019-04-02 20:02:44.727,1.0,sell,4752.48,BTC-5APR19-4125-C,83.25,0.1325,1.0,2,1554235364727,17128758,352
2019-04-02 20:13:04.582,1.0,buy,4804.42,BTC-5APR19-4125-C,109.47,0.14300000000000002,1.0,0,1554235984582,17130076,353
2019-04-02 20:33:41.109,0.4,sell,4765.6,BTC-5APR19-4125-C,111.03,0.1365,0.4,2,1554237221109,17132979,354
2019-04-02 21:13:50.688,1.0,buy,4829.73,BTC-5APR19-4125-C,158.96,0.1525,1.0,0,1554239630688,17138336,355
2019-04-02 21:31:29.911,1.5,sell,4818.16,BTC-5APR19-4125-C,105.56,0.145,1.5,2,1554240689911,17138930,356
2019-04-02 22:02:56.925,0.1,buy,4804.85,BTC-5APR19-4125-C,0.0,0.1395,0.1,2,1554242576925,17140068,357
2019-04-02 23:15:11.171,1.0,buy,4867.66,BTC-5APR19-4125-C,131.14,0.155,1.0,0,1554246911171,17143841,358
2019-04-02 23:15:27.944,1.0,buy,4875.73,BTC-5APR19-4125-C,71.27,0.154,1.0,2,1554246927944,17143957,359
2019-04-02 23:17:24.468,1.0,sell,4882.09,BTC-5APR19-4125-C,110.72,0.156,1.0,0,1554247044468,17144600,360
2019-04-02 23:17:50.597,1.0,sell,4891.83,BTC-5APR19-4125-C,143.22,0.16,1.0,0,1554247070597,17144789,361
2019-04-02 23:20:22.440,1.0,sell,4890.18,BTC-5APR19-4125-C,145.86,0.16,1.0,1,1554247222440,17146449,362
2019-04-02 23:37:26.458,1.0,sell,4914.16,BTC-5APR19-4125-C,101.19,0.161,1.0,0,1554248246458,17148487,363
2019-04-03 00:37:28.386,0.5,sell,4915.67,BTC-5APR19-4125-C,128.65,0.1625,0.5,0,1554251848386,17159701,364
2019-04-03 01:08:08.510,1.0,sell,4945.19,BTC-5APR19-4125-C,0.0,0.165,1.0,0,1554253688510,17163600,365
2019-04-03 01:12:45.023,1.5,sell,4939.32,BTC-5APR19-4125-C,123.47,0.166,1.5,0,1554253965023,17163907,366
2019-04-03 03:49:31.133,0.5,sell,5061.54,BTC-5APR19-4125-C,0.0,0.185,0.5,0,1554263371133,17179000,367
2019-04-03 03:49:55.030,0.5,sell,5063.1,BTC-5APR19-4125-C,111.19,0.1855,0.5,0,1554263395030,17179012,368
2019-04-03 09:56:50.052,0.3,sell,4969.93,BTC-5APR19-4125-C,145.51,0.1715,0.3,2,1554285410052,17193105,369
2019-04-03 10:07:35.853,0.2,sell,4980.01,BTC-5APR19-4125-C,0.0,0.1715,0.2,3,1554286055853,17193282,370
2019-04-03 14:20:07.077,0.8,sell,5027.15,BTC-5APR19-4125-C,161.8,0.18100000000000002,0.8,0,1554301207077,17202776,371
2019-04-03 16:47:51.754,0.2,buy,5140.95,BTC-5APR19-4125-C,0.0,0.19699999999999998,0.2,0,1554310071754,17214083,372
2019-04-03 16:47:51.754,0.8,buy,5140.95,BTC-5APR19-4125-C,0.0,0.1975,0.8,0,1554310071754,17214084,373
2019-04-03 16:53:53.412,0.3,sell,5128.14,BTC-5APR19-4125-C,145.75,0.196,0.3,2,1554310433412,17214482,374
2019-04-03 17:02:15.141,0.5,buy,5155.65,BTC-5APR19-4125-C,0.0,0.1975,0.5,0,1554310935141,17215097,375
2019-04-03 17:02:17.746,1.8,buy,5156.35,BTC-5APR19-4125-C,0.0,0.1975,1.8,1,1554310937746,17215101,376
2019-04-03 17:07:02.954,0.2,sell,5181.44,BTC-5APR19-4125-C,223.42,0.2075,0.2,0,1554311222954,17216440,377
2019-04-03 20:15:52.714,1.0,sell,5239.79,BTC-5APR19-4125-C,251.16,0.217,1.0,0,1554322552714,17230529,378
2019-04-03 20:23:33.432,0.5,buy,5305.52,BTC-5APR19-4125-C,0.0,0.22,0.5,0,1554323013432,17233069,379
2019-04-03 20:52:44.021,0.5,buy,5282.45,BTC-5APR19-4125-C,208.73,0.2205,0.5,0,1554324764021,17237423,380
2019-04-03 21:02:51.504,1.0,sell,5326.51,BTC-5APR19-4125-C,228.13,0.2275,1.0,0,1554325371504,17238580,381
2019-04-03 21:49:36.273,0.4,sell,5269.18,BTC-5APR19-4125-C,193.8,0.218,0.4,2,1554328176273,17243582,382
2019-04-03 21:59:43.157,0.5,buy,5181.89,BTC-5APR19-4125-C,127.31,0.204,0.5,2,1554328783157,17245550,383
2019-04-03 21:59:43.249,0.5,sell,5181.89,BTC-5APR19-4125-C,127.31,0.204,0.5,3,1554328783249,17245553,384
2019-04-03 23:09:14.842,0.1,sell,4854.22,BTC-5APR19-4125-C,0.0,0.11,0.1,2,1554332954842,17265783,385
2019-04-03 23:09:14.842,0.9,sell,4854.22,BTC-5APR19-4125-C,0.0,0.1,0.9,2,1554332954842,17265784,386
2019-04-04 19:59:54.888,0.1,buy,4825.9,BTC-5APR19-4125-C,0.0,0.14,0.1,0,1554407994888,17328906,387
2019-04-04 21:17:25.210,0.1,buy,4892.45,BTC-5APR19-4125-C,0.0,0.154,0.1,0,1554412645210,17335342,388
