date_utc,amount,direction,indexPrice,instrument,iv,price,quantity,tickDirection,timeStamp,tradeId,tradeSeq
2019-03-22 16:08:34.102,0.9,sell,3979.74,BTC-5APR19-4125-C,43.09,0.018000000000000002,0.9,1,1553270914102,16779822,1
2019-03-22 19:38:39.086,0.5,buy,3992.48,BTC-5APR19-4125-C,43.29,0.019,0.5,0,1553283519086,16781123,2
2019-03-22 19:38:39.086,0.5,buy,3992.48,BTC-5APR19-4125-C,43.29,0.019,0.5,1,1553283519086,16781124,3
2019-03-22 19:38:39.134,4.0,sell,3992.48,BTC-5APR19-4125-C,43.29,0.019,4.0,1,1553283519134,16781125,4
2019-03-22 20:17:38.538,0.5,sell,3987.2,BTC-5APR19-4125-C,40.53,0.0165,0.5,2,1553285858538,16781432,5
2019-03-24 16:43:20.394,1.0,buy,3968.26,BTC-5APR19-4125-C,41.44,0.013999999999999999,1.0,2,1553445800394,16801801,6
2019-03-25 03:57:52.127,1.0,sell,3976.29,BTC-5APR19-4125-C,39.04,0.0125,1.0,2,1553486272127,16807817,7
2019-03-25 04:35:00.535,1.0,sell,3973.24,BTC-5APR19-4125-C,40.14,0.013000000000000001,1.0,0,1553488500535,16808072,8
2019-03-25 11:52:57.266,1.0,buy,3970.49,BTC-5APR19-4125-C,41.06,0.013000000000000001,1.0,1,1553514777266,16810070,9
2019-03-25 15:28:51.801,2.0,sell,3960.46,BTC-5APR19-4125-C,38.37,0.0105,2.0,2,1553527731801,16812918,10
2019-03-25 15:28:51.801,3.0,sell,3960.46,BTC-5APR19-4125-C,38.37,0.0105,3.0,3,1553527731801,16812919,11
2019-03-25 16:01:21.426,1.7,sell,3943.43,BTC-5APR19-4125-C,38.64,0.0095,1.7,2,1553529681426,16813918,12
2019-03-25 16:01:21.435,1.2,sell,3943.43,BTC-5APR19-4125-C,38.64,0.0095,1.2,3,1553529681435,16813919,13
2019-03-25 16:01:21.475,1.3,sell,3943.43,BTC-5APR19-4125-C,38.64,0.0095,1.3,3,1553529681475,16813920,14
2019-03-25 16:01:21.482,1.6,sell,3943.43,BTC-5APR19-4125-C,38.64,0.0095,1.6,3,1553529681482,16813921,15
2019-03-25 16:01:21.578,1.1,sell,3943.43,BTC-5APR19-4125-C,38.64,0.0095,1.1,3,1553529681578,16813922,16
2019-03-25 16:01:21.591,1.4,sell,3943.43,BTC-5APR19-4125-C,38.64,0.0095,1.4,3,1553529681591,16813923,17
2019-03-25 16:01:21.636,0.6,sell,3943.43,BTC-5APR19-4125-C,38.64,0.0095,0.6,3,1553529681636,16813924,18
2019-03-25 16:01:21.656,0.3,sell,3943.43,BTC-5APR19-4125-C,38.64,0.0095,0.3,3,1553529681656,16813925,19
2019-03-25 16:01:21.743,3.9,sell,3943.43,BTC-5APR19-4125-C,38.64,0.0095,3.9,3,1553529681743,16813926,20
2019-03-25 16:01:21.765,1.5,sell,3943.43,BTC-5APR19-4125-C,38.64,0.0095,1.5,3,1553529681765,16813927,21
2019-03-25 16:01:21.809,0.9,sell,3943.43,BTC-5APR19-4125-C,38.64,0.0095,0.9,3,1553529681809,16813928,22
2019-03-25 16:01:21.836,2.6,sell,3943.43,BTC-5APR19-4125-C,38.64,0.0095,2.6,3,1553529681836,16813929,23
2019-03-25 16:01:21.934,0.3,sell,3943.43,BTC-5APR19-4125-C,38.64,0.0095,0.3,3,1553529681934,16813930,24
2019-03-25 19:32:34.560,0.5,buy,3899.34,BTC-5APR19-4125-C,46.71,0.011000000000000001,0.5,0,1553542354560,16825755,25
2019-03-25 21:01:17.018,0.5,sell,3886.72,BTC-5APR19-4125-C,43.08,0.0085,0.5,2,1553547677018,16827624,26
2019-03-26 03:08:15.189,16.0,sell,3919.38,BTC-5APR19-4125-C,41.04,0.009000000000000001,16.0,0,1553569695189,16831918,27
2019-03-26 03:08:15.189,4.0,sell,3919.38,BTC-5APR19-4125-C,41.04,0.009000000000000001,4.0,1,1553569695189,16831919,28
2019-03-26 03:37:05.518,5.0,sell,3918.96,BTC-5APR19-4125-C,41.5,0.009000000000000001,5.0,1,1553571425518,16832080,29
2019-03-26 04:35:20.894,5.0,sell,3912.79,BTC-5APR19-4125-C,41.86,0.009000000000000001,5.0,1,1553574920894,16832621,30
2019-03-26 05:20:59.420,10.0,sell,3914.22,BTC-5APR19-4125-C,42.02,0.009000000000000001,10.0,1,1553577659420,16832882,31
2019-03-26 05:20:59.420,5.0,sell,3914.22,BTC-5APR19-4125-C,42.02,0.009000000000000001,5.0,1,1553577659420,16832883,32
2019-03-26 11:24:32.844,5.0,sell,3898.57,BTC-5APR19-4125-C,43.05,0.0085,5.0,2,1553599472844,16835758,33
2019-03-26 18:51:37.044,0.1,buy,3916.88,BTC-5APR19-4125-C,44.72,0.01,0.1,0,1553626297044,16840981,34
2019-03-26 18:51:37.044,4.9,buy,3916.88,BTC-5APR19-4125-C,44.72,0.01,4.9,1,1553626297044,16840982,35
2019-03-26 21:14:33.504,2.0,buy,3911.95,BTC-5APR19-4125-C,44.86,0.0095,2.0,2,1553634873504,16842076,36
2019-03-26 21:14:33.504,12.6,buy,3911.95,BTC-5APR19-4125-C,44.86,0.0095,12.6,3,1553634873504,16842077,37
2019-03-26 21:14:33.504,200.0,buy,3911.95,BTC-5APR19-4125-C,44.86,0.0095,200.0,3,1553634873504,16842078,38
2019-03-26 21:19:11.901,100.0,buy,3911.62,BTC-5APR19-4125-C,44.83,0.0095,100.0,3,1553635151901,16842096,39
2019-03-26 21:37:44.717,1.0,buy,3911.09,BTC-5APR19-4125-C,44.88,0.0095,1.0,3,1553636264717,16842143,40
2019-03-26 21:37:44.717,150.0,buy,3911.09,BTC-5APR19-4125-C,44.88,0.0095,150.0,3,1553636264717,16842144,41
2019-03-27 04:25:16.019,0.1,sell,3974.84,BTC-5APR19-4125-C,42.38,0.012,0.1,0,1553660716019,16852702,42
2019-03-27 04:57:43.400,0.3,buy,3975.31,BTC-5APR19-4125-C,44.12,0.013000000000000001,0.3,0,1553662663400,16852942,43
2019-03-27 04:57:43.400,12.1,buy,3975.31,BTC-5APR19-4125-C,45.02,0.0135,12.1,0,1553662663400,16852943,44
2019-03-27 04:57:43.400,11.7,buy,3975.31,BTC-5APR19-4125-C,45.02,0.0135,11.7,1,1553662663400,16852944,45
2019-03-27 04:57:43.400,0.9,buy,3975.31,BTC-5APR19-4125-C,45.92,0.013999999999999999,0.9,0,1553662663400,16852945,46
2019-03-27 06:27:07.330,0.1,sell,3984.49,BTC-5APR19-4125-C,42.3,0.0125,0.1,2,1553668027330,16854392,47
2019-03-27 08:56:37.823,0.5,sell,3979.67,BTC-5APR19-4125-C,41.1,0.0115,0.5,2,1553676997823,16855363,48
2019-03-27 08:57:03.657,0.1,sell,3979.67,BTC-5APR19-4125-C,41.13,0.0115,0.1,3,1553677023657,16855369,49
2019-03-27 09:27:35.208,0.2,buy,3984.72,BTC-5APR19-4125-C,43.15,0.013000000000000001,0.2,0,1553678855208,16855927,50
2019-03-27 10:00:58.744,10.0,sell,3984.9,BTC-5APR19-4125-C,44.33,0.0135,10.0,0,1553680858744,16856068,51
2019-03-27 10:23:20.034,1.3,buy,4008.88,BTC-5APR19-4125-C,44.69,0.0155,1.3,0,1553682200034,16857295,52
2019-03-27 10:23:20.039,1.2,buy,4008.88,BTC-5APR19-4125-C,44.69,0.0155,1.2,1,1553682200039,16857296,53
2019-03-27 10:23:20.050,1.7,buy,4008.88,BTC-5APR19-4125-C,44.69,0.0155,1.7,1,1553682200050,16857297,54
2019-03-27 10:23:20.052,1.6,buy,4008.88,BTC-5APR19-4125-C,44.69,0.0155,1.6,1,1553682200052,16857298,55
2019-03-27 10:23:20.429,0.6,buy,4008.88,BTC-5APR19-4125-C,44.69,0.0155,0.6,1,1553682200429,16857299,56
2019-03-27 10:23:20.447,1.1,buy,4008.88,BTC-5APR19-4125-C,44.69,0.0155,1.1,1,1553682200447,16857300,57
2019-03-27 10:23:20.482,1.4,buy,4008.88,BTC-5APR19-4125-C,44.69,0.0155,1.4,1,1553682200482,16857301,58
2019-03-27 10:23:20.512,0.3,buy,4008.88,BTC-5APR19-4125-C,44.69,0.0155,0.3,1,1553682200512,16857302,59
2019-03-27 10:23:20.825,1.1,buy,4008.88,BTC-5APR19-4125-C,45.56,0.016,1.1,0,1553682200825,16857303,60
2019-03-27 10:23:20.825,2.8000000000000003,buy,4008.88,BTC-5APR19-4125-C,45.56,0.016,2.8000000000000003,1,1553682200825,16857304,61
2019-03-27 10:23:20.841,1.5,buy,4008.88,BTC-5APR19-4125-C,45.56,0.016,1.5,1,1553682200841,16857305,62
2019-03-27 10:23:20.899,0.9,buy,4008.88,BTC-5APR19-4125-C,45.56,0.016,0.9,1,1553682200899,16857306,63
2019-03-27 10:23:20.921,0.8,buy,4008.88,BTC-5APR19-4125-C,45.56,0.016,0.8,1,1553682200921,16857307,64
2019-03-27 10:23:21.361,1.8,sell,4008.88,BTC-5APR19-4125-C,45.56,0.016,1.8,1,1553682201361,16857308,65
2019-03-27 10:23:21.361,0.3,sell,4008.88,BTC-5APR19-4125-C,45.56,0.016,0.3,1,1553682201361,16857309,66
2019-03-27 10:25:42.162,2.0,sell,4016.07,BTC-5APR19-4125-C,40.49,0.0135,2.0,2,1553682342162,16858614,67
2019-03-27 12:06:52.025,3.0,sell,4021.94,BTC-5APR19-4125-C,40.13,0.013999999999999999,3.0,0,1553688412025,16862355,68
2019-03-27 13:25:34.531,2.0,buy,4009.26,BTC-5APR19-4125-C,43.84,0.015,2.0,0,1553693134531,16863502,69
2019-03-27 13:25:34.531,10.0,buy,4009.26,BTC-5APR19-4125-C,43.84,0.015,10.0,1,1553693134531,16863503,70
2019-03-27 13:25:47.050,16.0,buy,4009.4,BTC-5APR19-4125-C,44.67,0.0155,16.0,0,1553693147050,16863505,71
2019-03-27 13:25:47.050,1.8,buy,4009.4,BTC-5APR19-4125-C,44.67,0.0155,1.8,1,1553693147050,16863506,72
2019-03-27 13:25:47.050,0.2,buy,4009.4,BTC-5APR19-4125-C,44.67,0.0155,0.2,1,1553693147050,16863507,73
2019-03-27 18:25:37.267,1.0,buy,4012.43,BTC-5APR19-4125-C,41.83,0.014,1.0,2,1553711137267,16867483,74
