date_utc,amount,direction,indexPrice,instrument,iv,price,quantity,tickDirection,timeStamp,tradeId,tradeSeq
2019-04-05 22:19:57.231,1.0,buy,5018.31,BTC-19APR19-5000-P,77.14,0.057,1.0,1,1554502797231,17384511,1
2019-04-06 08:43:34.064,1.0,buy,4989.39,BTC-19APR19-5000-P,81.02,0.062,1.0,0,1554540214064,17391610,2
2019-04-06 15:35:53.901,0.4,sell,5049.96,BTC-19APR19-5000-P,74.12,0.05,0.4,2,1554564953901,17399700,3
2019-04-06 16:22:23.596,0.5,buy,5139.66,BTC-19APR19-5000-P,75.17,0.0425,0.5,2,1554567743596,17405352,4
2019-04-06 17:19:38.129,0.5,buy,5135.51,BTC-19APR19-5000-P,72.0,0.0405,0.5,2,1554571178129,17412719,5
2019-04-06 23:01:21.618,4.0,sell,5029.73,BTC-19APR19-5000-P,72.29,0.05,4.0,0,1554591681618,17445076,6
2019-04-07 18:03:26.223,5.0,sell,5126.13,BTC-19APR19-5000-P,71.79,0.039,5.0,2,1554660206223,17475214,7
2019-04-07 20:36:49.703,2.0,sell,5130.28,BTC-19APR19-5000-P,71.9,0.0385,2.0,2,1554669409703,17480056,8
2019-04-08 02:33:37.633,3.8,sell,5312.76,BTC-19APR19-5000-P,72.08,0.025,3.8,2,1554690817633,17507527,9
2019-04-08 02:34:54.013,0.2,buy,5322.06,BTC-19APR19-5000-P,73.01,0.025,0.2,3,1554690894013,17507671,10
2019-04-08 02:37:49.984,7.0,sell,5329.14,BTC-19APR19-5000-P,72.87,0.0245,7.0,2,1554691069984,17507766,11
2019-04-08 06:50:19.280,0.1,buy,5275.18,BTC-19APR19-5000-P,85.72,0.0355,0.1,0,1554706219280,17516125,12
2019-04-08 11:15:04.891,6.3,sell,5207.12,BTC-19APR19-5000-P,76.35,0.034,6.3,2,1554722104891,17525786,13
2019-04-08 11:15:08.033,4.0,sell,5206.54,BTC-19APR19-5000-P,76.28,0.034,4.0,3,1554722108033,17525789,14
2019-04-08 18:40:03.243,3.4,sell,5213.96,BTC-19APR19-5000-P,72.69,0.0305,3.4,2,1554748803243,17538770,15
2019-04-08 19:44:43.914,0.6,sell,5202.64,BTC-19APR19-5000-P,73.13,0.0315,0.6,0,1554752683914,17540467,16
2019-04-08 21:53:42.251,0.2,sell,5269.75,BTC-19APR19-5000-P,78.64,0.03,0.2,2,1554760422251,17544586,17
2019-04-09 10:02:06.868,6.0,sell,5196.1,BTC-19APR19-5000-P,70.42,0.028999999999999998,6.0,2,1554804126868,17568201,18
2019-04-09 19:29:03.079,2.0,buy,5212.09,BTC-19APR19-5000-P,68.71,0.026000000000000002,2.0,2,1554838143079,17580419,19
2019-04-09 20:27:19.403,0.5,sell,5234.53,BTC-19APR19-5000-P,66.26,0.023,0.5,2,1554841639403,17581123,20
2019-04-10 01:27:50.031,0.2,sell,5238.91,BTC-19APR19-5000-P,64.83,0.0215,0.2,2,1554859670031,17589319,21
2019-04-10 02:46:32.013,0.1,sell,5229.07,BTC-19APR19-5000-P,58.53,0.0185,0.1,2,1554864392013,17590856,22
2019-04-10 08:45:31.155,0.2,sell,5241.43,BTC-19APR19-5000-P,58.84,0.0175,0.2,2,1554885931155,17595647,23
2019-04-10 08:45:31.155,6.0,sell,5241.43,BTC-19APR19-5000-P,58.84,0.0175,6.0,3,1554885931155,17595648,24
2019-04-10 08:58:40.071,0.2,sell,5249.34,BTC-19APR19-5000-P,54.02,0.0145,0.2,2,1554886720071,17595752,25
2019-04-10 11:18:59.258,10.0,sell,5251.14,BTC-19APR19-5000-P,54.5,0.0145,10.0,3,1554895139258,17597218,26
2019-04-10 13:57:22.257,0.5,buy,5260.92,BTC-19APR19-5000-P,56.86,0.015,0.5,0,1554904642257,17601614,27
2019-04-10 15:00:26.319,3.3000000000000003,buy,5271.69,BTC-19APR19-5000-P,58.13,0.015,3.3000000000000003,1,1554908426319,17602241,28
2019-04-10 18:37:16.440,4.0,buy,5455.74,BTC-19APR19-5000-P,61.19,0.0085,4.0,2,1554921436440,17617600,29
2019-04-10 20:16:41.454,0.1,buy,5413.48,BTC-19APR19-5000-P,64.02,0.011000000000000001,0.1,0,1554927401454,17626777,30
2019-04-10 21:57:17.821,4.2,sell,5292.17,BTC-19APR19-5000-P,61.28,0.015,4.2,0,1554933437821,17647355,31
2019-04-10 23:10:20.125,0.9,buy,5298.14,BTC-19APR19-5000-P,62.1,0.015,0.9,1,1554937820125,17650305,32
2019-04-11 01:41:53.803,10.0,buy,5313.42,BTC-19APR19-5000-P,65.14,0.0155,10.0,0,1554946913803,17655788,33
2019-04-11 01:48:52.476,5.0,sell,5314.31,BTC-19APR19-5000-P,63.15,0.0145,5.0,2,1554947332476,17655847,34
2019-04-11 05:17:19.023,0.2,sell,5209.48,BTC-19APR19-5000-P,59.11,0.018000000000000002,0.2,0,1554959839023,17669730,35
2019-04-11 07:09:45.497,1.0,buy,5209.08,BTC-19APR19-5000-P,60.31,0.0185,1.0,0,1554966585497,17671267,36
2019-04-11 07:50:01.113,16.0,buy,5207.06,BTC-19APR19-5000-P,65.87,0.0215,16.0,0,1554969001113,17671711,37
2019-04-11 08:06:22.593,0.5,buy,5180.28,BTC-19APR19-5000-P,64.41,0.0225,0.5,0,1554969982593,17672603,38
2019-04-11 09:53:53.725,0.5,buy,5048.6,BTC-19APR19-5000-P,66.06,0.034,0.5,0,1554976433725,17681769,39
2019-04-11 09:54:16.494,4.5,buy,5007.94,BTC-19APR19-5000-P,59.26,0.034,4.5,1,1554976456494,17682715,40
2019-04-11 10:14:25.363,0.3,sell,5079.67,BTC-19APR19-5000-P,57.1,0.026000000000000002,0.3,2,1554977665363,17687509,41
2019-04-11 10:57:23.507,5.0,buy,5071.23,BTC-19APR19-5000-P,59.42,0.027999999999999997,5.0,0,1554980243507,17689112,42
2019-04-11 11:11:48.172,0.4,sell,5064.41,BTC-19APR19-5000-P,59.28,0.0285,0.4,0,1554981108172,17691035,43
2019-04-11 11:12:16.793,0.4,sell,5065.3,BTC-19APR19-5000-P,59.42,0.0285,0.4,1,1554981136793,17691100,44
2019-04-11 11:14:03.570,0.4,sell,5071.65,BTC-19APR19-5000-P,59.53,0.027999999999999997,0.4,2,1554981243570,17691195,45
2019-04-11 11:15:54.540,5.0,buy,5072.34,BTC-19APR19-5000-P,63.13,0.03,5.0,0,1554981354540,17691332,46
2019-04-11 11:31:59.067,0.4,buy,4972.22,BTC-19APR19-5000-P,56.48,0.036000000000000004,0.4,0,1554982319067,17693800,47
2019-04-11 12:58:05.201,0.5,sell,5058.52,BTC-19APR19-5000-P,61.25,0.03,0.5,2,1554987485201,17699462,48
2019-04-11 13:03:00.361,4.4,buy,5059.21,BTC-19APR19-5000-P,62.24,0.0305,4.4,0,1554987780361,17699755,49
2019-04-11 13:37:02.640,0.5,sell,5059.83,BTC-19APR19-5000-P,58.94,0.0285,0.5,2,1554989822640,17700828,50
2019-04-11 14:05:59.099,4.6000000000000005,buy,5011.7,BTC-19APR19-5000-P,64.03,0.036000000000000004,4.6000000000000005,0,1554991559099,17702098,51
2019-04-11 14:05:59.276,0.4,sell,5011.7,BTC-19APR19-5000-P,64.03,0.036000000000000004,0.4,1,1554991559276,17702099,52
2019-04-11 15:40:18.080,3.0,sell,5065.05,BTC-19APR19-5000-P,57.45,0.027000000000000003,3.0,2,1554997218080,17704971,53
2019-04-11 19:10:16.983,0.4,sell,5082.27,BTC-19APR19-5000-P,55.3,0.024,0.4,2,1555009816983,17712287,54
2019-04-11 21:57:31.194,0.4,buy,5021.0,BTC-19APR19-5000-P,56.48,0.03,0.4,0,1555019851194,17718019,55
2019-04-11 21:57:51.082,0.6,buy,5026.7,BTC-19APR19-5000-P,57.47,0.03,0.6,1,1555019871082,17718123,56
2019-04-11 22:15:15.635,0.4,sell,5023.18,BTC-19APR19-5000-P,56.02,0.0295,0.4,2,1555020915635,17720234,57
2019-04-11 23:44:20.590,4.0,buy,5061.96,BTC-19APR19-5000-P,61.85,0.028999999999999998,4.0,2,1555026260590,17722137,58
2019-04-12 02:24:20.227,4.0,sell,4995.7,BTC-19APR19-5000-P,54.42,0.031,4.0,0,1555035860227,17734572,59
2019-04-12 02:27:34.483,1.0,sell,4991.21,BTC-19APR19-5000-P,53.59,0.031,1.0,1,1555036054483,17734630,60
2019-04-12 04:28:42.563,1.0,buy,5030.97,BTC-19APR19-5000-P,55.68,0.027999999999999997,1.0,2,1555043322563,17737307,61
2019-04-12 05:32:52.049,1.0,sell,5013.87,BTC-19APR19-5000-P,58.25,0.031,1.0,0,1555047172049,17738142,62
2019-04-12 07:17:36.912,2.0,buy,5036.73,BTC-19APR19-5000-P,58.96,0.028999999999999998,2.0,2,1555053456912,17740236,63
2019-04-12 07:24:42.249,6.0,buy,5046.09,BTC-19APR19-5000-P,58.76,0.027999999999999997,6.0,2,1555053882249,17740419,64
2019-04-12 07:28:38.172,6.0,sell,5042.58,BTC-19APR19-5000-P,57.26,0.0275,6.0,2,1555054118172,17740521,65
2019-04-12 08:06:06.308,0.1,buy,5038.46,BTC-19APR19-5000-P,55.75,0.027000000000000003,0.1,2,1555056366308,17741549,66
2019-04-12 08:08:27.568,1.0,buy,5039.81,BTC-19APR19-5000-P,55.07,0.0265,1.0,2,1555056507568,17741601,67
2019-04-12 08:08:27.568,1.5,buy,5039.81,BTC-19APR19-5000-P,55.99,0.027000000000000003,1.5,0,1555056507568,17741602,68
2019-04-12 08:30:09.780,25.0,buy,5016.87,BTC-19APR19-5000-P,52.03,0.027000000000000003,25.0,1,1555057809780,17742233,69
2019-04-12 10:39:14.675,0.1,sell,5060.14,BTC-19APR19-5000-P,51.48,0.0225,0.1,2,1555065554675,17744293,70
2019-04-12 10:46:08.086,1.0,buy,5070.51,BTC-19APR19-5000-P,52.23,0.022,1.0,2,1555065968086,17745062,71
2019-04-12 11:12:59.049,1.0,sell,5094.8,BTC-19APR19-5000-P,54.2,0.021,1.0,2,1555067579049,17746575,72
2019-04-12 12:23:54.130,12.0,sell,5074.98,BTC-19APR19-5000-P,48.48,0.0195,12.0,2,1555071834130,17747898,73
2019-04-12 12:23:54.130,5.0,sell,5074.98,BTC-19APR19-5000-P,48.48,0.0195,5.0,3,1555071834130,17747899,74
2019-04-12 12:30:50.571,12.0,sell,5076.0,BTC-19APR19-5000-P,46.75,0.0185,12.0,3,1555072250571,17747958,76
2019-04-12 12:30:50.571,10.6,sell,5076.0,BTC-19APR19-5000-P,46.75,0.0185,10.6,2,1555072250571,17747957,75
2019-04-12 12:31:35.747,5.0,sell,5076.82,BTC-19APR19-5000-P,46.88,0.0185,5.0,3,1555072295747,17747962,77
2019-04-12 12:34:00.631,4.1,sell,5077.3,BTC-19APR19-5000-P,46.01,0.018000000000000002,4.1,2,1555072440631,17747975,78
2019-04-12 12:37:00.767,4.2,sell,5084.14,BTC-19APR19-5000-P,46.1,0.0175,4.2,2,1555072620767,17748104,79
2019-04-12 12:51:36.184,12.0,sell,5081.04,BTC-19APR19-5000-P,45.67,0.0175,12.0,3,1555073496184,17748420,80
2019-04-12 12:51:36.184,4.4,sell,5081.04,BTC-19APR19-5000-P,45.67,0.0175,4.4,3,1555073496184,17748421,81
2019-04-12 13:24:27.934,3.6,sell,5078.89,BTC-19APR19-5000-P,46.37,0.018000000000000002,3.6,0,1555075467934,17748967,82
2019-04-12 13:36:05.089,5.0,buy,5074.77,BTC-19APR19-5000-P,47.67,0.019,5.0,0,1555076165089,17749135,83
2019-04-12 13:51:49.316,2.0,buy,5069.06,BTC-19APR19-5000-P,52.5,0.022000000000000002,2.0,0,1555077109316,17749417,84
2019-04-12 14:00:53.381,0.8,buy,5063.09,BTC-19APR19-5000-P,52.5,0.0225,0.8,0,1555077653381,17749811,85
2019-04-12 14:00:53.381,1.0,buy,5063.09,BTC-19APR19-5000-P,52.5,0.0225,1.0,1,1555077653381,17749812,86
2019-04-12 14:50:54.639,5.1000000000000005,buy,5078.74,BTC-19APR19-5000-P,53.25,0.0215,5.1000000000000005,2,1555080654639,17750450,87
2019-04-12 15:33:12.294,1.0,sell,5079.0,BTC-19APR19-5000-P,54.37,0.022000000000000002,1.0,0,1555083192294,17751418,88
2019-04-12 15:49:30.970,0.4,sell,5065.49,BTC-19APR19-5000-P,46.53,0.019,0.4,2,1555084170970,17751632,89
2019-04-12 15:50:32.287,1.0,sell,5069.91,BTC-19APR19-5000-P,47.24,0.019,1.0,3,1555084232287,17751662,90
2019-04-12 18:58:58.615,1.0,buy,5066.42,BTC-19APR19-5000-P,51.95,0.0215,1.0,0,1555095538615,17757864,91
2019-04-12 20:17:52.741,0.5,buy,5044.52,BTC-19APR19-5000-P,49.44,0.022000000000000002,0.5,0,1555100272741,17759167,92
2019-04-12 20:20:22.233,0.3,buy,5044.05,BTC-19APR19-5000-P,50.32,0.0225,0.3,0,1555100422233,17759492,93
2019-04-12 20:24:08.266,1.3,buy,5043.96,BTC-19APR19-5000-P,53.17,0.024,1.3,0,1555100648266,17759608,94
2019-04-12 20:38:28.605,0.4,sell,5035.73,BTC-19APR19-5000-P,49.87,0.023,0.4,2,1555101508605,17760040,95
2019-04-12 20:38:32.907,0.4,sell,5036.48,BTC-19APR19-5000-P,50.0,0.023,0.4,3,1555101512907,17760046,96
2019-04-12 20:38:32.951,0.4,sell,5036.48,BTC-19APR19-5000-P,50.0,0.023,0.4,3,1555101512951,17760048,97
2019-04-12 21:02:39.088,0.4,sell,5043.46,BTC-19APR19-5000-P,51.29,0.023,0.4,3,1555102959088,17760373,98
2019-04-12 21:02:51.719,0.4,sell,5043.64,BTC-19APR19-5000-P,51.32,0.023,0.4,3,1555102971719,17760375,99
2019-04-12 22:10:11.462,0.1,buy,5052.93,BTC-19APR19-5000-P,49.26,0.021,0.1,2,1555107011462,17761172,100
2019-04-13 00:33:37.701,2.0,buy,5062.75,BTC-19APR19-5000-P,58.13,0.0245,2.0,0,1555115617701,17763350,101
2019-04-13 03:02:41.026,0.4,sell,5108.37,BTC-19APR19-5000-P,47.94,0.0155,0.4,2,1555124561026,17764953,102
2019-04-13 03:02:46.868,0.4,buy,5108.76,BTC-19APR19-5000-P,48.0,0.0155,0.4,3,1555124566868,17764955,103
2019-04-13 03:02:49.460,0.2,buy,5109.12,BTC-19APR19-5000-P,48.05,0.0155,0.2,3,1555124569460,17764961,104
2019-04-13 08:13:34.669,3.0,buy,5090.73,BTC-19APR19-5000-P,56.34,0.0205,3.0,0,1555143214669,17768861,105
2019-04-13 08:16:22.868,2.0,sell,5093.75,BTC-19APR19-5000-P,56.84,0.0205,2.0,1,1555143382868,17768887,106
2019-04-13 12:48:08.971,1.0,sell,5069.97,BTC-19APR19-5000-P,45.53,0.0165,1.0,2,1555159688971,17777711,107
2019-04-13 14:51:41.992,1.2,buy,5102.62,BTC-19APR19-5000-P,50.13,0.016,1.2,2,1555167101992,17779490,108
2019-04-13 14:55:39.823,2.0,sell,5098.42,BTC-19APR19-5000-P,47.35,0.015,2.0,2,1555167339823,17779545,109
2019-04-13 15:31:41.381,0.1,buy,5099.21,BTC-19APR19-5000-P,49.71,0.016,0.1,0,1555169501381,17780528,110
2019-04-13 21:17:12.816,0.2,sell,5073.41,BTC-19APR19-5000-P,44.37,0.015,0.2,2,1555190232816,17785145,111
2019-04-14 03:09:38.234,0.1,buy,5060.43,BTC-19APR19-5000-P,58.23,0.022000000000000002,0.1,0,1555211378234,17789850,112
2019-04-14 08:06:42.906,0.1,sell,5065.08,BTC-19APR19-5000-P,51.5,0.018000000000000002,0.1,2,1555229202906,17793641,113
2019-04-14 08:06:46.710,0.1,sell,5065.08,BTC-19APR19-5000-P,51.5,0.018000000000000002,0.1,3,1555229206710,17793644,114
2019-04-14 08:07:20.672,0.1,sell,5065.63,BTC-19APR19-5000-P,51.6,0.018000000000000002,0.1,3,1555229240672,17793647,115
2019-04-14 08:07:41.710,0.1,sell,5065.56,BTC-19APR19-5000-P,51.59,0.018000000000000002,0.1,3,1555229261710,17793649,116
2019-04-14 08:07:53.709,0.1,sell,5065.53,BTC-19APR19-5000-P,51.59,0.018000000000000002,0.1,3,1555229273709,17793651,117
2019-04-14 08:08:07.711,0.1,sell,5066.41,BTC-19APR19-5000-P,51.75,0.018000000000000002,0.1,3,1555229287711,17793658,118
2019-04-14 08:08:36.711,0.1,sell,5066.65,BTC-19APR19-5000-P,51.79,0.018000000000000002,0.1,3,1555229316711,17793661,119
2019-04-14 08:14:25.729,0.1,sell,5067.4,BTC-19APR19-5000-P,51.95,0.018000000000000002,0.1,3,1555229665729,17793735,120
2019-04-14 08:14:30.729,0.1,sell,5067.36,BTC-19APR19-5000-P,51.94,0.018000000000000002,0.1,3,1555229670729,17793737,121
2019-04-14 08:37:04.726,0.1,sell,5058.02,BTC-19APR19-5000-P,50.3,0.018000000000000002,0.1,3,1555231024726,17793910,122
2019-04-14 11:23:41.737,1.6,buy,5067.74,BTC-19APR19-5000-P,45.96,0.015,1.6,2,1555241021737,17795258,123
2019-04-14 14:01:11.645,0.1,sell,5075.69,BTC-19APR19-5000-P,46.77,0.0145,0.1,2,1555250471645,17796570,124
2019-04-14 14:34:07.743,1.0,sell,5072.3,BTC-19APR19-5000-P,48.58,0.0155,1.0,0,1555252447743,17796731,125
2019-04-14 16:07:03.495,4.0,sell,5101.46,BTC-19APR19-5000-P,51.75,0.0145,4.0,2,1555258023495,17798513,126
2019-04-14 16:29:44.310,0.5,sell,5089.13,BTC-19APR19-5000-P,49.69,0.0145,0.5,3,1555259384310,17799143,128
2019-04-14 16:29:44.310,0.9,sell,5089.13,BTC-19APR19-5000-P,49.69,0.0145,0.9,3,1555259384310,17799142,127
2019-04-14 18:38:39.408,1.0,sell,5099.58,BTC-19APR19-5000-P,49.61,0.0135,1.0,2,1555267119408,17800506,129
2019-04-14 19:12:37.238,0.2,sell,5100.48,BTC-19APR19-5000-P,48.68,0.013000000000000001,0.2,2,1555269157238,17800838,130
2019-04-14 20:05:22.307,1.2,buy,5089.27,BTC-19APR19-5000-P,51.73,0.015,1.2,0,1555272322307,17801177,131
2019-04-14 22:08:13.010,0.3,sell,5112.3,BTC-19APR19-5000-P,51.38,0.013000000000000001,0.3,2,1555279693010,17802321,132
2019-04-14 22:09:04.045,1.0,sell,5131.18,BTC-19APR19-5000-P,50.72,0.0115,1.0,2,1555279744045,17802795,133
2019-04-14 22:09:17.203,0.5,sell,5142.25,BTC-19APR19-5000-P,51.2,0.011000000000000001,0.5,2,1555279757203,17803008,134
2019-04-14 22:09:17.203,0.2,sell,5142.25,BTC-19APR19-5000-P,51.2,0.011000000000000001,0.2,3,1555279757203,17803009,135
2019-04-14 22:40:01.409,0.5,sell,5163.13,BTC-19APR19-5000-P,47.74,0.0085,0.5,2,1555281601409,17807793,136
2019-04-14 22:40:01.409,0.2,sell,5163.13,BTC-19APR19-5000-P,47.74,0.0085,0.2,3,1555281601409,17807794,137
2019-04-14 22:48:06.257,9.0,sell,5170.1,BTC-19APR19-5000-P,42.97,0.0065,9.0,2,1555282086257,17808083,138
2019-04-14 22:52:09.525,5.0,sell,5166.02,BTC-19APR19-5000-P,42.42,0.0065,5.0,3,1555282329525,17808334,139
2019-04-14 22:52:22.969,5.0,sell,5168.07,BTC-19APR19-5000-P,42.71,0.0065,5.0,3,1555282342969,17808335,140
2019-04-15 00:24:42.769,1.8,sell,5162.57,BTC-19APR19-5000-P,45.19,0.0075,1.8,0,1555287882769,17810478,141
2019-04-15 04:43:18.566,0.1,sell,5177.46,BTC-19APR19-5000-P,43.7,0.006,0.1,2,1555303398566,17813237,142
2019-04-15 14:17:40.901,1.0,sell,5144.5,BTC-19APR19-5000-P,47.24,0.008,1.0,0,1555337860901,17819271,143
2019-04-15 18:34:47.369,7.1000000000000005,buy,5033.77,BTC-19APR19-5000-P,55.25,0.0185,7.1000000000000005,0,1555353287369,17833327,144
2019-04-15 18:57:04.281,5.3,sell,5050.03,BTC-19APR19-5000-P,50.0,0.015,5.3,2,1555354624281,17834215,145
2019-04-15 19:07:15.712,0.1,buy,5048.19,BTC-19APR19-5000-P,49.64,0.015,0.1,3,1555355235712,17834464,146
2019-04-15 19:12:05.390,1.9,buy,5047.92,BTC-19APR19-5000-P,49.61,0.015,1.9,3,1555355525390,17834537,147
2019-04-15 19:41:41.402,5.0,buy,5016.43,BTC-19APR19-5000-P,50.15,0.018000000000000002,5.0,0,1555357301402,17835772,148
2019-04-15 20:07:15.827,0.4,buy,4977.15,BTC-19APR19-5000-P,54.0,0.0235,0.4,0,1555358835827,17839286,149
2019-04-15 20:07:16.060,0.4,buy,4975.48,BTC-19APR19-5000-P,53.52,0.0235,0.4,1,1555358836060,17839288,150
2019-04-15 20:07:33.530,0.4,buy,4960.52,BTC-19APR19-5000-P,53.03,0.025,0.4,0,1555358853530,17839646,151
2019-04-15 20:07:35.648,0.4,buy,4959.11,BTC-19APR19-5000-P,52.6,0.025,0.4,1,1555358855648,17839677,152
2019-04-15 20:07:37.207,0.4,buy,4957.96,BTC-19APR19-5000-P,52.25,0.025,0.4,1,1555358857207,17839692,153
2019-04-15 20:15:14.537,6.0,sell,4986.74,BTC-19APR19-5000-P,49.01,0.0205,6.0,2,1555359314537,17841590,154
2019-04-15 20:15:18.457,2.0,buy,4985.41,BTC-19APR19-5000-P,49.93,0.021,2.0,0,1555359318457,17841634,155
2019-04-15 20:18:14.104,6.0,sell,4986.85,BTC-19APR19-5000-P,47.77,0.02,6.0,2,1555359494104,17842133,156
2019-04-15 20:19:17.306,0.2,sell,4988.62,BTC-19APR19-5000-P,48.26,0.02,0.2,3,1555359557306,17842208,157
2019-04-15 20:37:26.258,0.4,sell,5006.63,BTC-19APR19-5000-P,47.96,0.018000000000000002,0.4,2,1555360646258,17843733,158
2019-04-15 20:37:26.363,1.6,buy,5006.63,BTC-19APR19-5000-P,46.68,0.0175,1.6,2,1555360646363,17843737,159
2019-04-15 20:39:04.617,6.0,sell,5005.82,BTC-19APR19-5000-P,46.48,0.0175,6.0,3,1555360744617,17843800,160
2019-04-15 22:38:33.124,0.1,sell,5051.84,BTC-19APR19-5000-P,56.87,0.017,0.1,2,1555367913124,17847609,161
2019-04-16 00:05:11.203,1.0,sell,5027.25,BTC-19APR19-5000-P,47.58,0.0155,1.0,2,1555373111203,17849012,162
2019-04-16 00:51:22.682,0.5,sell,5046.02,BTC-19APR19-5000-P,46.86,0.0135,0.5,2,1555375882682,17849637,163
2019-04-16 02:33:39.856,0.1,sell,5050.44,BTC-19APR19-5000-P,42.88,0.0115,0.1,2,1555382019856,17850499,164
2019-04-16 03:22:09.013,0.1,sell,5053.66,BTC-19APR19-5000-P,43.81,0.0115,0.1,3,1555384929013,17851064,165
2019-04-16 03:22:45.499,0.1,buy,5053.65,BTC-19APR19-5000-P,50.75,0.013999999999999999,0.1,0,1555384965499,17851083,166
2019-04-16 05:24:37.249,1.0,buy,5058.08,BTC-19APR19-5000-P,46.81,0.012,1.0,2,1555392277249,17852183,167
2019-04-16 07:03:19.185,1.0,buy,5068.57,BTC-19APR19-5000-P,52.56,0.013000000000000001,1.0,0,1555398199185,17853934,168
2019-04-16 07:25:18.452,5.0,sell,5070.59,BTC-19APR19-5000-P,42.92,0.0095,5.0,2,1555399518452,17854052,169
2019-04-16 07:25:26.890,10.0,sell,5070.28,BTC-19APR19-5000-P,42.85,0.0095,10.0,3,1555399526890,17854053,170
2019-04-16 08:55:04.882,0.2,sell,5077.56,BTC-19APR19-5000-P,40.28,0.008,0.2,2,1555404904882,17854760,171
2019-04-16 08:55:04.882,0.8,sell,5077.56,BTC-19APR19-5000-P,40.28,0.008,0.8,3,1555404904882,17854761,172
2019-04-16 12:06:48.805,8.4,sell,5070.84,BTC-19APR19-5000-P,42.9,0.009000000000000001,8.4,0,1555416408805,17856535,173
2019-04-16 12:06:48.807,6.6000000000000005,buy,5070.84,BTC-19APR19-5000-P,42.9,0.009000000000000001,6.6000000000000005,1,1555416408807,17856536,174
2019-04-16 14:40:03.094,1.2,sell,5050.21,BTC-19APR19-5000-P,43.61,0.0105,1.2,0,1555425603094,17860885,175
2019-04-16 15:33:00.045,1.0,sell,5072.3,BTC-19APR19-5000-P,44.35,0.009000000000000001,1.0,2,1555428780045,17862178,176
2019-04-16 17:33:09.111,1.8,sell,5190.32,BTC-19APR19-5000-P,43.97,0.003,1.8,2,1555435989111,17871134,178
2019-04-16 17:33:09.111,0.2,sell,5190.32,BTC-19APR19-5000-P,46.42,0.0035,0.2,2,1555435989111,17871133,177
2019-04-16 18:04:06.128,5.8,buy,5213.85,BTC-19APR19-5000-P,47.67,0.003,5.8,3,1555437846128,17875289,179
2019-04-16 18:04:08.668,2.2,buy,5214.09,BTC-19APR19-5000-P,47.71,0.003,2.2,3,1555437848668,17875292,180
2019-04-16 18:06:10.943,5.1000000000000005,buy,5215.36,BTC-19APR19-5000-P,47.91,0.003,5.1000000000000005,3,1555437970943,17875461,181
2019-04-16 18:10:50.993,6.4,buy,5204.68,BTC-19APR19-5000-P,48.87,0.0035,6.4,0,1555438250993,17875689,182
2019-04-16 18:31:50.955,1.0,buy,5186.48,BTC-19APR19-5000-P,52.94,0.005,1.0,0,1555439510955,17876415,183
2019-04-16 19:01:38.696,0.5,sell,5188.12,BTC-19APR19-5000-P,46.63,0.0035,0.5,2,1555441298696,17877480,184
2019-04-16 20:03:03.029,0.5,buy,5183.27,BTC-19APR19-5000-P,46.25,0.0035,0.5,3,1555444983029,17879007,185
2019-04-16 20:07:22.043,0.2,buy,5184.07,BTC-19APR19-5000-P,46.41,0.0035,0.2,3,1555445242043,17879099,186
2019-04-16 21:19:41.879,0.5,buy,5192.35,BTC-19APR19-5000-P,48.21,0.0035,0.5,3,1555449581879,17880079,187
2019-04-16 21:19:44.376,0.3,buy,5192.35,BTC-19APR19-5000-P,48.21,0.0035,0.3,3,1555449584376,17880084,188
2019-04-16 22:07:23.589,5.0,buy,5208.48,BTC-19APR19-5000-P,53.6,0.004,5.0,0,1555452443589,17881054,189
2019-04-17 00:09:01.788,2.5,sell,5240.36,BTC-19APR19-5000-P,54.27,0.003,2.5,2,1555459741788,17883691,190
2019-04-17 03:17:25.039,1.0,buy,5205.8,BTC-19APR19-5000-P,53.11,0.0035,1.0,0,1555471045039,17890433,191
2019-04-17 04:07:57.019,0.1,buy,5230.2,BTC-19APR19-5000-P,57.58,0.0035,0.1,1,1555474077019,17891139,192
2019-04-17 07:28:34.369,0.5,sell,5215.95,BTC-19APR19-5000-P,47.8,0.002,0.5,3,1555486114369,17893375,194
2019-04-17 07:28:34.369,20.0,sell,5215.95,BTC-19APR19-5000-P,47.8,0.002,20.0,2,1555486114369,17893374,193
2019-04-17 08:44:07.811,0.1,buy,5199.69,BTC-19APR19-5000-P,52.16,0.003,0.1,0,1555490647811,17894385,195
2019-04-17 09:56:29.045,0.3,buy,5211.01,BTC-19APR19-5000-P,48.27,0.002,0.3,2,1555494989045,17895014,196
2019-04-17 12:17:44.996,0.4,buy,5187.55,BTC-19APR19-5000-P,45.67,0.002,0.4,3,1555503464996,17899668,197
2019-04-17 12:18:00.962,2.3000000000000003,buy,5177.46,BTC-19APR19-5000-P,43.97,0.002,2.3000000000000003,3,1555503480962,17899938,198
2019-04-17 12:18:00.962,5.0,buy,5177.46,BTC-19APR19-5000-P,43.97,0.002,5.0,3,1555503480962,17899939,199
2019-04-17 14:16:47.961,5.0,buy,5198.09,BTC-19APR19-5000-P,52.01,0.0025,5.0,0,1555510607961,17903083,200
2019-04-18 00:32:32.987,1.8,sell,5240.24,BTC-19APR19-5000-P,53.55,0.001,1.8,2,1555547552987,17911125,201
2019-04-18 04:34:41.089,0.1,buy,5265.92,BTC-19APR19-5000-P,68.27,0.0015,0.1,0,1555562081089,17917536,202
2019-04-18 04:34:41.198,0.9,sell,5265.92,BTC-19APR19-5000-P,68.27,0.0015,0.9,1,1555562081198,17917537,203
2019-04-18 08:28:21.605,0.1,sell,5253.0,BTC-19APR19-5000-P,64.38,0.001,0.1,2,1555576101605,17919403,204
2019-04-18 11:18:59.502,0.1,sell,5224.78,BTC-19APR19-5000-P,62.81,0.001,0.1,3,1555586339502,17921773,205
2019-04-18 13:28:35.208,4.0,sell,5260.73,BTC-19APR19-5000-P,74.25,0.001,4.0,3,1555594115208,17922680,206
2019-04-18 13:29:15.981,4.0,sell,5262.15,BTC-19APR19-5000-P,74.56,0.001,4.0,3,1555594155981,17922725,207
2019-04-18 13:31:10.740,3.0,sell,5269.31,BTC-19APR19-5000-P,76.17,0.001,3.0,3,1555594270740,17922799,208
2019-04-18 22:16:27.608,0.1,sell,5306.62,BTC-19APR19-5000-P,100.79,0.0005,0.1,2,1555625787608,17936715,209
2019-04-18 22:16:32.530,0.1,sell,5306.61,BTC-19APR19-5000-P,100.88,0.0005,0.1,3,1555625792530,17936716,210
2019-04-18 22:17:04.665,0.1,sell,5306.63,BTC-19APR19-5000-P,100.88,0.0005,0.1,3,1555625824665,17936718,211
2019-04-18 22:17:08.349,0.1,sell,5306.61,BTC-19APR19-5000-P,100.88,0.0005,0.1,3,1555625828349,17936723,212
2019-04-18 22:17:11.686,0.1,sell,5306.61,BTC-19APR19-5000-P,100.88,0.0005,0.1,3,1555625831686,17936724,213
2019-04-18 22:17:12.826,0.1,sell,5306.61,BTC-19APR19-5000-P,100.88,0.0005,0.1,3,1555625832826,17936725,214
2019-04-18 22:17:13.917,0.1,sell,5306.61,BTC-19APR19-5000-P,100.88,0.0005,0.1,3,1555625833917,17936726,215
2019-04-18 22:18:06.954,0.1,buy,5306.06,BTC-19APR19-5000-P,115.91,0.001,0.1,0,1555625886954,17936734,216
2019-04-18 22:18:10.792,0.1,buy,5306.06,BTC-19APR19-5000-P,115.91,0.001,0.1,1,1555625890792,17936735,217
2019-04-18 22:18:11.763,0.1,buy,5306.13,BTC-19APR19-5000-P,115.93,0.001,0.1,1,1555625891763,17936736,218
2019-04-18 22:18:12.742,0.1,buy,5306.21,BTC-19APR19-5000-P,115.95,0.001,0.1,1,1555625892742,17936737,219
2019-04-18 22:18:16.597,0.1,buy,5306.33,BTC-19APR19-5000-P,115.99,0.001,0.1,1,1555625896597,17936738,220
2019-04-18 22:31:19.022,0.2,buy,5298.74,BTC-19APR19-5000-P,115.08,0.001,0.2,1,1555626679022,17936836,221
2019-04-18 23:03:01.364,4.0,buy,5256.61,BTC-19APR19-5000-P,105.52,0.001,4.0,1,1555628581364,17937828,222
2019-04-18 23:53:30.433,1.0,sell,5282.78,BTC-19APR19-5000-P,103.49,0.0005,1.0,2,1555631610433,17938597,223
2019-04-18 23:53:38.051,4.0,sell,5282.41,BTC-19APR19-5000-P,103.49,0.0005,4.0,3,1555631618051,17938598,224
2019-04-18 23:53:43.910,4.6000000000000005,sell,5282.4,BTC-19APR19-5000-P,103.48,0.0005,4.6000000000000005,3,1555631623910,17938599,225
