date_utc,amount,direction,indexPrice,instrument,iv,price,quantity,tickDirection,timeStamp,tradeId,tradeSeq
2019-03-27 07:55:02.611,5.0,sell,136.8,ETH-27SEP19-280-C,74.19,0.03,5.0,1,1553673302611,169776,1
2019-03-28 14:24:23.616,120.0,sell,137.66,ETH-27SEP19-280-C,75.26,0.032,120.0,0,1553783063616,185795,2
2019-03-28 14:24:24.818,120.0,buy,137.65,ETH-27SEP19-280-C,75.26,0.032,120.0,1,1553783064818,185803,3
2019-03-29 02:53:19.704,1.0,sell,137.85,ETH-27SEP19-280-C,72.03,0.027000000000000003,1.0,2,1553827999704,190779,4
2019-03-30 00:48:21.925,1.0,buy,145.23,ETH-27SEP19-280-C,76.98,0.042,1.0,0,1553906901925,208960,5
2019-03-31 08:05:05.407,90.0,buy,140.31,ETH-27SEP19-280-C,73.31,0.032,90.0,2,1554019505407,225395,6
2019-03-31 19:31:09.360,1.0,buy,140.95,ETH-27SEP19-280-C,77.79,0.04,1.0,0,1554060669360,230978,7
2019-04-01 09:29:34.096,92.0,buy,141.85,ETH-27SEP19-280-C,72.38,0.031,92.0,2,1554110974096,242712,8
2019-04-01 09:29:34.096,208.0,buy,141.85,ETH-27SEP19-280-C,73.0,0.032,208.0,0,1554110974096,242713,9
2019-04-02 04:43:06.690,1.0,buy,145.92,ETH-27SEP19-280-C,74.03,0.037000000000000005,1.0,0,1554180186690,256864,10
2019-04-02 04:43:21.484,1.0,buy,145.45,ETH-27SEP19-280-C,74.83,0.038,1.0,0,1554180201484,256958,11
2019-04-02 05:23:17.871,1.0,buy,154.88,ETH-27SEP19-280-C,75.74,0.048,1.0,0,1554182597871,267144,12
2019-04-02 12:50:39.290,1.0,buy,156.5,ETH-27SEP19-280-C,76.53,0.052000000000000005,1.0,0,1554209439290,294296,13
2019-04-02 13:38:00.218,1.0,buy,160.76,ETH-27SEP19-280-C,74.29,0.052000000000000005,1.0,1,1554212280218,298725,14
2019-04-02 20:11:59.247,8.0,buy,161.63,ETH-27SEP19-280-C,73.53,0.052000000000000005,8.0,1,1554235919247,318726,15
2019-04-02 20:12:42.833,1.0,buy,162.67,ETH-27SEP19-280-C,78.61,0.064,1.0,0,1554235962833,319021,16
2019-04-03 21:33:32.108,1.0,buy,179.16,ETH-27SEP19-280-C,83.45,0.099,1.0,0,1554327212108,405141,17
2019-04-04 21:26:49.400,1.0,buy,158.04,ETH-27SEP19-280-C,88.58,0.08199999999999999,1.0,2,1554413209400,459376,18
2019-04-08 02:59:42.496,48.0,sell,182.67,ETH-27SEP19-280-C,79.69,0.098,48.0,0,1554692382496,602877,19
2019-04-08 13:35:01.440,1.0,buy,178.18,ETH-27SEP19-280-C,86.53,0.107,1.0,0,1554730501440,635692,20
2019-04-08 14:53:05.728,134.0,buy,179.21,ETH-27SEP19-280-C,85.8,0.107,134.0,1,1554735185728,638420,22
2019-04-08 14:53:05.728,288.0,buy,179.21,ETH-27SEP19-280-C,85.8,0.107,288.0,1,1554735185728,638419,21
2019-04-08 14:53:05.730,2.0,sell,179.21,ETH-27SEP19-280-C,85.8,0.107,2.0,1,1554735185730,638421,23
2019-04-10 01:31:46.984,1.0,buy,180.36,ETH-27SEP19-280-C,80.45,0.095,1.0,2,1554859906984,718805,24
2019-04-11 18:26:32.416,1.0,buy,165.46,ETH-27SEP19-280-C,78.99,0.066,1.0,2,1555007192416,839849,25
2019-04-12 14:34:24.410,1.0,buy,165.23,ETH-27SEP19-280-C,78.72,0.064,1.0,2,1555079664410,884820,26
2019-04-18 01:47:53.587,1.0,sell,172.48,ETH-27SEP19-280-C,76.34,0.064,1.0,3,1555552073587,1055063,27
2019-04-23 13:44:09.472,4.0,buy,175.08,ETH-27SEP19-280-C,74.92,0.061,4.0,2,1556027049472,1184848,28
2019-04-23 23:55:43.708,22.0,buy,171.03,ETH-27SEP19-280-C,74.87,0.055999999999999994,22.0,2,1556063743708,1194831,29
2019-04-23 23:56:07.478,5.0,buy,170.97,ETH-27SEP19-280-C,74.89,0.055999999999999994,5.0,3,1556063767478,1194832,30
2019-04-24 07:49:10.391,1.0,sell,162.57,ETH-27SEP19-280-C,76.78,0.05,1.0,2,1556092150391,1205880,31
2019-04-24 12:15:47.699,8.0,buy,165.42,ETH-27SEP19-280-C,75.41,0.05,8.0,3,1556108147699,1211621,32
2019-04-24 12:41:12.933,2.0,buy,165.24,ETH-27SEP19-280-C,75.0,0.049,2.0,2,1556109672933,1211785,33
2019-04-28 23:56:34.533,1.0,buy,153.34,ETH-27SEP19-280-C,72.92,0.031,1.0,2,1556495794533,1319229,34
2019-05-05 02:43:00.561,1.0,buy,162.41,ETH-27SEP19-280-C,75.7,0.040999999999999995,1.0,0,1557024180561,1481981,35
2019-05-05 21:05:04.621,1.0,sell,163.33,ETH-27SEP19-280-C,72.54,0.036000000000000004,1.0,2,1557090304621,1495742,36
2019-05-06 11:00:47.236,60.0,buy,162.02,ETH-27SEP19-280-C,75.63,0.04,60.0,0,1557140447236,1509804,37
2019-05-06 16:44:08.618,1.0,buy,174.26,ETH-27SEP19-280-C,77.45,0.056,1.0,0,1557161048618,1528572,38
2019-05-06 17:05:19.042,72.0,buy,174.22,ETH-27SEP19-280-C,77.88,0.057,72.0,0,1557162319042,1530243,39
2019-05-06 17:05:19.042,120.0,buy,174.22,ETH-27SEP19-280-C,77.88,0.057,120.0,1,1557162319042,1530244,40
2019-05-06 17:05:19.045,8.0,sell,174.22,ETH-27SEP19-280-C,77.88,0.057,8.0,1,1557162319045,1530245,41
2019-05-07 12:45:49.819,1.0,buy,176.46,ETH-27SEP19-280-C,78.98,0.062,1.0,0,1557233149819,1565058,42
2019-05-07 23:52:33.269,1.0,sell,166.67,ETH-27SEP19-280-C,79.28,0.051,1.0,2,1557273153269,1593286,43
2019-05-08 14:22:38.015,60.0,buy,167.39,ETH-27SEP19-280-C,80.29,0.052000000000000005,60.0,0,1557325358015,1624092,44
2019-05-08 14:23:02.789,120.0,buy,167.42,ETH-27SEP19-280-C,80.73,0.053,120.0,0,1557325382789,1624103,45
2019-05-08 14:23:02.789,60.0,buy,167.42,ETH-27SEP19-280-C,80.73,0.053,60.0,1,1557325382789,1624104,46
2019-05-10 06:43:15.629,1.0,buy,174.29,ETH-27SEP19-280-C,83.52,0.064,1.0,0,1557470595629,1684500,47
2019-05-11 08:25:17.507,20.0,buy,183.02,ETH-27SEP19-280-C,86.5,0.079,20.0,0,1557563117507,1746167,48
2019-05-11 08:25:26.842,20.0,buy,182.81,ETH-27SEP19-280-C,87.1,0.08,20.0,0,1557563126842,1746241,49
2019-05-11 08:27:44.845,2.0,buy,183.42,ETH-27SEP19-280-C,91.31,0.08900000000000001,2.0,0,1557563264845,1746908,50
2019-05-11 08:27:44.845,18.0,buy,183.42,ETH-27SEP19-280-C,91.31,0.08900000000000001,18.0,1,1557563264845,1746909,51
2019-05-11 08:28:01.867,20.0,buy,183.54,ETH-27SEP19-280-C,91.68,0.09,20.0,0,1557563281867,1746989,52
2019-05-11 12:56:10.996,60.0,sell,188.55,ETH-27SEP19-280-C,86.47,0.087,60.0,2,1557579370996,1779139,53
2019-05-11 12:56:11.025,40.0,sell,188.55,ETH-27SEP19-280-C,86.02,0.086,40.0,2,1557579371025,1779147,54
2019-05-11 12:56:13.273,5.0,sell,188.54,ETH-27SEP19-280-C,85.58,0.085,5.0,2,1557579373273,1779159,55
2019-05-11 14:27:38.121,1.0,buy,188.31,ETH-27SEP19-280-C,88.13,0.091,1.0,0,1557584858121,1783503,56
2019-05-11 18:04:03.944,1.0,buy,198.17,ETH-27SEP19-280-C,89.19,0.107,1.0,0,1557597843944,1803719,57
2019-05-11 18:47:08.556,1.0,buy,198.12,ETH-27SEP19-280-C,88.31,0.10400000000000001,1.0,2,1557600428556,1807891,58
2019-05-12 03:45:35.918,1.0,buy,193.07,ETH-27SEP19-280-C,94.59,0.113,1.0,0,1557632735918,1892103,59
2019-05-12 11:38:06.374,60.0,sell,188.54,ETH-27SEP19-280-C,94.62,0.105,60.0,2,1557661086374,1947470,60
2019-05-12 11:38:10.712,40.0,sell,188.48,ETH-27SEP19-280-C,94.69,0.105,40.0,3,1557661090712,1947494,61
