date_utc,amount,direction,indexPrice,instrument,iv,price,quantity,tickDirection,timeStamp,tradeId,tradeSeq
2019-04-07 23:18:16.378,2.0,buy,173.35,ETH-27SEP19-360-C,86.48,0.051,2.0,1,1554679096378,577872,1
2019-04-08 01:07:54.317,1.0,buy,184.35,ETH-27SEP19-360-C,85.48,0.06,1.0,0,1554685674317,591785,2
2019-04-08 02:59:42.597,48.0,sell,182.67,ETH-27SEP19-360-C,83.83,0.056,48.0,2,1554692382597,602879,3
2019-04-08 08:56:09.241,1.0,sell,180.13,ETH-27SEP19-360-C,76.88,0.04,1.0,2,1554713769241,621196,4
2019-04-11 03:43:25.235,5.0,sell,170.05,ETH-27SEP19-360-C,83.03,0.042,5.0,0,1554954205235,795538,5
2019-04-11 11:01:10.346,65.0,buy,165.03,ETH-27SEP19-360-C,84.88,0.04,65.0,2,1554980470346,819620,6
2019-04-12 15:27:57.038,2.0,buy,164.36,ETH-27SEP19-360-C,83.28,0.034,2.0,2,1555082877038,886161,7
2019-04-15 10:32:32.241,2.0,sell,166.44,ETH-27SEP19-360-C,80.47,0.03,2.0,2,1555324352241,943255,8
2019-04-15 17:33:53.095,1.0,sell,158.13,ETH-27SEP19-360-C,84.24,0.029,1.0,2,1555349633095,958077,9
2019-04-15 20:43:56.080,2.0,sell,160.01,ETH-27SEP19-360-C,80.52,0.026,2.0,2,1555361036080,981185,10
2019-04-23 15:49:41.621,40.0,sell,173.64,ETH-27SEP19-360-C,80.69,0.032,40.0,0,1556034581621,1186742,11
2019-04-23 21:31:52.497,5.0,sell,172.58,ETH-27SEP19-360-C,81.3,0.032,5.0,1,1556055112497,1190822,12
2019-04-24 14:41:10.910,3.0,buy,164.73,ETH-27SEP19-360-C,83.45,0.028999999999999998,3.0,2,1556116870910,1213321,13
2019-04-24 16:37:00.963,12.0,sell,162.45,ETH-27SEP19-360-C,83.65,0.027999999999999997,12.0,2,1556123820963,1215142,14
2019-04-25 21:56:41.538,15.0,sell,160.87,ETH-27SEP19-360-C,79.34,0.021,15.0,2,1556229401538,1239906,15
2019-04-25 22:07:42.801,5.0,sell,150.86,ETH-27SEP19-360-C,83.29,0.02,5.0,2,1556230062801,1247645,16
2019-05-01 19:20:16.820,1.0,sell,157.08,ETH-27SEP19-360-C,78.84,0.016,1.0,2,1556738416820,1384372,17
2019-05-03 11:27:01.540,3.0,buy,166.37,ETH-27SEP19-360-C,80.76,0.022000000000000002,3.0,0,1556882821540,1439233,18
2019-05-05 01:14:25.877,30.0,buy,161.97,ETH-27SEP19-360-C,84.5,0.024,30.0,0,1557018865877,1481342,19
2019-05-05 07:05:45.465,60.0,buy,162.38,ETH-27SEP19-360-C,84.28,0.024,60.0,1,1557039945465,1483875,20
2019-05-05 07:05:59.186,60.0,buy,162.38,ETH-27SEP19-360-C,84.28,0.024,60.0,1,1557039959186,1483876,21
2019-05-05 16:13:26.893,60.0,sell,160.59,ETH-27SEP19-360-C,82.59,0.021,60.0,2,1557072806893,1488574,22
2019-05-07 08:56:05.836,24.0,buy,175.02,ETH-27SEP19-360-C,86.56,0.035,24.0,0,1557219365836,1561505,23
2019-05-07 08:56:05.955,24.0,buy,175.02,ETH-27SEP19-360-C,86.56,0.035,24.0,1,1557219365955,1561510,24
2019-05-07 08:56:05.995,24.0,buy,175.02,ETH-27SEP19-360-C,86.56,0.035,24.0,1,1557219365995,1561512,25
2019-05-07 08:56:06.019,24.0,buy,175.02,ETH-27SEP19-360-C,86.56,0.035,24.0,1,1557219366019,1561513,26
2019-05-07 08:56:06.040,24.0,buy,175.02,ETH-27SEP19-360-C,86.56,0.035,24.0,1,1557219366040,1561514,27
2019-05-07 08:56:06.064,24.0,buy,175.02,ETH-27SEP19-360-C,86.56,0.035,24.0,1,1557219366064,1561515,28
2019-05-07 08:56:06.081,6.0,buy,175.02,ETH-27SEP19-360-C,86.56,0.035,6.0,1,1557219366081,1561516,29
2019-05-10 05:47:30.221,2.0,buy,174.25,ETH-27SEP19-360-C,91.2,0.038,2.0,0,1557467250221,1683547,30
2019-05-10 05:47:30.221,1.0,buy,174.25,ETH-27SEP19-360-C,91.2,0.038,1.0,1,1557467250221,1683548,31
2019-05-10 05:47:45.570,1.0,buy,174.27,ETH-27SEP19-360-C,91.22,0.038,1.0,1,1557467265570,1683550,32
2019-05-10 11:38:34.479,40.0,buy,172.3,ETH-27SEP19-360-C,92.1,0.038,40.0,1,1557488314479,1691602,33
2019-05-11 12:56:10.841,60.0,sell,188.55,ETH-27SEP19-360-C,96.06,0.057,60.0,0,1557579370841,1779128,34
2019-05-11 12:56:10.882,40.0,sell,188.55,ETH-27SEP19-360-C,95.5,0.055999999999999994,40.0,2,1557579370882,1779136,35
2019-05-11 12:56:13.259,40.0,sell,188.54,ETH-27SEP19-360-C,94.4,0.054000000000000006,40.0,2,1557579373259,1779157,36
2019-05-11 12:56:14.075,40.0,sell,188.54,ETH-27SEP19-360-C,94.4,0.054000000000000006,40.0,3,1557579374075,1779165,37
2019-05-11 12:56:14.612,23.0,sell,188.54,ETH-27SEP19-360-C,94.4,0.054000000000000006,23.0,3,1557579374612,1779176,38
2019-05-11 12:56:14.872,47.0,sell,188.54,ETH-27SEP19-360-C,95.51,0.055999999999999994,47.0,0,1557579374872,1779180,39
2019-05-11 12:56:37.094,60.0,sell,188.67,ETH-27SEP19-360-C,94.94,0.055,60.0,2,1557579397094,1779228,40
2019-05-11 12:56:37.160,40.0,sell,188.67,ETH-27SEP19-360-C,94.38,0.054000000000000006,40.0,2,1557579397160,1779239,41
2019-05-11 12:56:38.054,6.0,sell,188.63,ETH-27SEP19-360-C,93.83,0.053,6.0,2,1557579398054,1779244,42
2019-05-11 14:26:23.139,40.0,sell,188.32,ETH-27SEP19-360-C,93.7,0.053,40.0,3,1557584783139,1783455,43
2019-05-11 14:33:39.727,10.0,sell,188.57,ETH-27SEP19-360-C,95.31,0.055999999999999994,10.0,0,1557585219727,1783802,44
2019-05-11 14:44:10.699,10.0,sell,189.4,ETH-27SEP19-360-C,96.17,0.057999999999999996,10.0,0,1557585850699,1784403,45
2019-05-11 16:52:05.433,10.0,sell,190.7,ETH-27SEP19-360-C,93.81,0.055,10.0,2,1557593525433,1794437,46
