date_utc,amount,direction,indexPrice,instrument,iv,price,quantity,tickDirection,timeStamp,tradeId,tradeSeq
2019-05-03 13:55:56.802,120.0,sell,166.83,ETH-17MAY19-210-C,85.46,0.006999999999999999,120.0,1,1556891756802,1441762,1
2019-05-03 14:41:23.095,50.0,sell,166.93,ETH-17MAY19-210-C,85.39,0.006999999999999999,50.0,1,1556894483095,1442446,2
2019-05-05 09:32:19.171,3.0,sell,161.66,ETH-17MAY19-210-C,93.28,0.005,3.0,2,1557048739171,1485564,3
2019-05-05 09:32:26.536,3.0,sell,161.66,ETH-17MAY19-210-C,93.28,0.005,3.0,3,1557048746536,1485565,4
2019-05-05 09:55:48.342,44.0,sell,161.13,ETH-17MAY19-210-C,94.23,0.005,44.0,3,1557050148342,1485765,5
2019-05-06 16:00:40.569,100.0,buy,168.88,ETH-17MAY19-210-C,86.03,0.005,100.0,3,1557158440569,1518790,6
2019-05-06 19:03:33.148,7.0,buy,174.3,ETH-17MAY19-210-C,92.63,0.01,7.0,0,1557169413148,1533589,7
2019-05-06 19:15:34.921,13.0,buy,173.62,ETH-17MAY19-210-C,96.68,0.011,13.0,0,1557170134921,1533836,8
2019-05-07 00:06:48.370,10.0,buy,174.17,ETH-17MAY19-210-C,93.83,0.01,10.0,2,1557187608370,1539599,9
2019-05-07 00:06:50.417,10.0,buy,174.21,ETH-17MAY19-210-C,93.75,0.01,10.0,3,1557187610417,1539600,10
2019-05-07 00:06:51.665,10.0,buy,174.36,ETH-17MAY19-210-C,93.46,0.01,10.0,3,1557187611665,1539603,11
2019-05-07 00:07:07.909,10.0,buy,174.75,ETH-17MAY19-210-C,92.69,0.01,10.0,3,1557187627909,1539670,12
2019-05-07 02:03:25.219,10.0,buy,178.1,ETH-17MAY19-210-C,93.96,0.013,10.0,0,1557194605219,1550677,13
2019-05-07 02:03:49.845,10.0,buy,178.26,ETH-17MAY19-210-C,93.63,0.013,10.0,1,1557194629845,1550681,14
2019-05-07 02:04:26.632,10.0,buy,178.34,ETH-17MAY19-210-C,93.47,0.013,10.0,1,1557194666632,1550713,15
2019-05-07 02:04:28.354,10.0,buy,178.31,ETH-17MAY19-210-C,93.53,0.013,10.0,1,1557194668354,1550717,16
2019-05-07 08:04:05.884,5.0,buy,175.77,ETH-17MAY19-210-C,97.47,0.012,5.0,2,1557216245884,1560722,17
2019-05-07 08:04:07.840,5.0,buy,175.77,ETH-17MAY19-210-C,97.47,0.012,5.0,3,1557216247840,1560723,18
2019-05-07 08:04:17.939,5.0,buy,175.9,ETH-17MAY19-210-C,97.2,0.012,5.0,3,1557216257939,1560724,19
2019-05-07 08:04:20.008,5.0,buy,175.9,ETH-17MAY19-210-C,97.2,0.012,5.0,3,1557216260008,1560725,20
2019-05-07 09:01:58.774,1.0,buy,175.26,ETH-17MAY19-210-C,93.38,0.01,1.0,2,1557219718774,1561644,21
2019-05-07 14:12:47.614,10.0,sell,170.78,ETH-17MAY19-210-C,97.31,0.008,10.0,2,1557238367614,1568390,22
2019-05-07 14:15:02.053,5.0,buy,169.28,ETH-17MAY19-210-C,106.49,0.01,5.0,0,1557238502053,1570797,23
2019-05-07 14:15:08.735,5.0,buy,169.5,ETH-17MAY19-210-C,106.05,0.01,5.0,1,1557238508735,1570837,24
2019-05-09 01:11:50.654,100.0,buy,173.13,ETH-17MAY19-210-C,97.04,0.006999999999999999,100.0,2,1557364310654,1644019,25
2019-05-10 05:47:22.029,24.0,sell,174.15,ETH-17MAY19-210-C,94.25,0.005,24.0,2,1557467242029,1683546,26
2019-05-10 05:52:57.800,50.0,buy,174.41,ETH-17MAY19-210-C,98.04,0.006,50.0,0,1557467577800,1683642,27
2019-05-10 10:47:09.638,1.0,buy,173.1,ETH-17MAY19-210-C,102.4,0.006,1.0,1,1557485229638,1691107,28
2019-05-10 14:49:41.761,6.0,sell,171.01,ETH-17MAY19-210-C,98.62,0.004,6.0,2,1557499781761,1694755,29
2019-05-10 17:21:35.698,110.0,sell,172.69,ETH-17MAY19-210-C,95.81,0.004,110.0,3,1557508895698,1699708,30
2019-05-10 23:00:50.481,90.0,sell,173.08,ETH-17MAY19-210-C,101.82,0.005,90.0,0,1557529250481,1715080,31
2019-05-11 01:44:55.321,74.0,sell,174.65,ETH-17MAY19-210-C,99.18,0.005,74.0,1,1557539095321,1719322,32
2019-05-11 04:50:05.200,4.0,buy,175.8,ETH-17MAY19-210-C,97.58,0.005,4.0,1,1557550205200,1727094,33
2019-05-11 05:21:19.726,10.0,buy,176.83,ETH-17MAY19-210-C,95.38,0.005,10.0,1,1557552079726,1730645,34
2019-05-11 07:56:26.480,1.0,buy,177.36,ETH-17MAY19-210-C,103.68,0.006999999999999999,1.0,0,1557561386480,1742961,35
2019-05-11 08:27:38.767,10.0,buy,183.36,ETH-17MAY19-210-C,92.75,0.008,10.0,0,1557563258767,1746877,36
2019-05-11 08:28:42.685,10.0,buy,183.75,ETH-17MAY19-210-C,91.77,0.008,10.0,1,1557563322685,1747112,37
2019-05-11 08:28:51.078,10.0,buy,183.86,ETH-17MAY19-210-C,91.5,0.008,10.0,1,1557563331078,1747156,38
2019-05-11 08:29:03.622,10.0,buy,184.1,ETH-17MAY19-210-C,90.89,0.008,10.0,1,1557563343622,1747282,39
2019-05-11 08:29:25.070,60.0,buy,185.0,ETH-17MAY19-210-C,88.61,0.008,60.0,1,1557563365070,1747671,40
2019-05-11 11:41:40.976,100.0,buy,189.44,ETH-17MAY19-210-C,98.41,0.015,100.0,0,1557574900976,1773593,41
2019-05-11 12:26:20.926,2.0,buy,189.11,ETH-17MAY19-210-C,102.27,0.016,2.0,0,1557577580926,1777636,42
2019-05-11 12:56:09.276,1.0,buy,188.55,ETH-17MAY19-210-C,93.09,0.012,1.0,2,1557579369276,1779118,43
2019-05-11 12:56:16.143,1.0,buy,188.55,ETH-17MAY19-210-C,95.93,0.013000000000000001,1.0,0,1557579376143,1779186,44
2019-05-11 12:56:31.757,51.0,buy,188.63,ETH-17MAY19-210-C,95.71,0.013000000000000001,51.0,1,1557579391757,1779210,45
2019-05-11 12:56:39.726,102.0,buy,188.59,ETH-17MAY19-210-C,92.98,0.012,102.0,2,1557579399726,1779260,46
2019-05-11 12:56:39.737,98.0,buy,188.59,ETH-17MAY19-210-C,92.98,0.012,98.0,3,1557579399737,1779261,47
2019-05-11 15:16:19.775,1.0,buy,189.99,ETH-17MAY19-210-C,95.37,0.013999999999999999,1.0,0,1557587779775,1785937,48
2019-05-11 15:16:19.775,9.0,buy,189.99,ETH-17MAY19-210-C,98.07,0.015,9.0,0,1557587779775,1785938,49
2019-05-11 16:01:37.045,1.0,buy,190.96,ETH-17MAY19-210-C,98.09,0.016,1.0,0,1557590497045,1790551,50
2019-05-11 16:20:12.057,120.0,sell,191.36,ETH-17MAY19-210-C,96.99,0.016,120.0,1,1557591612057,1792668,51
2019-05-11 16:27:26.429,200.0,buy,190.83,ETH-17MAY19-210-C,98.63,0.016,200.0,1,1557592046429,1793322,52
2019-05-11 16:44:06.242,1.0,sell,190.82,ETH-17MAY19-210-C,93.45,0.013999999999999999,1.0,2,1557593046242,1794009,53
2019-05-11 16:50:12.843,5.0,buy,190.81,ETH-17MAY19-210-C,101.42,0.017,5.0,0,1557593412843,1794249,54
2019-05-11 17:28:51.431,2.0,buy,193.61,ETH-17MAY19-210-C,95.52,0.018000000000000002,2.0,0,1557595731431,1796484,55
2019-05-11 17:31:29.044,10.0,buy,193.49,ETH-17MAY19-210-C,100.78,0.02,10.0,0,1557595889044,1796825,56
2019-05-11 17:31:29.044,88.0,buy,193.49,ETH-17MAY19-210-C,100.78,0.02,88.0,1,1557595889044,1796826,57
2019-05-11 17:44:25.254,1.0,buy,195.27,ETH-17MAY19-210-C,95.12,0.02,1.0,1,1557596665254,1798447,58
2019-05-11 17:58:25.842,2.0,buy,198.34,ETH-17MAY19-210-C,102.88,0.027999999999999997,2.0,0,1557597505842,1802025,59
2019-05-11 17:59:18.843,30.0,buy,198.77,ETH-17MAY19-210-C,105.7,0.03,30.0,0,1557597558843,1802159,60
2019-05-11 18:31:11.084,100.0,buy,196.43,ETH-17MAY19-210-C,103.09,0.025,100.0,2,1557599471084,1807153,61
2019-05-11 18:58:40.659,32.0,sell,196.81,ETH-17MAY19-210-C,95.14,0.022000000000000002,32.0,2,1557601120659,1808387,62
2019-05-11 21:54:09.617,14.0,buy,198.55,ETH-17MAY19-210-C,101.46,0.027000000000000003,14.0,0,1557611649617,1818101,63
2019-05-11 22:53:36.686,100.0,sell,200.58,ETH-17MAY19-210-C,98.81,0.028999999999999998,100.0,0,1557615216686,1832706,64
2019-05-11 22:55:43.688,100.0,sell,200.76,ETH-17MAY19-210-C,98.15,0.028999999999999998,100.0,1,1557615343688,1833035,65
2019-05-11 23:53:13.414,20.0,sell,191.84,ETH-17MAY19-210-C,113.61,0.022000000000000002,20.0,2,1557618793414,1852036,66
2019-05-11 23:54:25.628,1.0,sell,194.74,ETH-17MAY19-210-C,101.57,0.021,1.0,2,1557618865628,1853253,67
2019-05-12 00:06:54.384,200.0,buy,194.95,ETH-17MAY19-210-C,115.1,0.027000000000000003,200.0,0,1557619614384,1859243,68
2019-05-12 00:10:39.663,120.0,buy,195.82,ETH-17MAY19-210-C,114.38,0.027999999999999997,120.0,0,1557619839663,1860164,69
2019-05-12 00:40:13.579,120.0,buy,188.45,ETH-17MAY19-210-C,119.85,0.02,120.0,2,1557621613579,1870651,70
2019-05-12 01:50:53.924,6.0,buy,195.28,ETH-17MAY19-210-C,123.92,0.031,6.0,0,1557625853924,1882367,71
2019-05-12 07:09:39.148,5.0,buy,199.39,ETH-17MAY19-210-C,108.95,0.03,5.0,2,1557644979148,1904083,72
2019-05-12 07:09:57.398,45.0,buy,199.36,ETH-17MAY19-210-C,115.83,0.033,45.0,0,1557644997398,1904174,73
