date_utc,amount,direction,indexPrice,instrument,iv,price,quantity,tickDirection,timeStamp,tradeId,tradeSeq
2019-04-02 04:38:56.036,3.0,buy,4440.95,BTC-12APR19-4875-P,45.72,0.102,3.0,1,1554179936036,17028765,1
2019-04-02 04:39:01.402,0.2,buy,4453.25,BTC-12APR19-4875-P,43.32,0.0985,0.2,2,1554179941402,17029010,2
2019-04-02 04:41:19.237,3.0,buy,4477.01,BTC-12APR19-4875-P,50.39,0.096,3.0,2,1554180079237,17031149,3
2019-04-02 07:29:55.274,0.1,buy,4684.61,BTC-12APR19-4875-P,69.59,0.07,0.1,2,1554190195274,17092107,4
2019-04-02 10:21:08.976,0.2,buy,4772.14,BTC-12APR19-4875-P,58.4,0.0505,0.2,2,1554200468976,17104116,5
2019-04-02 10:22:42.366,0.1,buy,4757.42,BTC-12APR19-4875-P,59.28,0.053,0.1,0,1554200562366,17104335,6
2019-04-02 10:38:29.537,7.4,buy,4773.81,BTC-12APR19-4875-P,61.86,0.0525,7.4,2,1554201509537,17105091,7
2019-04-02 10:41:04.201,7.4,buy,4767.52,BTC-12APR19-4875-P,62.92,0.054000000000000006,7.4,0,1554201664201,17105145,8
2019-04-02 10:46:46.262,0.2,buy,4770.34,BTC-12APR19-4875-P,61.19,0.0525,0.2,2,1554202006262,17105397,9
2019-04-02 10:50:26.611,7.4,buy,4772.63,BTC-12APR19-4875-P,63.96,0.054000000000000006,7.4,0,1554202226611,17105631,10
2019-04-02 11:11:08.701,7.4,buy,4794.91,BTC-12APR19-4875-P,64.48,0.0515,7.4,2,1554203468701,17106615,11
2019-04-02 14:11:38.632,0.1,buy,4705.99,BTC-12APR19-4875-P,57.1,0.0585,0.1,0,1554214298632,17115102,12
2019-04-02 14:23:12.826,1.0,buy,4725.88,BTC-12APR19-4875-P,68.0,0.0625,1.0,0,1554214992826,17117617,13
2019-04-02 23:50:23.065,0.1,sell,4915.22,BTC-12APR19-4875-P,66.85,0.0385,0.1,2,1554249023065,17150741,14
2019-04-03 00:06:35.414,1.0,sell,4922.26,BTC-12APR19-4875-P,66.4,0.0375,1.0,2,1554249995414,17154420,15
2019-04-03 00:28:31.259,1.0,sell,4990.17,BTC-12APR19-4875-P,67.58,0.032,1.0,2,1554251311259,17157425,16
2019-04-03 00:30:53.357,1.0,buy,4991.46,BTC-12APR19-4875-P,67.77,0.032,1.0,3,1554251453357,17157791,17
2019-04-03 00:56:56.604,4.8,sell,4971.66,BTC-12APR19-4875-P,66.67,0.033,4.8,0,1554253016604,17162285,18
2019-04-03 01:38:15.298,0.1,buy,4940.85,BTC-12APR19-4875-P,79.85,0.044,0.1,0,1554255495298,17165523,19
2019-04-03 02:19:15.605,18.0,buy,4991.07,BTC-12APR19-4875-P,86.7,0.0435,18.0,2,1554257955605,17168597,20
2019-04-03 04:20:29.683,0.5,sell,4927.91,BTC-12APR19-4875-P,77.52,0.0435,0.5,3,1554265229683,17183503,21
2019-04-03 06:11:49.891,0.3,buy,4929.99,BTC-12APR19-4875-P,76.57,0.0425,0.3,2,1554271909891,17189161,22
2019-04-03 07:54:28.700,18.0,sell,4959.8,BTC-12APR19-4875-P,76.61,0.0395,18.0,2,1554278068700,17191063,23
2019-04-03 07:55:59.357,2.0,buy,4954.34,BTC-12APR19-4875-P,74.97,0.039,2.0,2,1554278159357,17191177,24
2019-04-03 10:25:53.092,2.0,sell,4956.22,BTC-12APR19-4875-P,74.06,0.038,2.0,2,1554287153092,17193500,25
2019-04-03 16:11:41.573,0.1,buy,5069.75,BTC-12APR19-4875-P,77.57,0.03,0.1,2,1554307901573,17208911,26
2019-04-03 19:02:33.177,3.0,buy,5151.52,BTC-12APR19-4875-P,87.64,0.0295,3.0,2,1554318153177,17225400,27
2019-04-03 20:08:03.194,2.0,sell,5160.8,BTC-12APR19-4875-P,86.23,0.028,2.0,2,1554322083194,17228117,28
2019-04-03 20:19:44.644,0.3,sell,5245.94,BTC-12APR19-4875-P,86.51,0.023,0.3,2,1554322784644,17231630,29
2019-04-03 21:10:26.648,0.2,buy,5296.48,BTC-12APR19-4875-P,88.06,0.021,0.2,2,1554325826648,17240023,30
2019-04-03 22:44:01.799,5.0,buy,5065.83,BTC-12APR19-4875-P,84.5,0.0335,5.0,0,1554331441799,17251817,31
2019-04-04 01:50:52.099,4.0,sell,5016.77,BTC-12APR19-4875-P,81.74,0.0355,4.0,0,1554342652099,17284342,32
2019-04-04 08:08:44.063,0.1,buy,5028.9,BTC-12APR19-4875-P,87.52,0.037000000000000005,0.1,0,1554365324063,17295722,33
2019-04-04 10:52:06.765,3.0,sell,4979.55,BTC-12APR19-4875-P,80.65,0.037000000000000005,3.0,1,1554375126765,17301436,34
2019-04-04 11:02:17.651,0.5,buy,4956.0,BTC-12APR19-4875-P,86.53,0.0425,0.5,0,1554375737651,17301892,35
2019-04-04 14:26:50.070,1.0,buy,5040.88,BTC-12APR19-4875-P,81.69,0.032,1.0,2,1554388010070,17309855,36
2019-04-04 17:41:14.754,5.0,buy,4912.83,BTC-12APR19-4875-P,76.34,0.04,5.0,0,1554399674754,17317172,37
2019-04-04 18:09:40.968,4.0,buy,4861.3,BTC-12APR19-4875-P,74.01,0.044000000000000004,4.0,0,1554401380968,17320849,38
2019-04-04 18:11:38.327,2.0,buy,4860.88,BTC-12APR19-4875-P,75.67,0.045,2.0,0,1554401498327,17321137,40
2019-04-04 18:11:38.327,1.0,buy,4860.88,BTC-12APR19-4875-P,73.93,0.044000000000000004,1.0,1,1554401498327,17321136,39
2019-04-04 18:14:15.340,9.0,buy,4842.14,BTC-12APR19-4875-P,72.04,0.045,9.0,1,1554401655340,17321662,41
2019-04-04 18:14:36.719,3.4,sell,4854.1,BTC-12APR19-4875-P,76.12,0.046,3.4,0,1554401676719,17321873,42
2019-04-04 19:53:38.021,0.1,buy,4840.12,BTC-12APR19-4875-P,79.83,0.0495,0.1,0,1554407618021,17327915,43
2019-04-04 23:21:18.172,1.0,buy,4916.96,BTC-12APR19-4875-P,75.61,0.0385,1.0,2,1554420078172,17340987,44
2019-04-05 02:19:32.884,4.0,sell,4925.04,BTC-12APR19-4875-P,74.08,0.0365,4.0,2,1554430772884,17344964,45
2019-04-05 02:59:37.884,10.7,sell,4923.18,BTC-12APR19-4875-P,78.4,0.039,10.7,0,1554433177884,17345927,46
2019-04-05 03:00:48.795,8.3,sell,4924.41,BTC-12APR19-4875-P,78.63,0.039,8.3,1,1554433248795,17345949,47
2019-04-05 03:27:59.716,0.1,buy,4914.25,BTC-12APR19-4875-P,83.23,0.0425,0.1,0,1554434879716,17346269,48
2019-04-05 03:49:46.994,1.0,sell,4896.57,BTC-12APR19-4875-P,80.08,0.0425,1.0,1,1554436186994,17346753,49
2019-04-05 03:50:35.974,1.0,sell,4900.33,BTC-12APR19-4875-P,79.88,0.042,1.0,2,1554436235974,17346775,50
2019-04-05 04:21:36.503,0.9,buy,4937.21,BTC-12APR19-4875-P,82.08,0.0395,0.9,3,1554438096503,17347870,52
2019-04-05 04:21:36.503,0.1,buy,4937.21,BTC-12APR19-4875-P,82.08,0.0395,0.1,2,1554438096503,17347869,51
2019-04-05 04:22:45.753,1.0,sell,4940.91,BTC-12APR19-4875-P,81.82,0.039,1.0,2,1554438165753,17347906,53
2019-04-05 04:23:37.212,18.0,buy,4939.71,BTC-12APR19-4875-P,82.53,0.0395,18.0,0,1554438217212,17347918,54
2019-04-05 04:25:51.984,0.1,buy,4936.83,BTC-12APR19-4875-P,82.94,0.04,0.1,0,1554438351984,17347979,55
2019-04-05 04:25:51.984,5.9,buy,4936.83,BTC-12APR19-4875-P,85.67,0.0415,5.9,0,1554438351984,17347980,56
2019-04-05 04:26:10.974,39.9,buy,4935.96,BTC-12APR19-4875-P,85.51,0.0415,39.9,1,1554438370974,17347989,57
2019-04-05 04:26:10.974,6.0,buy,4935.96,BTC-12APR19-4875-P,85.51,0.0415,6.0,1,1554438370974,17347990,58
2019-04-05 04:27:40.636,0.1,buy,4934.35,BTC-12APR19-4875-P,87.05,0.0425,0.1,0,1554438460636,17347999,59
2019-04-05 05:02:07.771,1.0,sell,4946.9,BTC-12APR19-4875-P,82.1,0.0385,1.0,2,1554440527771,17348991,60
2019-04-05 05:04:51.326,0.2,sell,4950.57,BTC-12APR19-4875-P,81.82,0.038,0.2,2,1554440691326,17349036,61
2019-04-05 05:07:46.397,0.8,sell,4974.67,BTC-12APR19-4875-P,85.89,0.038,0.8,3,1554440866397,17349230,62
2019-04-05 05:07:54.426,1.0,sell,4977.67,BTC-12APR19-4875-P,85.46,0.0375,1.0,2,1554440874426,17349259,63
2019-04-05 05:08:53.742,1.0,sell,4962.18,BTC-12APR19-4875-P,81.97,0.037000000000000005,1.0,2,1554440933742,17349413,64
2019-04-05 05:13:38.194,1.0,sell,4989.23,BTC-12APR19-4875-P,85.53,0.0365,1.0,2,1554441218194,17349766,65
2019-04-05 05:13:52.082,1.0,sell,4985.09,BTC-12APR19-4875-P,83.93,0.036000000000000004,1.0,2,1554441232082,17349800,66
2019-04-05 05:24:49.978,1.0,buy,4966.3,BTC-12APR19-4875-P,81.8,0.0365,1.0,0,1554441889978,17350325,67
2019-04-05 05:33:58.972,0.3,buy,4955.48,BTC-12APR19-4875-P,80.94,0.037000000000000005,0.3,0,1554442438972,17350711,68
2019-04-05 05:33:59.006,0.2,buy,4955.48,BTC-12APR19-4875-P,80.94,0.037000000000000005,0.2,1,1554442439006,17350712,69
2019-04-05 05:33:59.056,0.3,buy,4955.48,BTC-12APR19-4875-P,80.94,0.037000000000000005,0.3,1,1554442439056,17350713,70
2019-04-05 05:51:47.129,10.0,sell,4964.53,BTC-12APR19-4875-P,79.78,0.0355,10.0,2,1554443507129,17351000,71
2019-04-05 08:00:20.862,6.0,sell,4939.06,BTC-12APR19-4875-P,74.1,0.0345,6.0,2,1554451220862,17354609,72
2019-04-05 11:16:24.867,1.0,sell,4970.99,BTC-12APR19-4875-P,74.64,0.0315,1.0,2,1554462984867,17358534,73
2019-04-05 15:21:55.466,0.2,buy,4956.62,BTC-12APR19-4875-P,76.01,0.033,0.2,0,1554477715466,17370144,74
2019-04-05 15:54:23.392,24.0,sell,4989.35,BTC-12APR19-4875-P,75.87,0.03,24.0,2,1554479663392,17371372,75
2019-04-05 16:12:13.763,2.0,sell,4979.91,BTC-12APR19-4875-P,74.4,0.03,2.0,3,1554480733763,17371872,76
2019-04-05 16:28:11.673,1.0,sell,5011.65,BTC-12APR19-4875-P,72.74,0.0265,1.0,2,1554481691673,17372659,77
2019-04-05 16:46:50.019,0.1,buy,5017.02,BTC-12APR19-4875-P,79.54,0.0295,0.1,0,1554482810019,17373622,78
2019-04-05 16:47:33.394,0.1,buy,5015.79,BTC-12APR19-4875-P,80.32,0.03,0.1,0,1554482853394,17373634,79
2019-04-05 17:07:17.209,0.1,buy,5019.55,BTC-12APR19-4875-P,80.02,0.0295,0.1,2,1554484037209,17374602,80
2019-04-05 17:17:21.061,0.1,buy,5017.54,BTC-12APR19-4875-P,79.74,0.0295,0.1,3,1554484641061,17374862,81
2019-04-05 20:19:28.217,0.7000000000000001,sell,5051.51,BTC-12APR19-4875-P,72.64,0.023,0.7000000000000001,2,1554495568217,17380932,82
2019-04-05 21:22:07.102,0.1,sell,5020.46,BTC-12APR19-4875-P,70.25,0.024,0.1,0,1554499327102,17383556,83
2019-04-06 07:00:51.706,0.1,buy,5017.98,BTC-12APR19-4875-P,77.33,0.0265,0.1,0,1554534051706,17390279,84
2019-04-06 07:41:24.062,0.1,buy,5005.25,BTC-12APR19-4875-P,77.49,0.0275,0.1,0,1554536484062,17390407,85
2019-04-06 12:01:38.310,0.1,sell,5000.05,BTC-12APR19-4875-P,75.72,0.0265,0.1,2,1554552098310,17393047,86
2019-04-06 13:38:33.658,4.2,buy,5023.72,BTC-12APR19-4875-P,70.52,0.022,4.2,2,1554557913658,17394714,87
2019-04-06 14:28:58.051,4.7,buy,5009.05,BTC-12APR19-4875-P,76.86,0.026,4.7,0,1554560938051,17395319,88
2019-04-06 14:36:24.016,0.1,buy,5011.26,BTC-12APR19-4875-P,77.26,0.026,0.1,1,1554561384016,17395416,89
2019-04-06 14:56:56.605,1.0,sell,5019.76,BTC-12APR19-4875-P,74.51,0.024,1.0,2,1554562616605,17395795,90
2019-04-06 15:33:04.064,0.1,buy,5056.6,BTC-12APR19-4875-P,77.29,0.0225,0.1,2,1554564784064,17399608,91
2019-04-06 16:00:25.127,0.6,sell,5124.28,BTC-12APR19-4875-P,77.16,0.018000000000000002,0.6,2,1554566425127,17402128,92
2019-04-06 16:00:46.515,1.4,sell,5137.93,BTC-12APR19-4875-P,79.06,0.018000000000000002,1.4,3,1554566446515,17402257,93
2019-04-06 16:00:46.515,3.0,sell,5137.93,BTC-12APR19-4875-P,79.06,0.018000000000000002,3.0,3,1554566446515,17402258,94
2019-04-06 16:01:06.467,0.1,sell,5160.6,BTC-12APR19-4875-P,79.74,0.017,0.1,2,1554566466467,17402648,95
2019-04-06 16:22:01.964,1.0,buy,5143.4,BTC-12APR19-4875-P,78.72,0.0175,1.0,0,1554567721964,17405341,96
2019-04-06 18:14:43.685,0.1,sell,5160.01,BTC-12APR19-4875-P,72.81,0.013999999999999999,0.1,2,1554574483685,17416788,97
2019-04-06 23:04:46.108,0.5,sell,5029.22,BTC-12APR19-4875-P,72.84,0.0215,0.5,0,1554591886108,17445100,98
2019-04-07 08:43:50.134,1.0,sell,5153.75,BTC-12APR19-4875-P,72.16,0.0125,1.0,2,1554626630134,17460890,99
2019-04-07 22:52:56.107,4.1,sell,5180.23,BTC-12APR19-4875-P,85.08,0.013999999999999999,4.1,0,1554677576107,17490007,100
2019-04-08 00:34:21.590,0.8,buy,5223.5,BTC-12APR19-4875-P,85.8,0.012,0.8,2,1554683661590,17497360,101
2019-04-08 00:34:21.590,0.2,buy,5223.5,BTC-12APR19-4875-P,85.8,0.012,0.2,3,1554683661590,17497361,102
2019-04-08 01:02:58.016,1.0,sell,5262.48,BTC-12APR19-4875-P,84.65,0.01,1.0,2,1554685378016,17499541,103
2019-04-08 11:19:47.398,0.5,buy,5186.78,BTC-12APR19-4875-P,80.35,0.0105,0.5,0,1554722387398,17525998,104
2019-04-08 11:23:16.149,0.1,buy,5172.11,BTC-12APR19-4875-P,79.87,0.011,0.1,0,1554722596149,17526265,105
2019-04-08 12:41:37.559,0.9,sell,5177.52,BTC-12APR19-4875-P,81.25,0.011,0.9,1,1554727297559,17530491,106
2019-04-08 13:12:16.746,0.5,buy,5204.97,BTC-12APR19-4875-P,82.09,0.01,0.5,2,1554729136746,17531002,107
2019-04-08 13:33:46.087,0.5,buy,5201.91,BTC-12APR19-4875-P,81.81,0.01,0.5,3,1554730426087,17531406,108
2019-04-08 15:24:37.004,3.0,sell,5243.09,BTC-12APR19-4875-P,77.16,0.006999999999999999,3.0,2,1554737077004,17534502,109
2019-04-08 19:44:20.611,2.0,buy,5202.47,BTC-12APR19-4875-P,81.2,0.009000000000000001,2.0,0,1554752660611,17540461,110
2019-04-09 02:50:43.419,0.4,buy,5264.15,BTC-12APR19-4875-P,87.79,0.0075,0.4,2,1554778243419,17554648,111
2019-04-09 04:06:44.750,3.0,sell,5247.36,BTC-12APR19-4875-P,77.18,0.0055,3.0,2,1554782804750,17557064,112
2019-04-09 05:22:35.771,2.0,sell,5213.58,BTC-12APR19-4875-P,77.66,0.0065,2.0,0,1554787355771,17559100,113
2019-04-09 07:53:48.239,5.0,buy,5215.88,BTC-12APR19-4875-P,87.85,0.0085,5.0,0,1554796428239,17563890,114
2019-04-09 12:35:56.602,1.0,buy,5203.47,BTC-12APR19-4875-P,73.08,0.005,1.0,2,1554813356602,17572919,115
2019-04-09 12:41:35.787,0.2,sell,5204.39,BTC-12APR19-4875-P,73.26,0.005,0.2,3,1554813695787,17573013,116
2019-04-09 12:45:01.495,0.1,buy,5204.19,BTC-12APR19-4875-P,75.7,0.0055,0.1,0,1554813901495,17573042,117
2019-04-09 13:14:52.490,0.1,sell,5225.79,BTC-12APR19-4875-P,74.06,0.0045,0.1,2,1554815692490,17573900,118
2019-04-09 15:33:26.669,2.0,sell,5220.71,BTC-12APR19-4875-P,71.9,0.004,2.0,2,1554824006669,17577594,119
2019-04-09 17:09:45.806,3.8,buy,5229.51,BTC-12APR19-4875-P,76.87,0.0045,3.8,0,1554829785806,17578467,120
2019-04-09 19:33:37.684,2.0,sell,5211.74,BTC-12APR19-4875-P,70.0,0.0035,2.0,2,1554838417684,17580456,121
2019-04-10 01:35:31.124,1.0,sell,5233.32,BTC-12APR19-4875-P,70.01,0.0025,1.0,2,1554860131124,17589990,122
2019-04-10 02:44:37.021,2.0,buy,5228.92,BTC-12APR19-4875-P,70.15,0.0025,2.0,3,1554864277021,17590850,123
2019-04-10 03:10:33.771,1.0,sell,5233.65,BTC-12APR19-4875-P,67.09,0.002,1.0,2,1554865833771,17591044,124
2019-04-10 03:34:21.303,2.0,buy,5226.13,BTC-12APR19-4875-P,70.29,0.0025,2.0,0,1554867261303,17591123,125
2019-04-10 03:37:33.500,1.0,buy,5226.43,BTC-12APR19-4875-P,70.38,0.0025,1.0,1,1554867453500,17591139,126
2019-04-10 10:30:00.361,0.3,buy,5239.4,BTC-12APR19-4875-P,73.13,0.002,0.3,2,1554892200361,17596315,127
