date_utc,amount,direction,indexPrice,instrument,iv,price,quantity,tickDirection,timeStamp,tradeId,tradeSeq
2019-05-03 07:15:45.786,0.3,buy,5539.4,BTC-31MAY19-6000-P,64.49,0.123,0.3,1,1556867745786,18610671,1
2019-05-03 07:15:45.849,0.3,buy,5539.4,BTC-31MAY19-6000-P,64.49,0.123,0.3,1,1556867745849,18610673,2
2019-05-03 07:15:45.866,0.3,buy,5539.4,BTC-31MAY19-6000-P,64.49,0.123,0.3,1,1556867745866,18610674,3
2019-05-03 07:15:45.884,0.3,buy,5539.4,BTC-31MAY19-6000-P,64.49,0.123,0.3,1,1556867745884,18610675,4
2019-05-03 07:15:45.911,0.3,buy,5539.4,BTC-31MAY19-6000-P,64.49,0.123,0.3,1,1556867745911,18610678,5
2019-05-03 07:15:47.149,0.3,buy,5539.4,BTC-31MAY19-6000-P,64.49,0.123,0.3,1,1556867747149,18610684,6
2019-05-03 08:34:33.381,3.0,sell,5579.05,BTC-31MAY19-6000-P,58.67,0.1115,3.0,2,1556872473381,18619661,7
2019-05-03 08:34:33.384,4.0,buy,5579.05,BTC-31MAY19-6000-P,58.67,0.1115,4.0,3,1556872473384,18619662,8
2019-05-03 10:01:11.932,0.1,buy,5772.04,BTC-31MAY19-6000-P,61.83,0.091,0.1,2,1556877671932,18655208,9
2019-05-03 10:12:04.833,3.0,buy,5721.32,BTC-31MAY19-6000-P,63.85,0.099,3.0,0,1556878324833,18659661,10
2019-05-03 11:08:33.539,1.0,buy,5689.83,BTC-31MAY19-6000-P,59.01,0.0975,1.0,2,1556881713539,18667169,11
2019-05-03 15:02:44.284,0.7000000000000001,buy,5704.03,BTC-31MAY19-6000-P,60.78,0.0975,0.7000000000000001,3,1556895764284,18686693,12
2019-05-03 17:22:26.853,0.4,buy,5637.98,BTC-31MAY19-6000-P,60.25,0.105,0.4,0,1556904146853,18698454,13
2019-05-03 22:19:48.130,5.0,buy,5659.57,BTC-31MAY19-6000-P,58.32,0.1,5.0,2,1556921988130,18712085,14
2019-05-04 01:54:47.895,0.2,sell,5798.88,BTC-31MAY19-6000-P,60.71,0.086,0.2,2,1556934887895,18733545,15
2019-05-04 01:54:59.919,0.3,buy,5809.8,BTC-31MAY19-6000-P,61.34,0.0855,0.3,2,1556934899919,18733808,16
2019-05-04 01:54:59.971,0.3,buy,5809.8,BTC-31MAY19-6000-P,61.34,0.0855,0.3,3,1556934899971,18733812,17
2019-05-04 01:55:03.225,0.3,buy,5810.82,BTC-31MAY19-6000-P,60.52,0.0845,0.3,2,1556934903225,18734071,18
2019-05-04 13:26:51.844,0.1,buy,5689.97,BTC-31MAY19-6000-P,59.74,0.097,0.1,0,1556976411844,18764441,19
2019-05-04 15:45:26.467,0.5,buy,5567.06,BTC-31MAY19-6000-P,64.89,0.118,0.5,0,1556984726467,18785161,20
2019-05-04 20:50:22.129,0.3,buy,5657.17,BTC-31MAY19-6000-P,66.29,0.1075,0.3,2,1557003022129,18797797,21
2019-05-04 20:50:22.191,0.3,buy,5657.17,BTC-31MAY19-6000-P,65.81,0.107,0.3,2,1557003022191,18797803,22
2019-05-04 20:50:22.754,0.3,buy,5658.03,BTC-31MAY19-6000-P,65.91,0.107,0.3,3,1557003022754,18797810,23
2019-05-04 20:50:23.516,0.3,buy,5658.03,BTC-31MAY19-6000-P,65.91,0.107,0.3,3,1557003023516,18797839,24
2019-05-04 20:50:23.569,0.3,buy,5658.03,BTC-31MAY19-6000-P,65.91,0.107,0.3,3,1557003023569,18797846,25
2019-05-07 13:01:47.790,0.1,buy,5911.66,BTC-31MAY19-6000-P,67.1,0.0765,0.1,2,1557234107790,19041081,26
2019-05-07 13:03:05.798,1.5,buy,5911.0,BTC-31MAY19-6000-P,67.04,0.0765,1.5,3,1557234185798,19041088,27
2019-05-07 13:41:32.956,0.3,buy,5925.48,BTC-31MAY19-6000-P,66.0,0.07400000000000001,0.3,2,1557236492956,19044246,28
2019-05-07 13:41:37.933,0.7000000000000001,sell,5925.22,BTC-31MAY19-6000-P,65.98,0.07400000000000001,0.7000000000000001,3,1557236497933,19044248,29
2019-05-07 13:41:39.251,0.3,buy,5925.23,BTC-31MAY19-6000-P,65.98,0.07400000000000001,0.3,3,1557236499251,19044249,30
2019-05-07 13:41:41.726,0.2,sell,5925.13,BTC-31MAY19-6000-P,65.97,0.07400000000000001,0.2,3,1557236501726,19044250,31
2019-05-07 13:46:05.160,1.0,buy,5913.78,BTC-31MAY19-6000-P,63.91,0.073,1.0,2,1557236765160,19044580,32
2019-05-07 23:57:54.128,0.3,buy,5752.57,BTC-31MAY19-6000-P,70.94,0.0965,0.3,0,1557273474128,19100963,33
2019-05-08 04:11:20.085,25.0,buy,5793.64,BTC-31MAY19-6000-P,65.28,0.086,25.0,2,1557288680085,19129321,34
2019-05-08 04:13:15.030,14.4,buy,5792.39,BTC-31MAY19-6000-P,65.14,0.086,14.4,3,1557288795030,19129367,35
2019-05-08 04:13:15.080,10.6,buy,5792.39,BTC-31MAY19-6000-P,65.14,0.086,10.6,3,1557288795080,19129368,36
2019-05-08 20:57:55.289,14.4,sell,5899.23,BTC-31MAY19-6000-P,63.28,0.07200000000000001,14.4,2,1557349075289,19170757,38
2019-05-08 20:57:55.289,0.3,sell,5899.23,BTC-31MAY19-6000-P,63.28,0.07200000000000001,0.3,3,1557349075289,19170758,39
2019-05-08 20:57:55.289,0.3,sell,5899.23,BTC-31MAY19-6000-P,63.79,0.0725,0.3,2,1557349075289,19170756,37
2019-05-08 20:57:58.303,0.2,sell,5898.88,BTC-31MAY19-6000-P,63.24,0.07200000000000001,0.2,3,1557349078303,19170759,40
2019-05-08 20:57:58.306,13.7,buy,5898.88,BTC-31MAY19-6000-P,63.24,0.07200000000000001,13.7,3,1557349078306,19170760,41
2019-05-08 20:58:05.245,0.2,buy,5898.82,BTC-31MAY19-6000-P,63.24,0.07200000000000001,0.2,3,1557349085245,19170763,42
2019-05-08 21:05:14.850,0.9,buy,5895.41,BTC-31MAY19-6000-P,62.9,0.07200000000000001,0.9,3,1557349514850,19170935,43
2019-05-09 05:40:31.563,0.3,buy,6050.44,BTC-31MAY19-6000-P,68.2,0.0625,0.3,2,1557380431563,19223519,44
2019-05-09 06:01:54.067,0.2,buy,6045.91,BTC-31MAY19-6000-P,69.37,0.064,0.2,0,1557381714067,19224070,45
2019-05-09 08:40:39.906,0.2,buy,6059.4,BTC-31MAY19-6000-P,68.14,0.0615,0.2,2,1557391239906,19228658,46
2019-05-09 09:02:57.808,0.1,buy,6016.86,BTC-31MAY19-6000-P,64.43,0.0615,0.1,3,1557392577808,19229884,47
2019-05-09 11:23:29.922,0.2,buy,6032.59,BTC-31MAY19-6000-P,68.04,0.0635,0.2,0,1557401009922,19235643,48
2019-05-09 11:24:50.626,0.8,buy,6027.63,BTC-31MAY19-6000-P,68.63,0.0645,0.8,0,1557401090626,19235680,49
2019-05-09 11:25:57.620,1.0,buy,6026.21,BTC-31MAY19-6000-P,69.02,0.065,1.0,0,1557401157620,19235836,50
2019-05-09 12:24:24.276,0.2,buy,6005.46,BTC-31MAY19-6000-P,65.67,0.0635,0.2,2,1557404664276,19239860,51
2019-05-09 12:24:41.628,0.1,buy,6001.66,BTC-31MAY19-6000-P,67.38,0.0655,0.1,0,1557404681628,19239888,52
2019-05-09 13:08:00.087,0.2,buy,5967.8,BTC-31MAY19-6000-P,63.78,0.065,0.2,2,1557407280087,19244515,53
2019-05-09 13:29:32.098,0.3,buy,5982.15,BTC-31MAY19-6000-P,67.71,0.0675,0.3,0,1557408572098,19247338,54
2019-05-09 17:43:43.277,2.0,sell,6049.64,BTC-31MAY19-6000-P,64.24,0.058,2.0,2,1557423823277,19256188,55
2019-05-09 17:44:17.578,2.0,sell,6050.08,BTC-31MAY19-6000-P,63.76,0.0575,2.0,2,1557423857578,19256196,56
2019-05-09 18:04:04.578,0.5,buy,6061.36,BTC-31MAY19-6000-P,67.36,0.06,0.5,1,1557425044578,19256843,59
2019-05-09 18:04:04.578,0.2,buy,6061.36,BTC-31MAY19-6000-P,67.36,0.06,0.2,0,1557425044578,19256841,57
2019-05-09 18:04:04.578,0.3,buy,6061.36,BTC-31MAY19-6000-P,67.36,0.06,0.3,1,1557425044578,19256842,58
2019-05-09 18:05:18.291,1.0,buy,6060.22,BTC-31MAY19-6000-P,67.26,0.06,1.0,1,1557425118291,19256873,60
2019-05-09 23:21:14.350,1.0,buy,6143.14,BTC-31MAY19-6000-P,68.74,0.0545,1.0,2,1557444074350,19279322,61
2019-05-09 23:49:21.213,0.3,buy,6152.57,BTC-31MAY19-6000-P,68.47,0.0535,0.3,2,1557445761213,19280591,62
2019-05-09 23:49:21.215,1.7,sell,6152.57,BTC-31MAY19-6000-P,68.47,0.0535,1.7,3,1557445761215,19280592,63
2019-05-10 02:31:15.933,0.2,buy,6205.64,BTC-31MAY19-6000-P,65.78,0.047,0.2,2,1557455475933,19295355,64
2019-05-10 03:00:33.321,0.2,buy,6224.46,BTC-31MAY19-6000-P,65.04,0.045,0.2,2,1557457233321,19300244,65
2019-05-10 03:16:15.385,0.4,buy,6288.84,BTC-31MAY19-6000-P,68.62,0.044000000000000004,0.4,2,1557458175385,19303531,66
2019-05-10 03:16:15.385,0.6,buy,6288.84,BTC-31MAY19-6000-P,68.62,0.044000000000000004,0.6,3,1557458175385,19303532,67
2019-05-10 03:36:29.085,1.0,buy,6283.42,BTC-31MAY19-6000-P,68.26,0.044000000000000004,1.0,3,1557459389085,19309085,68
2019-05-10 06:51:06.307,0.1,buy,6276.25,BTC-31MAY19-6000-P,69.63,0.0455,0.1,0,1557471066307,19327738,69
2019-05-10 06:51:27.499,0.1,buy,6274.35,BTC-31MAY19-6000-P,68.94,0.045,0.1,2,1557471087499,19327752,70
2019-05-10 09:07:53.578,1.0,sell,6278.86,BTC-31MAY19-6000-P,66.63,0.0425,1.0,2,1557479273578,19344450,71
2019-05-10 15:56:31.869,0.4,sell,6309.01,BTC-31MAY19-6000-P,69.8,0.043,0.4,0,1557503791869,19366968,72
2019-05-10 15:56:33.017,0.6,sell,6307.59,BTC-31MAY19-6000-P,69.7,0.043,0.6,1,1557503793017,19366970,73
2019-05-10 16:15:37.453,0.2,sell,6360.36,BTC-31MAY19-6000-P,68.78,0.039,0.2,2,1557504937453,19371104,74
2019-05-10 17:31:33.008,10.0,buy,6394.12,BTC-31MAY19-6000-P,69.36,0.0375,10.0,2,1557509493008,19385434,75
2019-05-10 18:04:21.952,4.6000000000000005,sell,6413.57,BTC-31MAY19-6000-P,65.91,0.0335,4.6000000000000005,2,1557511461952,19387258,77
2019-05-10 18:04:21.952,0.4,sell,6413.57,BTC-31MAY19-6000-P,67.7,0.035,0.4,2,1557511461952,19387257,76
2019-05-10 18:05:00.752,0.4,sell,6413.15,BTC-31MAY19-6000-P,66.48,0.034,0.4,0,1557511500752,19387298,78
2019-05-10 18:05:00.755,4.6000000000000005,buy,6413.15,BTC-31MAY19-6000-P,66.48,0.034,4.6000000000000005,1,1557511500755,19387299,79
2019-05-10 20:53:36.975,1.0,sell,6267.71,BTC-31MAY19-6000-P,70.56,0.046,1.0,0,1557521616975,19404954,80
2019-05-10 21:06:21.275,1.0,sell,6298.27,BTC-31MAY19-6000-P,69.4,0.043,1.0,2,1557522381275,19407041,81
2019-05-10 22:40:48.088,0.4,sell,6364.72,BTC-31MAY19-6000-P,66.6,0.0365,0.4,2,1557528048088,19412674,82
2019-05-10 22:41:00.027,0.4,sell,6365.08,BTC-31MAY19-6000-P,67.21,0.037000000000000005,0.4,0,1557528060027,19412706,83
2019-05-10 23:51:28.492,0.2,buy,6348.57,BTC-31MAY19-6000-P,71.99,0.042,0.2,0,1557532288492,19416063,84
2019-05-11 01:37:09.749,0.4,sell,6411.82,BTC-31MAY19-6000-P,66.31,0.0335,0.4,2,1557538629749,19420607,85
2019-05-11 01:37:09.749,1.6,sell,6411.82,BTC-31MAY19-6000-P,65.7,0.033,1.6,2,1557538629749,19420608,86
2019-05-11 02:00:34.497,10.0,sell,6486.7,BTC-31MAY19-6000-P,66.69,0.03,10.0,2,1557540034497,19424925,87
2019-05-11 02:10:00.978,0.3,buy,6467.1,BTC-31MAY19-6000-P,71.08,0.0345,0.3,0,1557540600978,19426790,88
2019-05-11 02:11:44.779,0.1,buy,6480.07,BTC-31MAY19-6000-P,71.89,0.0345,0.1,1,1557540704779,19426935,89
2019-05-11 02:11:44.779,0.3,buy,6480.07,BTC-31MAY19-6000-P,71.89,0.0345,0.3,1,1557540704779,19426936,90
2019-05-11 03:44:19.003,1.4,sell,6566.94,BTC-31MAY19-6000-P,70.3,0.028999999999999998,1.4,2,1557546259003,19439212,91
2019-05-11 05:04:43.249,0.4,sell,6674.76,BTC-31MAY19-6000-P,72.45,0.026000000000000002,0.4,2,1557551083249,19463539,92
2019-05-11 05:15:54.236,11.6,sell,6692.74,BTC-31MAY19-6000-P,73.44,0.026000000000000002,11.6,3,1557551754236,19465190,93
2019-05-11 05:28:16.955,0.4,buy,6691.95,BTC-31MAY19-6000-P,75.48,0.0275,0.4,1,1557552496955,19468488,96
2019-05-11 05:28:16.955,0.2,buy,6691.95,BTC-31MAY19-6000-P,74.79,0.027000000000000003,0.2,0,1557552496955,19468486,94
2019-05-11 05:28:16.955,0.4,buy,6691.95,BTC-31MAY19-6000-P,75.48,0.0275,0.4,0,1557552496955,19468487,95
2019-05-11 06:09:03.592,0.4,sell,6817.89,BTC-31MAY19-6000-P,74.27,0.022000000000000002,0.4,2,1557554943592,19481024,97
2019-05-11 06:24:14.669,0.1,sell,6916.73,BTC-31MAY19-6000-P,76.03,0.02,0.1,2,1557555854669,19493304,98
2019-05-11 06:30:02.008,0.4,sell,6955.12,BTC-31MAY19-6000-P,72.94,0.017,0.4,2,1557556202008,19498544,99
2019-05-11 07:34:49.400,0.4,buy,6842.73,BTC-31MAY19-6000-P,77.87,0.0235,0.4,0,1557560089400,19526085,100
2019-05-11 09:10:30.702,1.0,buy,6719.37,BTC-31MAY19-6000-P,73.77,0.025,1.0,0,1557565830702,19542000,101
2019-05-11 09:45:49.679,1.0,sell,6802.38,BTC-31MAY19-6000-P,73.02,0.0215,1.0,2,1557567949679,19545394,102
2019-05-11 11:07:14.866,1.0,buy,6815.14,BTC-31MAY19-6000-P,81.86,0.027000000000000003,1.0,0,1557572834866,19554708,103
2019-05-11 11:37:21.434,1.0,buy,6828.89,BTC-31MAY19-6000-P,83.35,0.0275,1.0,0,1557574641434,19557301,104
2019-05-11 12:09:22.855,0.3,buy,6761.3,BTC-31MAY19-6000-P,80.49,0.027999999999999997,0.3,0,1557576562855,19560283,105
2019-05-11 12:15:14.814,0.2,buy,6740.6,BTC-31MAY19-6000-P,86.93,0.0335,0.2,0,1557576914814,19561979,106
2019-05-11 13:03:08.167,0.4,sell,6781.99,BTC-31MAY19-6000-P,80.27,0.027000000000000003,0.4,2,1557579788167,19566347,107
2019-05-11 13:13:28.940,0.4,sell,6800.32,BTC-31MAY19-6000-P,79.09,0.0255,0.4,2,1557580408940,19567007,108
2019-05-11 13:13:28.942,0.6,buy,6800.32,BTC-31MAY19-6000-P,79.09,0.0255,0.6,3,1557580408942,19567008,109
2019-05-11 13:35:08.418,5.0,buy,6805.16,BTC-31MAY19-6000-P,78.65,0.025,5.0,2,1557581708418,19568337,110
2019-05-11 13:35:56.770,54.1,sell,6802.21,BTC-31MAY19-6000-P,77.77,0.0245,54.1,2,1557581756770,19568382,111
2019-05-11 13:35:56.770,15.9,sell,6802.21,BTC-31MAY19-6000-P,77.77,0.0245,15.9,3,1557581756770,19568383,112
2019-05-11 15:13:10.095,2.0,sell,6783.7,BTC-31MAY19-6000-P,73.25,0.022000000000000002,2.0,2,1557587590095,19577203,114
2019-05-11 15:13:10.095,0.4,sell,6783.7,BTC-31MAY19-6000-P,74.73,0.023,0.4,2,1557587590095,19577202,113
2019-05-11 15:38:42.096,1.0,buy,6860.76,BTC-31MAY19-6000-P,77.17,0.022000000000000002,1.0,3,1557589122096,19583366,115
2019-05-11 16:00:30.856,10.0,buy,6948.27,BTC-31MAY19-6000-P,80.71,0.0215,10.0,2,1557590430856,19589370,116
2019-05-11 16:00:30.856,5.0,buy,6948.27,BTC-31MAY19-6000-P,80.71,0.0215,5.0,3,1557590430856,19589371,117
2019-05-11 16:04:35.116,0.7000000000000001,sell,6900.22,BTC-31MAY19-6000-P,77.6,0.021,0.7000000000000001,2,1557590675116,19591807,118
2019-05-11 16:20:54.093,2.4,buy,6973.74,BTC-31MAY19-6000-P,87.46,0.025,2.4,0,1557591654093,19600564,119
2019-05-11 20:11:20.028,1.0,sell,6969.83,BTC-31MAY19-6000-P,82.12,0.0215,1.0,2,1557605480028,19635211,120
2019-05-11 20:31:54.825,1.0,sell,6920.89,BTC-31MAY19-6000-P,79.77,0.0215,1.0,3,1557606714825,19636427,121
2019-05-11 20:51:21.061,2.0,sell,6973.64,BTC-31MAY19-6000-P,81.55,0.021,2.0,2,1557607881061,19637890,122
2019-05-11 20:51:57.568,2.0,sell,6969.99,BTC-31MAY19-6000-P,80.57,0.0205,2.0,2,1557607917568,19637917,123
2019-05-11 21:47:46.888,2.0,sell,7018.15,BTC-31MAY19-6000-P,82.11,0.02,2.0,2,1557611266888,19642018,124
2019-05-11 23:16:28.649,0.1,sell,7391.01,BTC-31MAY19-6000-P,98.05,0.0195,0.1,2,1557616588649,19702874,125
2019-05-11 23:50:33.467,0.3,buy,7319.17,BTC-31MAY19-6000-P,100.38,0.0225,0.3,0,1557618633467,19724291,126
2019-05-12 00:26:35.692,0.4,buy,7230.31,BTC-31MAY19-6000-P,104.76,0.0275,0.4,0,1557620795692,19742298,127
2019-05-12 00:27:12.623,0.4,buy,7227.31,BTC-31MAY19-6000-P,106.23,0.0285,0.4,0,1557620832623,19742439,128
2019-05-12 00:27:12.623,0.4,buy,7227.31,BTC-31MAY19-6000-P,124.01,0.04,0.4,0,1557620832623,19742440,129
2019-05-12 00:27:17.305,0.4,sell,7223.06,BTC-31MAY19-6000-P,98.63,0.024,0.4,2,1557620837305,19742461,130
2019-05-12 00:34:26.763,0.4,sell,7094.06,BTC-31MAY19-6000-P,96.55,0.0265,0.4,0,1557621266763,19751169,131
2019-05-12 00:34:57.247,0.4,sell,7094.35,BTC-31MAY19-6000-P,94.18,0.025,0.4,2,1557621297247,19751447,132
2019-05-12 00:36:41.223,0.4,sell,7080.6,BTC-31MAY19-6000-P,93.51,0.025,0.4,3,1557621401223,19752465,133
2019-05-12 00:39:22.097,0.4,sell,6984.2,BTC-31MAY19-6000-P,94.14,0.0285,0.4,0,1557621562097,19756667,134
2019-05-12 00:40:20.609,0.4,sell,6986.83,BTC-31MAY19-6000-P,102.44,0.034,0.4,0,1557621620609,19757568,135
2019-05-12 00:40:36.283,0.4,buy,7000.17,BTC-31MAY19-6000-P,152.56,0.07,0.4,0,1557621636283,19757835,137
2019-05-12 00:40:36.283,0.4,buy,7000.17,BTC-31MAY19-6000-P,103.89,0.0345,0.4,0,1557621636283,19757834,136
2019-05-12 00:41:18.544,0.4,buy,7027.47,BTC-31MAY19-6000-P,105.34,0.0345,0.4,2,1557621678544,19758318,138
2019-05-12 00:41:31.767,0.4,sell,7031.48,BTC-31MAY19-6000-P,106.29,0.035,0.4,0,1557621691767,19758553,139
2019-05-12 00:41:44.756,0.4,buy,7034.11,BTC-31MAY19-6000-P,106.43,0.035,0.4,1,1557621704756,19758669,140
2019-05-12 00:41:45.205,0.4,sell,7035.42,BTC-31MAY19-6000-P,95.22,0.0275,0.4,2,1557621705205,19758670,141
2019-05-12 00:41:46.227,0.4,sell,7034.78,BTC-31MAY19-6000-P,95.96,0.027999999999999997,0.4,0,1557621706227,19758686,142
2019-05-12 00:41:46.430,0.4,sell,7034.78,BTC-31MAY19-6000-P,95.96,0.027999999999999997,0.4,1,1557621706430,19758690,143
2019-05-12 00:42:05.779,0.4,buy,7053.32,BTC-31MAY19-6000-P,104.49,0.033,0.4,0,1557621725779,19758904,144
2019-05-12 00:42:05.779,1.2,buy,7053.32,BTC-31MAY19-6000-P,142.53,0.06,1.2,0,1557621725779,19758905,145
2019-05-12 00:44:39.563,0.4,sell,7066.07,BTC-31MAY19-6000-P,97.54,0.027999999999999997,0.4,2,1557621879563,19760882,146
2019-05-12 00:53:42.400,1.0,sell,7098.03,BTC-31MAY19-6000-P,100.71,0.028999999999999998,1.0,0,1557622422400,19764380,147
2019-05-12 01:03:00.846,0.4,sell,7084.29,BTC-31MAY19-6000-P,100.81,0.0295,0.4,0,1557622980846,19768264,148
2019-05-12 01:03:07.169,0.4,sell,7082.85,BTC-31MAY19-6000-P,100.73,0.0295,0.4,1,1557622987169,19768272,149
2019-05-12 01:03:26.106,0.4,sell,7082.53,BTC-31MAY19-6000-P,100.72,0.0295,0.4,1,1557623006106,19768354,150
2019-05-12 05:49:28.169,1.0,sell,7372.32,BTC-31MAY19-6000-P,104.3,0.023,1.0,2,1557640168169,19815502,151
2019-05-12 06:45:31.876,0.4,sell,7377.01,BTC-31MAY19-6000-P,102.83,0.022000000000000002,0.4,2,1557643531876,19826182,152
2019-05-12 07:35:45.827,0.4,sell,7512.46,BTC-31MAY19-6000-P,103.13,0.019,0.4,2,1557646545827,19837314,153
2019-05-12 07:36:30.277,15.5,sell,7522.16,BTC-31MAY19-6000-P,102.55,0.0185,15.5,3,1557646590277,19837444,155
2019-05-12 07:36:30.277,0.5,sell,7522.16,BTC-31MAY19-6000-P,102.55,0.0185,0.5,2,1557646590277,19837443,154
2019-05-12 07:40:53.710,0.5,sell,7531.98,BTC-31MAY19-6000-P,99.96,0.017,0.5,2,1557646853710,19838457,156
2019-05-12 07:46:25.208,0.5,sell,7508.24,BTC-31MAY19-6000-P,101.01,0.018000000000000002,0.5,0,1557647185208,19839985,157
2019-05-12 07:49:12.696,0.5,sell,7517.6,BTC-31MAY19-6000-P,97.34,0.016,0.5,2,1557647352696,19840595,158
2019-05-12 07:49:13.265,0.5,sell,7518.77,BTC-31MAY19-6000-P,97.39,0.016,0.5,3,1557647353265,19840598,159
2019-05-12 09:03:10.281,7.0,sell,7434.0,BTC-31MAY19-6000-P,100.94,0.0195,7.0,0,1557651790281,19870624,160
2019-05-12 09:22:43.264,1.0,sell,7507.01,BTC-31MAY19-6000-P,94.99,0.015,1.0,2,1557652963264,19874816,161
2019-05-12 11:44:10.888,1.6,sell,7115.05,BTC-31MAY19-6000-P,93.04,0.023,1.6,0,1557661450888,19947163,162
2019-05-12 11:46:59.708,1.0,sell,7126.38,BTC-31MAY19-6000-P,93.58,0.023,1.0,1,1557661619708,19948391,163
2019-05-12 11:47:45.927,7.4,sell,7110.79,BTC-31MAY19-6000-P,92.84,0.023,7.4,1,1557661665927,19948720,164
2019-05-12 12:00:11.859,0.1,sell,7186.88,BTC-31MAY19-6000-P,92.14,0.0205,0.1,2,1557662411859,19954091,165
2019-05-12 12:52:52.694,0.3,buy,7151.03,BTC-31MAY19-6000-P,95.72,0.0235,0.3,0,1557665572694,19968999,166
2019-05-12 12:58:09.782,0.6,sell,7165.7,BTC-31MAY19-6000-P,83.09,0.016,0.6,2,1557665889782,19969949,168
2019-05-12 12:58:09.782,0.4,sell,7165.7,BTC-31MAY19-6000-P,85.89,0.0175,0.4,2,1557665889782,19969948,167
2019-05-12 14:49:27.938,0.4,sell,7014.36,BTC-31MAY19-6000-P,84.31,0.0205,0.4,0,1557672567938,19991281,169
2019-05-12 14:49:47.102,1.0,sell,7034.0,BTC-31MAY19-6000-P,84.41,0.02,1.0,2,1557672587102,19991653,170
2019-05-12 14:51:52.936,1.0,sell,7028.22,BTC-31MAY19-6000-P,84.14,0.02,1.0,3,1557672712936,19992599,171
2019-05-12 14:55:19.985,1.0,sell,7013.75,BTC-31MAY19-6000-P,83.45,0.02,1.0,3,1557672919985,19993642,172
2019-05-12 14:56:43.828,1.0,sell,6992.35,BTC-31MAY19-6000-P,82.42,0.02,1.0,3,1557673003828,19995671,173
2019-05-12 14:59:06.824,0.4,sell,6926.48,BTC-31MAY19-6000-P,81.67,0.0215,0.4,0,1557673146824,19997644,174
2019-05-12 14:59:08.009,0.4,sell,6926.92,BTC-31MAY19-6000-P,81.69,0.0215,0.4,1,1557673148009,19997696,175
2019-05-12 15:23:52.888,0.5,buy,6981.98,BTC-31MAY19-6000-P,86.9,0.023,0.5,0,1557674632888,20007386,176
2019-05-12 16:09:18.116,1.0,sell,6960.82,BTC-31MAY19-6000-P,82.66,0.021,1.0,2,1557677358116,20023372,177
2019-05-12 17:00:41.846,0.4,sell,6846.21,BTC-31MAY19-6000-P,80.91,0.0235,0.4,0,1557680441846,20034030,178
2019-05-12 17:41:27.533,0.4,sell,6882.77,BTC-31MAY19-6000-P,80.51,0.022000000000000002,0.4,2,1557682887533,20043471,179
2019-05-12 21:31:39.450,0.4,sell,7116.31,BTC-31MAY19-6000-P,83.56,0.017,0.4,2,1557696699450,20083892,180
2019-05-12 22:26:09.742,0.1,buy,6955.37,BTC-31MAY19-6000-P,82.98,0.021,0.1,0,1557699969742,20092575,181
2019-05-12 22:26:51.568,16.0,buy,6959.86,BTC-31MAY19-6000-P,87.28,0.0235,16.0,0,1557700011568,20092754,182
2019-05-12 23:03:04.798,0.4,sell,6944.45,BTC-31MAY19-6000-P,85.75,0.023,0.4,2,1557702184798,20101832,183
2019-05-12 23:03:06.509,0.4,sell,6942.61,BTC-31MAY19-6000-P,84.04,0.022000000000000002,0.4,2,1557702186509,20101849,184
2019-05-12 23:03:06.978,0.4,sell,6942.61,BTC-31MAY19-6000-P,84.04,0.022000000000000002,0.4,3,1557702186978,20101851,185
2019-05-12 23:03:07.584,0.4,sell,6941.56,BTC-31MAY19-6000-P,83.99,0.022000000000000002,0.4,3,1557702187584,20101854,186
2019-05-12 23:03:08.253,0.4,sell,6939.96,BTC-31MAY19-6000-P,83.91,0.022000000000000002,0.4,3,1557702188253,20101861,187
2019-05-13 01:06:05.021,0.1,buy,7047.09,BTC-31MAY19-6000-P,89.43,0.022000000000000002,0.1,3,1557709565021,20117050,188
2019-05-13 03:24:54.414,0.4,sell,7070.65,BTC-31MAY19-6000-P,82.02,0.017,0.4,2,1557717894414,20126197,189
2019-05-13 04:07:36.018,0.4,buy,7012.4,BTC-31MAY19-6000-P,87.19,0.0215,0.4,0,1557720456018,20127868,190
2019-05-13 04:07:36.018,70.0,buy,7012.4,BTC-31MAY19-6000-P,88.03,0.022000000000000002,70.0,0,1557720456018,20127869,191
2019-05-13 04:35:47.808,0.4,sell,7026.66,BTC-31MAY19-6000-P,83.64,0.019,0.4,2,1557722147808,20129019,192
2019-05-13 06:27:36.160,0.1,sell,7065.43,BTC-31MAY19-6000-P,82.07,0.017,0.1,2,1557728856160,20138336,193
2019-05-13 08:47:55.840,0.4,sell,7063.09,BTC-31MAY19-6000-P,85.79,0.019,0.4,0,1557737275840,20146247,194
2019-05-13 14:22:56.564,1.0,sell,7447.29,BTC-31MAY19-6000-P,91.28,0.013000000000000001,1.0,2,1557757376564,20191930,195
2019-05-13 14:23:01.687,3.0,buy,7448.28,BTC-31MAY19-6000-P,91.32,0.013000000000000001,3.0,3,1557757381687,20191934,196
2019-05-13 15:11:36.245,1.0,sell,7728.96,BTC-31MAY19-6000-P,99.99,0.012,1.0,2,1557760296245,20213364,197
2019-05-13 15:20:14.308,1.0,sell,7765.57,BTC-31MAY19-6000-P,98.8,0.011000000000000001,1.0,2,1557760814308,20228378,198
2019-05-13 15:20:22.481,2.0,buy,7779.73,BTC-31MAY19-6000-P,99.32,0.011000000000000001,2.0,3,1557760822481,20228687,199
2019-05-13 15:43:47.711,0.3,sell,7741.22,BTC-31MAY19-6000-P,99.24,0.0115,0.3,0,1557762227711,20242810,200
2019-05-13 15:55:48.579,1.1,buy,7818.68,BTC-31MAY19-6000-P,105.97,0.013000000000000001,1.1,0,1557762948579,20246734,201
2019-05-13 16:17:14.898,0.1,sell,7826.01,BTC-31MAY19-6000-P,99.78,0.0105,0.1,2,1557764234898,20257248,202
2019-05-13 16:58:08.830,0.4,buy,7911.62,BTC-31MAY19-6000-P,106.99,0.012,0.4,0,1557766688830,20270589,203
2019-05-13 16:58:48.878,0.1,sell,7906.55,BTC-31MAY19-6000-P,102.75,0.0105,0.1,2,1557766728878,20270791,204
2019-05-13 18:48:38.307,0.1,sell,7863.03,BTC-31MAY19-6000-P,100.02,0.01,0.1,3,1557773318307,20294182,206
2019-05-13 18:48:38.307,1.0,sell,7863.03,BTC-31MAY19-6000-P,100.02,0.01,1.0,2,1557773318307,20294181,205
2019-05-13 19:00:13.385,0.9,sell,7863.18,BTC-31MAY19-6000-P,100.05,0.01,0.9,3,1557774013385,20294865,207
2019-05-13 20:40:47.613,1.0,buy,7885.79,BTC-31MAY19-6000-P,105.19,0.0115,1.0,0,1557780047613,20308119,208
2019-05-13 21:35:46.740,0.5,buy,8107.5,BTC-31MAY19-6000-P,105.87,0.009000000000000001,0.5,2,1557783346740,20324162,209
2019-05-13 22:12:41.399,3.0,buy,8097.35,BTC-31MAY19-6000-P,111.58,0.011000000000000001,3.0,0,1557785561399,20333940,210
2019-05-13 23:09:43.403,1.0,buy,7720.43,BTC-31MAY19-6000-P,104.33,0.0135,1.0,0,1557788983403,20353168,211
2019-05-13 23:50:42.294,60.0,buy,7850.92,BTC-31MAY19-6000-P,113.13,0.015,60.0,0,1557791442294,20369471,212
2019-05-13 23:50:42.294,2.9,buy,7850.92,BTC-31MAY19-6000-P,113.13,0.015,2.9,1,1557791442294,20369472,213
2019-05-13 23:50:42.297,0.1,sell,7850.92,BTC-31MAY19-6000-P,113.13,0.015,0.1,1,1557791442297,20369473,214
2019-05-13 23:52:42.309,50.0,buy,7841.61,BTC-31MAY19-6000-P,115.14,0.016,50.0,0,1557791562309,20369906,215
2019-05-14 01:28:02.718,1.7,sell,8012.26,BTC-31MAY19-6000-P,107.57,0.0105,1.7,2,1557797282718,20387977,216
2019-05-14 02:01:26.945,0.3,sell,7958.94,BTC-31MAY19-6000-P,105.75,0.0105,0.3,3,1557799286945,20396047,217
2019-05-14 02:34:25.855,0.5,sell,7946.28,BTC-31MAY19-6000-P,97.85,0.008,0.5,2,1557801265855,20400645,218
2019-05-14 05:40:38.089,30.0,sell,8030.42,BTC-31MAY19-6000-P,101.08,0.008,30.0,3,1557812438089,20427702,219
2019-05-14 08:02:45.601,2.0,sell,8264.38,BTC-31MAY19-6000-P,107.38,0.0075,2.0,2,1557820965601,20461713,220
2019-05-14 12:11:04.683,1.0,sell,8168.98,BTC-31MAY19-6000-P,109.86,0.009000000000000001,1.0,0,1557835864683,20510752,221
2019-05-14 13:12:49.075,2.2,buy,8122.32,BTC-31MAY19-6000-P,109.99,0.0095,2.2,0,1557839569075,20520865,222
2019-05-14 14:29:12.367,0.1,buy,8082.28,BTC-31MAY19-6000-P,117.53,0.0125,0.1,0,1557844152367,20529439,223
2019-05-14 15:27:41.153,0.1,buy,8071.42,BTC-31MAY19-6000-P,106.96,0.009000000000000001,0.1,2,1557847661153,20539780,224
2019-05-14 17:57:45.431,0.5,buy,8033.37,BTC-31MAY19-6000-P,102.73,0.008,0.5,2,1557856665431,20570708,225
2019-05-14 17:57:45.460,0.5,buy,8033.37,BTC-31MAY19-6000-P,102.73,0.008,0.5,3,1557856665460,20570709,226
2019-05-14 17:57:45.505,0.5,buy,8033.37,BTC-31MAY19-6000-P,102.73,0.008,0.5,3,1557856665505,20570710,227
2019-05-14 19:26:04.695,1.7,buy,7758.1,BTC-31MAY19-6000-P,103.3,0.0115,1.7,0,1557861964695,20597294,228
2019-05-14 19:41:43.817,1.0,sell,7742.22,BTC-31MAY19-6000-P,104.04,0.012,1.0,0,1557862903817,20600507,229
2019-05-15 01:59:04.174,1.0,sell,8007.36,BTC-31MAY19-6000-P,109.23,0.01,1.0,2,1557885544174,20658933,230
2019-05-15 01:59:05.511,1.0,sell,8008.62,BTC-31MAY19-6000-P,109.27,0.01,1.0,3,1557885545511,20658942,231
2019-05-15 01:59:30.396,1.0,sell,8010.61,BTC-31MAY19-6000-P,109.34,0.01,1.0,3,1557885570396,20658967,232
2019-05-15 01:59:31.275,1.0,sell,8010.61,BTC-31MAY19-6000-P,109.34,0.01,1.0,3,1557885571275,20658968,233
2019-05-15 01:59:42.386,6.0,sell,8014.14,BTC-31MAY19-6000-P,109.47,0.01,6.0,3,1557885582386,20658986,234
2019-05-15 05:07:18.258,5.0,sell,8019.84,BTC-31MAY19-6000-P,103.73,0.008,5.0,2,1557896838258,20668837,235
2019-05-15 19:10:40.796,0.1,buy,8176.59,BTC-31MAY19-6000-P,107.49,0.006999999999999999,0.1,2,1557947440796,20761464,236
2019-05-16 15:33:45.634,0.1,sell,8005.06,BTC-31MAY19-6000-P,104.52,0.006999999999999999,0.1,3,1558020825634,20944237,237
2019-05-17 03:01:29.356,0.1,buy,7220.1,BTC-31MAY19-6000-P,91.44,0.013000000000000001,0.1,0,1558062089356,21029810,238
2019-05-17 03:09:13.934,1.0,buy,6813.81,BTC-31MAY19-6000-P,101.78,0.03,1.0,0,1558062553934,21046639,239
2019-05-17 03:09:14.692,1.0,buy,6815.7,BTC-31MAY19-6000-P,101.91,0.03,1.0,1,1558062554692,21046696,240
2019-05-17 03:09:27.162,1.0,buy,6800.46,BTC-31MAY19-6000-P,100.93,0.03,1.0,1,1558062567162,21047568,241
2019-05-17 03:09:35.480,1.0,buy,6758.79,BTC-31MAY19-6000-P,99.88,0.031,1.0,0,1558062575480,21048036,242
2019-05-17 03:09:36.241,1.0,sell,6745.76,BTC-31MAY19-6000-P,103.04,0.0335,1.0,0,1558062576241,21048115,243
2019-05-17 03:09:36.999,1.0,sell,6745.76,BTC-31MAY19-6000-P,103.84,0.034,1.0,0,1558062576999,21048182,244
2019-05-17 03:41:38.569,2.0,sell,7244.11,BTC-31MAY19-6000-P,91.47,0.0125,2.0,2,1558064498569,21081924,245
2019-05-17 04:51:11.156,70.0,sell,7228.58,BTC-31MAY19-6000-P,92.09,0.013000000000000001,70.0,0,1558068671156,21104433,246
2019-05-17 05:02:48.164,2.0,buy,7226.99,BTC-31MAY19-6000-P,100.03,0.0165,2.0,0,1558069368164,21108076,247
2019-05-17 05:54:26.720,3.0,buy,7193.62,BTC-31MAY19-6000-P,98.48,0.0165,3.0,1,1558072466720,21115331,248
2019-05-17 05:59:08.546,3.0,buy,7130.25,BTC-31MAY19-6000-P,96.32,0.017,3.0,0,1558072748546,21116741,249
2019-05-17 06:01:37.673,3.5,buy,7103.05,BTC-31MAY19-6000-P,97.0,0.018000000000000002,3.5,0,1558072897673,21117641,250
2019-05-17 06:25:26.168,1.0,buy,7161.78,BTC-31MAY19-6000-P,100.13,0.018000000000000002,1.0,1,1558074326168,21121611,251
2019-05-17 06:40:45.716,0.5,buy,7132.29,BTC-31MAY19-6000-P,98.63,0.018000000000000002,0.5,1,1558075245716,21123223,252
2019-05-17 07:10:07.690,0.5,sell,7272.26,BTC-31MAY19-6000-P,89.49,0.011000000000000001,0.5,2,1558077007690,21125706,253
2019-05-17 07:24:00.050,1.0,buy,7288.52,BTC-31MAY19-6000-P,102.32,0.016,1.0,0,1558077840050,21126903,254
2019-05-17 07:37:48.519,1.0,buy,7303.88,BTC-31MAY19-6000-P,107.58,0.018000000000000002,1.0,0,1558078668519,21127639,255
2019-05-17 07:37:48.521,12.1,sell,7303.88,BTC-31MAY19-6000-P,107.58,0.018000000000000002,12.1,1,1558078668521,21127640,256
2019-05-17 07:38:02.550,12.0,sell,7303.62,BTC-31MAY19-6000-P,107.57,0.018000000000000002,12.0,1,1558078682550,21127641,257
2019-05-17 07:38:06.678,7.7,sell,7305.44,BTC-31MAY19-6000-P,107.66,0.018000000000000002,7.7,1,1558078686678,21127642,258
2019-05-17 07:38:18.519,5.2,sell,7307.0,BTC-31MAY19-6000-P,107.74,0.018000000000000002,5.2,1,1558078698519,21127646,259
2019-05-17 07:38:23.263,5.5,sell,7308.49,BTC-31MAY19-6000-P,107.81,0.018000000000000002,5.5,1,1558078703263,21127647,260
2019-05-17 07:38:28.042,3.8,sell,7309.11,BTC-31MAY19-6000-P,107.84,0.018000000000000002,3.8,1,1558078708042,21127651,261
2019-05-17 07:38:29.600,2.0,sell,7309.1,BTC-31MAY19-6000-P,107.84,0.018000000000000002,2.0,1,1558078709600,21127656,262
2019-05-17 07:38:30.735,0.7000000000000001,sell,7309.2,BTC-31MAY19-6000-P,107.85,0.018000000000000002,0.7000000000000001,1,1558078710735,21127658,263
2019-05-17 11:42:09.788,2.0,buy,7129.95,BTC-31MAY19-6000-P,103.38,0.02,2.0,0,1558093329788,21152425,264
2019-05-17 12:26:38.228,0.1,buy,6929.74,BTC-31MAY19-6000-P,105.29,0.027000000000000003,0.1,0,1558095998228,21165672,265
2019-05-17 13:23:40.547,1.8,sell,7109.61,BTC-31MAY19-6000-P,100.5,0.019,1.8,2,1558099420547,21176213,266
2019-05-17 13:43:13.398,0.1,sell,7156.06,BTC-31MAY19-6000-P,100.93,0.018000000000000002,0.1,2,1558100593398,21177896,267
2019-05-17 13:59:41.339,1.0,sell,7160.34,BTC-31MAY19-6000-P,101.2,0.018000000000000002,1.0,3,1558101581339,21178898,268
2019-05-17 14:00:34.489,1.0,sell,7196.07,BTC-31MAY19-6000-P,100.9,0.017,1.0,2,1558101634489,21179466,269
2019-05-17 15:15:27.460,0.1,buy,7169.94,BTC-31MAY19-6000-P,111.19,0.0225,0.1,0,1558106127460,21186160,270
2019-05-17 15:19:24.583,0.1,sell,7176.01,BTC-31MAY19-6000-P,101.15,0.0175,0.1,2,1558106364583,21186358,271
2019-05-17 15:20:26.879,0.2,sell,7175.29,BTC-31MAY19-6000-P,101.11,0.0175,0.2,3,1558106426879,21186378,272
2019-05-17 17:08:31.781,246.3,buy,7061.66,BTC-31MAY19-6000-P,111.19,0.0255,246.3,1,1558112911781,21202777,275
2019-05-17 17:08:31.781,0.4,buy,7061.66,BTC-31MAY19-6000-P,111.19,0.0255,0.4,0,1558112911781,21202776,274
2019-05-17 17:08:31.781,3.3000000000000003,buy,7061.66,BTC-31MAY19-6000-P,110.24,0.025,3.3000000000000003,0,1558112911781,21202775,273
2019-05-17 17:42:46.229,0.4,sell,7077.31,BTC-31MAY19-6000-P,102.45,0.0205,0.4,2,1558114966229,21208534,276
2019-05-17 18:38:23.885,0.1,sell,7079.89,BTC-31MAY19-6000-P,105.73,0.022000000000000002,0.1,0,1558118303885,21218212,277
2019-05-17 20:31:50.279,0.3,sell,7069.53,BTC-31MAY19-6000-P,100.43,0.0195,0.3,2,1558125110279,21229524,278
2019-05-17 21:34:02.048,1.0,buy,7217.63,BTC-31MAY19-6000-P,109.71,0.02,1.0,0,1558128842048,21235815,279
2019-05-17 21:34:02.048,0.5,buy,7217.63,BTC-31MAY19-6000-P,109.71,0.02,0.5,1,1558128842048,21235816,280
2019-05-18 01:31:02.732,2.0,buy,7286.28,BTC-31MAY19-6000-P,110.76,0.0185,2.0,2,1558143062732,21257892,281
2019-05-18 02:10:53.661,3.0,sell,7311.33,BTC-31MAY19-6000-P,108.78,0.017,3.0,2,1558145453661,21260429,282
2019-05-18 17:48:14.422,3.0,buy,7295.81,BTC-31MAY19-6000-P,108.37,0.016,3.0,2,1558201694422,21311196,283
2019-05-19 01:54:35.485,2.1,sell,7589.0,BTC-31MAY19-6000-P,107.69,0.01,2.1,2,1558230875485,21340438,284
2019-05-19 06:23:45.327,10.0,buy,7939.48,BTC-31MAY19-6000-P,122.14,0.0095,10.0,2,1558247025327,21378971,285
2019-05-19 09:46:33.871,5.0,sell,7995.18,BTC-31MAY19-6000-P,113.49,0.0065,5.0,2,1558259193871,21388810,286
2019-05-19 10:25:45.086,50.0,sell,8114.94,BTC-31MAY19-6000-P,111.22,0.005,50.0,2,1558261545086,21396409,287
2019-05-19 23:06:11.786,0.5,sell,8271.74,BTC-31MAY19-6000-P,99.66,0.002,0.5,2,1558307171786,21475132,288
2019-05-19 23:11:27.561,0.5,sell,8250.6,BTC-31MAY19-6000-P,103.12,0.0025,0.5,0,1558307487561,21476512,289
2019-05-20 07:02:29.279,0.1,buy,7921.97,BTC-31MAY19-6000-P,99.84,0.0035,0.1,0,1558335749279,21537389,290
2019-05-20 14:49:03.011,9.6,sell,7778.74,BTC-31MAY19-6000-P,110.62,0.0065,9.6,0,1558363743011,21594448,291
2019-05-20 18:18:43.026,0.8,sell,7766.4,BTC-31MAY19-6000-P,114.99,0.0075,0.8,0,1558376323026,21608347,292
2019-05-20 23:50:36.349,1.0,buy,7983.31,BTC-31MAY19-6000-P,121.38,0.0065,1.0,2,1558396236349,21652103,293
2019-05-21 00:10:55.195,1.0,sell,8055.79,BTC-31MAY19-6000-P,117.04,0.005,1.0,2,1558397455195,21653391,294
2019-05-21 09:40:46.497,2.0,sell,7970.11,BTC-31MAY19-6000-P,103.83,0.003,2.0,2,1558431646497,21680434,295
2019-05-21 12:36:26.066,0.6,buy,7865.73,BTC-31MAY19-6000-P,96.87,0.0025,0.6,2,1558442186066,21691135,296
2019-05-21 18:32:42.413,3.1,sell,8008.14,BTC-31MAY19-6000-P,103.53,0.0025,3.1,3,1558463562413,21715939,297
2019-05-22 21:40:35.140,1.0,sell,7727.74,BTC-31MAY19-6000-P,102.48,0.003,1.0,0,1558561235140,21823463,298
2019-05-22 21:40:47.144,1.0,sell,7726.89,BTC-31MAY19-6000-P,102.44,0.003,1.0,1,1558561247144,21823489,299
2019-05-22 22:05:46.246,0.1,buy,7535.69,BTC-31MAY19-6000-P,97.33,0.0035,0.1,0,1558562746246,21832047,300
2019-05-22 22:33:10.518,2.0,buy,7673.1,BTC-31MAY19-6000-P,103.65,0.0035,2.0,1,1558564390518,21841882,301
2019-05-23 21:06:36.455,2.0,sell,7868.64,BTC-31MAY19-6000-P,101.35,0.0015,2.0,2,1558645596455,21934906,302
2019-05-24 08:40:11.883,4.0,buy,7996.9,BTC-31MAY19-6000-P,110.1,0.0015,4.0,3,1558687211883,21974677,303
2019-05-24 15:14:24.209,0.2,sell,8119.98,BTC-31MAY19-6000-P,110.0,0.001,0.2,2,1558710864209,21995946,304
2019-05-24 15:36:12.974,0.3,sell,8110.89,BTC-31MAY19-6000-P,109.77,0.001,0.3,3,1558712172974,21999052,305
2019-05-24 15:36:12.974,0.7000000000000001,sell,8110.89,BTC-31MAY19-6000-P,109.77,0.001,0.7000000000000001,3,1558712172974,21999053,306
2019-05-24 16:28:01.667,0.2,sell,8165.57,BTC-31MAY19-6000-P,112.2,0.001,0.2,3,1558715281667,22003254,307
2019-05-24 17:09:51.295,0.1,sell,8060.76,BTC-31MAY19-6000-P,108.34,0.001,0.1,3,1558717791295,22007126,308
2019-05-24 17:09:56.516,0.9,buy,8059.91,BTC-31MAY19-6000-P,108.3,0.001,0.9,3,1558717796516,22007178,309
2019-05-24 20:09:49.296,0.1,buy,8094.15,BTC-31MAY19-6000-P,118.19,0.0015,0.1,0,1558728589296,22016262,310
2019-05-26 12:42:14.669,1.0,buy,7961.17,BTC-31MAY19-6000-P,122.5,0.001,1.0,2,1558874534669,22102339,311
2019-05-26 12:42:14.669,4.0,buy,7961.17,BTC-31MAY19-6000-P,122.5,0.001,4.0,3,1558874534669,22102340,312
2019-05-26 19:27:06.780,0.8,sell,8146.28,BTC-31MAY19-6000-P,122.32,0.0005,0.8,2,1558898826780,22116776,313
2019-05-26 19:28:29.287,0.2,sell,8185.41,BTC-31MAY19-6000-P,124.03,0.0005,0.2,3,1558898909287,22118912,314
2019-05-30 22:47:34.534,0.1,sell,8285.09,BTC-31MAY19-6000-P,440.74,0.0005,0.1,3,1559256454534,22746816,315
