date_utc,amount,direction,indexPrice,instrument,iv,price,quantity,tickDirection,timeStamp,tradeId,tradeSeq
2019-04-08 06:23:20.189,4.0,sell,183.32,ETH-28JUN19-210-P,77.29,0.203,4.0,1,1554704600189,612276,1
2019-04-08 06:23:24.787,4.0,sell,183.35,ETH-28JUN19-210-P,76.83,0.20199999999999999,4.0,2,1554704604787,612277,2
2019-04-08 06:27:51.248,4.0,sell,182.99,ETH-28JUN19-210-P,75.9,0.203,4.0,0,1554704871248,612406,3
2019-04-08 06:28:00.063,4.0,sell,182.98,ETH-28JUN19-210-P,75.9,0.203,4.0,1,1554704880063,612410,4
2019-04-08 06:28:02.981,4.0,sell,182.98,ETH-28JUN19-210-P,0.0,0.001,4.0,2,1554704882981,612415,5
2019-04-08 06:28:06.258,4.0,sell,182.94,ETH-28JUN19-210-P,75.78,0.203,4.0,0,1554704886258,612416,6
2019-04-08 06:28:11.099,4.0,sell,182.93,ETH-28JUN19-210-P,75.72,0.203,4.0,1,1554704891099,612432,7
2019-04-08 06:28:19.429,1.0,sell,182.89,ETH-28JUN19-210-P,75.59,0.203,1.0,1,1554704899429,612433,8
2019-04-08 06:28:20.887,1.0,sell,182.89,ETH-28JUN19-210-P,0.0,0.001,1.0,2,1554704900887,612434,9
2019-04-08 06:28:22.332,1.0,sell,182.92,ETH-28JUN19-210-P,75.06,0.20199999999999999,1.0,0,1554704902332,612435,10
2019-04-08 06:28:23.669,1.0,sell,182.92,ETH-28JUN19-210-P,0.0,0.001,1.0,2,1554704903669,612436,11
2019-04-08 06:28:25.090,1.0,sell,182.9,ETH-28JUN19-210-P,0.0,0.001,1.0,3,1554704905090,612438,12
2019-04-08 06:28:26.548,1.0,sell,182.9,ETH-28JUN19-210-P,0.0,0.001,1.0,3,1554704906548,612439,13
2019-04-08 06:28:33.870,1.0,sell,182.9,ETH-28JUN19-210-P,75.06,0.20199999999999999,1.0,0,1554704913870,612440,14
2019-04-08 06:28:36.464,1.0,sell,182.91,ETH-28JUN19-210-P,0.0,0.001,1.0,2,1554704916464,612445,15
2019-04-08 06:28:41.847,1.0,sell,182.83,ETH-28JUN19-210-P,75.2,0.20199999999999999,1.0,0,1554704921847,612458,16
2019-04-08 06:28:44.086,1.0,sell,182.76,ETH-28JUN19-210-P,75.59,0.203,1.0,0,1554704924086,612463,17
2019-04-08 06:28:46.019,1.0,sell,182.73,ETH-28JUN19-210-P,0.0,0.001,1.0,2,1554704926019,612465,18
2019-04-08 06:28:48.240,1.0,sell,182.73,ETH-28JUN19-210-P,75.7,0.203,1.0,0,1554704928240,612469,19
2019-04-08 06:28:53.598,1.0,sell,182.73,ETH-28JUN19-210-P,75.39,0.20199999999999999,1.0,2,1554704933598,612474,20
2019-04-08 06:28:59.127,1.0,sell,182.78,ETH-28JUN19-210-P,75.57,0.20199999999999999,1.0,3,1554704939127,612475,21
2019-04-08 06:29:23.015,1.0,sell,182.64,ETH-28JUN19-210-P,75.59,0.20199999999999999,1.0,3,1554704963015,612488,22
2019-04-08 06:29:26.004,1.0,sell,182.65,ETH-28JUN19-210-P,75.55,0.20199999999999999,1.0,3,1554704966004,612489,23
2019-04-08 06:30:48.863,1.0,sell,182.62,ETH-28JUN19-210-P,75.78,0.20199999999999999,1.0,3,1554705048863,612576,24
2019-04-08 06:30:50.936,1.0,sell,182.62,ETH-28JUN19-210-P,75.74,0.20199999999999999,1.0,3,1554705050936,612577,25
2019-04-08 06:30:59.647,2.0,sell,182.71,ETH-28JUN19-210-P,75.88,0.20199999999999999,2.0,3,1554705059647,612578,26
2019-04-08 06:31:05.139,2.0,sell,182.7,ETH-28JUN19-210-P,75.82,0.20199999999999999,2.0,3,1554705065139,612579,27
2019-04-08 06:31:12.398,2.0,sell,182.65,ETH-28JUN19-210-P,75.7,0.20199999999999999,2.0,3,1554705072398,612585,28
2019-04-08 06:31:19.592,3.0,sell,182.65,ETH-28JUN19-210-P,75.72,0.20199999999999999,3.0,3,1554705079592,612589,29
2019-04-08 06:31:22.182,3.0,sell,182.64,ETH-28JUN19-210-P,75.72,0.20199999999999999,3.0,3,1554705082182,612590,30
2019-04-08 06:39:46.641,3.0,sell,181.54,ETH-28JUN19-210-P,75.03,0.20600000000000002,3.0,0,1554705586641,613058,31
2019-04-08 06:39:48.566,3.0,sell,181.53,ETH-28JUN19-210-P,75.01,0.20600000000000002,3.0,1,1554705588566,613061,32
2019-04-08 07:03:24.359,3.0,sell,182.01,ETH-28JUN19-210-P,75.39,0.204,3.0,2,1554707004359,614653,33
2019-04-08 07:03:26.648,3.0,sell,181.98,ETH-28JUN19-210-P,75.35,0.204,3.0,3,1554707006648,614656,34
2019-04-08 07:03:39.653,10.0,sell,181.86,ETH-28JUN19-210-P,75.06,0.204,10.0,3,1554707019653,614675,35
2019-04-08 07:03:46.973,10.0,sell,181.81,ETH-28JUN19-210-P,74.94,0.204,10.0,3,1554707026973,614684,36
2019-04-08 07:03:54.949,10.0,sell,181.92,ETH-28JUN19-210-P,74.65,0.203,10.0,2,1554707034949,614710,37
2019-04-08 07:03:59.303,10.0,sell,181.92,ETH-28JUN19-210-P,74.2,0.20199999999999999,10.0,2,1554707039303,614711,38
2019-04-08 07:04:02.580,10.0,sell,181.88,ETH-28JUN19-210-P,73.6,0.201,10.0,2,1554707042580,614725,39
2019-04-08 07:23:31.292,10.0,sell,179.99,ETH-28JUN19-210-P,74.11,0.21,10.0,0,1554708211292,617000,40
2019-04-08 08:59:00.700,30.0,sell,180.52,ETH-28JUN19-210-P,70.16,0.20199999999999999,30.0,2,1554713940700,621251,41
2019-04-08 09:00:33.865,30.0,sell,180.49,ETH-28JUN19-210-P,68.09,0.198,30.0,2,1554714033865,621275,42
