date_utc,amount,direction,indexPrice,instrument,iv,price,quantity,tickDirection,timeStamp,tradeId,tradeSeq
2019-04-08 06:23:20.189,4.0,sell,183.32,ETH-28JUN19-210-P,77.29,0.203,4.0,1,1554704600189,612276,1
2019-04-08 06:23:24.787,4.0,sell,183.35,ETH-28JUN19-210-P,76.83,0.20199999999999999,4.0,2,1554704604787,612277,2
2019-04-08 06:27:51.248,4.0,sell,182.99,ETH-28JUN19-210-P,75.9,0.203,4.0,0,1554704871248,612406,3
2019-04-08 06:28:00.063,4.0,sell,182.98,ETH-28JUN19-210-P,75.9,0.203,4.0,1,1554704880063,612410,4
2019-04-08 06:28:02.981,4.0,sell,182.98,ETH-28JUN19-210-P,0.0,0.001,4.0,2,1554704882981,612415,5
2019-04-08 06:28:06.258,4.0,sell,182.94,ETH-28JUN19-210-P,75.78,0.203,4.0,0,1554704886258,612416,6
2019-04-08 06:28:11.099,4.0,sell,182.93,ETH-28JUN19-210-P,75.72,0.203,4.0,1,1554704891099,612432,7
2019-04-08 06:28:19.429,1.0,sell,182.89,ETH-28JUN19-210-P,75.59,0.203,1.0,1,1554704899429,612433,8
2019-04-08 06:28:20.887,1.0,sell,182.89,ETH-28JUN19-210-P,0.0,0.001,1.0,2,1554704900887,612434,9
2019-04-08 06:28:22.332,1.0,sell,182.92,ETH-28JUN19-210-P,75.06,0.20199999999999999,1.0,0,1554704902332,612435,10
2019-04-08 06:28:23.669,1.0,sell,182.92,ETH-28JUN19-210-P,0.0,0.001,1.0,2,1554704903669,612436,11
2019-04-08 06:28:25.090,1.0,sell,182.9,ETH-28JUN19-210-P,0.0,0.001,1.0,3,1554704905090,612438,12
2019-04-08 06:28:26.548,1.0,sell,182.9,ETH-28JUN19-210-P,0.0,0.001,1.0,3,1554704906548,612439,13
2019-04-08 06:28:33.870,1.0,sell,182.9,ETH-28JUN19-210-P,75.06,0.20199999999999999,1.0,0,1554704913870,612440,14
2019-04-08 06:28:36.464,1.0,sell,182.91,ETH-28JUN19-210-P,0.0,0.001,1.0,2,1554704916464,612445,15
2019-04-08 06:28:41.847,1.0,sell,182.83,ETH-28JUN19-210-P,75.2,0.20199999999999999,1.0,0,1554704921847,612458,16
2019-04-08 06:28:44.086,1.0,sell,182.76,ETH-28JUN19-210-P,75.59,0.203,1.0,0,1554704924086,612463,17
2019-04-08 06:28:46.019,1.0,sell,182.73,ETH-28JUN19-210-P,0.0,0.001,1.0,2,1554704926019,612465,18
2019-04-08 06:28:48.240,1.0,sell,182.73,ETH-28JUN19-210-P,75.7,0.203,1.0,0,1554704928240,612469,19
2019-04-08 06:28:53.598,1.0,sell,182.73,ETH-28JUN19-210-P,75.39,0.20199999999999999,1.0,2,1554704933598,612474,20
2019-04-08 06:28:59.127,1.0,sell,182.78,ETH-28JUN19-210-P,75.57,0.20199999999999999,1.0,3,1554704939127,612475,21
2019-04-08 06:29:23.015,1.0,sell,182.64,ETH-28JUN19-210-P,75.59,0.20199999999999999,1.0,3,1554704963015,612488,22
2019-04-08 06:29:26.004,1.0,sell,182.65,ETH-28JUN19-210-P,75.55,0.20199999999999999,1.0,3,1554704966004,612489,23
2019-04-08 06:30:48.863,1.0,sell,182.62,ETH-28JUN19-210-P,75.78,0.20199999999999999,1.0,3,1554705048863,612576,24
2019-04-08 06:30:50.936,1.0,sell,182.62,ETH-28JUN19-210-P,75.74,0.20199999999999999,1.0,3,1554705050936,612577,25
2019-04-08 06:30:59.647,2.0,sell,182.71,ETH-28JUN19-210-P,75.88,0.20199999999999999,2.0,3,1554705059647,612578,26
2019-04-08 06:31:05.139,2.0,sell,182.7,ETH-28JUN19-210-P,75.82,0.20199999999999999,2.0,3,1554705065139,612579,27
2019-04-08 06:31:12.398,2.0,sell,182.65,ETH-28JUN19-210-P,75.7,0.20199999999999999,2.0,3,1554705072398,612585,28
2019-04-08 06:31:19.592,3.0,sell,182.65,ETH-28JUN19-210-P,75.72,0.20199999999999999,3.0,3,1554705079592,612589,29
2019-04-08 06:31:22.182,3.0,sell,182.64,ETH-28JUN19-210-P,75.72,0.20199999999999999,3.0,3,1554705082182,612590,30
2019-04-08 06:39:46.641,3.0,sell,181.54,ETH-28JUN19-210-P,75.03,0.20600000000000002,3.0,0,1554705586641,613058,31
2019-04-08 06:39:48.566,3.0,sell,181.53,ETH-28JUN19-210-P,75.01,0.20600000000000002,3.0,1,1554705588566,613061,32
2019-04-08 07:03:24.359,3.0,sell,182.01,ETH-28JUN19-210-P,75.39,0.204,3.0,2,1554707004359,614653,33
2019-04-08 07:03:26.648,3.0,sell,181.98,ETH-28JUN19-210-P,75.35,0.204,3.0,3,1554707006648,614656,34
2019-04-08 07:03:39.653,10.0,sell,181.86,ETH-28JUN19-210-P,75.06,0.204,10.0,3,1554707019653,614675,35
2019-04-08 07:03:46.973,10.0,sell,181.81,ETH-28JUN19-210-P,74.94,0.204,10.0,3,1554707026973,614684,36
2019-04-08 07:03:54.949,10.0,sell,181.92,ETH-28JUN19-210-P,74.65,0.203,10.0,2,1554707034949,614710,37
2019-04-08 07:03:59.303,10.0,sell,181.92,ETH-28JUN19-210-P,74.2,0.20199999999999999,10.0,2,1554707039303,614711,38
2019-04-08 07:04:02.580,10.0,sell,181.88,ETH-28JUN19-210-P,73.6,0.201,10.0,2,1554707042580,614725,39
2019-04-08 07:23:31.292,10.0,sell,179.99,ETH-28JUN19-210-P,74.11,0.21,10.0,0,1554708211292,617000,40
2019-04-08 08:59:00.700,30.0,sell,180.52,ETH-28JUN19-210-P,70.16,0.20199999999999999,30.0,2,1554713940700,621251,41
2019-04-08 09:00:33.865,30.0,sell,180.49,ETH-28JUN19-210-P,68.09,0.198,30.0,2,1554714033865,621275,42
2019-04-09 13:59:44.579,50.0,sell,178.01,ETH-28JUN19-210-P,74.49,0.222,50.0,0,1554818384579,698378,43
2019-04-09 14:13:42.695,50.0,sell,177.19,ETH-28JUN19-210-P,74.51,0.226,50.0,0,1554819222695,699545,44
2019-04-09 14:13:57.371,50.0,sell,177.34,ETH-28JUN19-210-P,74.03,0.224,50.0,2,1554819237371,699558,45
2019-04-09 14:14:37.518,50.0,sell,177.25,ETH-28JUN19-210-P,73.99,0.224,50.0,3,1554819277518,699623,46
2019-04-09 14:38:07.339,50.0,sell,177.41,ETH-28JUN19-210-P,73.3,0.222,50.0,2,1554820687339,700877,47
2019-04-09 14:38:28.085,50.0,sell,177.38,ETH-28JUN19-210-P,71.97,0.22,50.0,2,1554820708085,700898,48
2019-04-09 15:21:08.199,50.0,sell,177.6,ETH-28JUN19-210-P,70.64,0.21600000000000005,50.0,2,1554823268199,702318,49
2019-04-09 15:22:10.792,50.0,sell,177.52,ETH-28JUN19-210-P,69.45,0.214,50.0,2,1554823330792,702392,50
2019-04-09 15:27:47.457,50.0,sell,177.62,ETH-28JUN19-210-P,70.55,0.215,50.0,0,1554823667457,702695,51
2019-04-09 16:06:57.152,80.0,sell,177.47,ETH-28JUN19-210-P,73.1,0.219,80.0,0,1554826017152,703715,52
2019-04-09 17:50:26.720,50.0,sell,176.75,ETH-28JUN19-210-P,72.6,0.221,50.0,0,1554832226720,705757,53
2019-04-11 17:01:38.889,80.0,sell,164.9,ETH-28JUN19-210-P,70.5,0.303,80.0,0,1555002098889,837641,54
2019-04-12 09:14:41.925,29.0,sell,162.26,ETH-28JUN19-210-P,67.59,0.311,29.0,0,1555060481925,871314,55
2019-04-12 09:14:46.746,29.0,sell,162.3,ETH-28JUN19-210-P,67.14,0.31,29.0,2,1555060486746,871315,56
2019-04-12 09:14:50.889,29.0,sell,162.27,ETH-28JUN19-210-P,67.02,0.31,29.0,3,1555060490889,871316,57
2019-04-12 09:15:05.851,29.0,sell,162.29,ETH-28JUN19-210-P,64.48,0.306,29.0,2,1555060505851,871323,58
2019-04-12 09:16:32.098,29.0,sell,162.55,ETH-28JUN19-210-P,64.37,0.304,29.0,2,1555060592098,871347,59
2019-04-12 09:16:36.068,29.0,sell,162.55,ETH-28JUN19-210-P,64.45,0.304,29.0,3,1555060596068,871348,60
2019-04-12 09:16:40.262,29.0,sell,162.56,ETH-28JUN19-210-P,63.82,0.303,29.0,2,1555060600262,871359,61
2019-04-12 09:16:48.268,29.0,sell,162.56,ETH-28JUN19-210-P,63.31,0.302,29.0,2,1555060608268,871378,62
2019-04-12 09:20:01.975,29.0,sell,162.68,ETH-28JUN19-210-P,65.12,0.304,29.0,0,1555060801975,871541,63
2019-04-12 09:20:03.632,29.0,sell,162.68,ETH-28JUN19-210-P,65.25,0.304,29.0,1,1555060803632,871544,64
2019-04-12 09:20:15.279,29.0,sell,162.67,ETH-28JUN19-210-P,65.16,0.304,29.0,1,1555060815279,871553,65
2019-04-12 09:20:56.570,30.0,buy,162.68,ETH-28JUN19-210-P,70.93,0.313,30.0,0,1555060856570,871556,66
2019-04-12 09:20:58.024,20.0,sell,162.68,ETH-28JUN19-210-P,71.49,0.314,20.0,0,1555060858024,871557,67
2019-04-12 09:28:10.925,29.0,sell,162.58,ETH-28JUN19-210-P,64.41,0.304,29.0,2,1555061290925,871730,68
2019-04-12 09:28:14.277,29.0,sell,162.58,ETH-28JUN19-210-P,65.0,0.305,29.0,0,1555061294277,871731,69
2019-04-12 09:28:18.122,29.0,sell,162.58,ETH-28JUN19-210-P,64.33,0.304,29.0,2,1555061298122,871732,70
2019-04-12 09:28:20.057,29.0,sell,162.61,ETH-28JUN19-210-P,64.33,0.304,29.0,3,1555061300057,871733,71
2019-04-12 09:32:56.779,30.0,buy,162.8,ETH-28JUN19-210-P,71.9,0.313,30.0,0,1555061576779,872003,72
2019-04-12 12:29:58.129,29.0,sell,165.88,ETH-28JUN19-210-P,68.98,0.29600000000000004,29.0,2,1555072198129,881430,73
2019-04-12 12:29:59.229,29.0,sell,165.87,ETH-28JUN19-210-P,68.98,0.29600000000000004,29.0,3,1555072199229,881431,74
2019-04-12 12:30:02.530,29.0,sell,165.89,ETH-28JUN19-210-P,69.02,0.29600000000000004,29.0,3,1555072202530,881434,75
2019-04-13 11:47:31.938,1.0,buy,162.84,ETH-28JUN19-210-P,70.02,0.324,1.0,0,1555156051938,909767,76
2019-04-15 17:22:19.044,1.0,buy,164.66,ETH-28JUN19-210-P,73.24,0.309,1.0,2,1555348939044,954026,77
2019-04-18 06:30:42.932,49.0,sell,171.59,ETH-28JUN19-210-P,68.17,0.253,49.0,2,1555569042932,1059681,78
2019-04-19 18:37:28.930,50.0,sell,172.83,ETH-28JUN19-210-P,68.83,0.249,50.0,2,1555699048930,1099828,79
2019-04-23 09:44:06.243,50.0,sell,174.43,ETH-28JUN19-210-P,64.5,0.232,50.0,2,1556012646243,1181825,80
2019-04-30 06:55:35.377,1.0,buy,154.35,ETH-28JUN19-210-P,68.1,0.37,1.0,0,1556607335377,1346192,81
2019-05-06 01:28:29.330,1.0,buy,158.95,ETH-28JUN19-210-P,70.0,0.335,1.0,2,1557106109330,1500278,82
2019-05-11 14:33:39.688,10.0,sell,188.57,ETH-28JUN19-210-P,82.67,0.183,10.0,2,1557585219688,1783797,83
2019-05-11 19:56:40.591,27.0,buy,195.84,ETH-28JUN19-210-P,86.26,0.163,27.0,2,1557604600591,1811552,84
2019-05-12 07:34:22.768,60.0,sell,202.28,ETH-28JUN19-210-P,84.59,0.14,60.0,2,1557646462768,1908181,85
