date_utc,amount,direction,indexPrice,instrument,iv,price,quantity,tickDirection,timeStamp,tradeId,tradeSeq
2019-04-02 15:36:58.254,10.0,sell,4738.09,BTC-28JUN19-5500-P,54.42,0.2105,10.0,1,1554219418254,17121183,1
2019-04-03 17:16:51.228,5.6000000000000005,buy,5091.01,BTC-28JUN19-5500-P,60.08,0.1655,5.6000000000000005,2,1554311811228,17218082,2
2019-04-03 17:16:52.398,0.3,buy,5090.99,BTC-28JUN19-5500-P,59.8,0.1655,0.3,3,1554311812398,17218093,3
2019-04-03 17:16:52.869,4.9,buy,5090.99,BTC-28JUN19-5500-P,59.8,0.1655,4.9,3,1554311812869,17218104,4
2019-04-05 16:42:32.597,1.0,sell,5021.87,BTC-28JUN19-5500-P,58.17,0.1705,1.0,0,1554482552597,17373353,5
2019-04-05 16:42:37.212,1.0,sell,5021.65,BTC-28JUN19-5500-P,58.15,0.1705,1.0,1,1554482557212,17373355,6
2019-04-05 16:42:38.964,1.0,sell,5021.65,BTC-28JUN19-5500-P,58.16,0.1705,1.0,1,1554482558964,17373356,7
2019-04-05 16:42:40.555,1.0,sell,5021.69,BTC-28JUN19-5500-P,58.16,0.1705,1.0,1,1554482560555,17373360,8
2019-04-09 09:30:30.737,0.1,sell,5209.69,BTC-28JUN19-5500-P,64.19,0.15,0.1,2,1554802230737,17566978,9
2019-04-10 20:35:30.304,5.0,buy,5370.83,BTC-28JUN19-5500-P,64.01,0.131,5.0,2,1554928530304,17629344,10
2019-04-10 20:35:47.303,5.0,buy,5372.25,BTC-28JUN19-5500-P,64.6,0.132,5.0,1,1554928547303,17629361,12
2019-04-10 20:35:47.303,7.2,buy,5372.25,BTC-28JUN19-5500-P,64.6,0.132,7.2,0,1554928547303,17629360,11
2019-04-10 21:58:04.900,7.2,buy,5298.69,BTC-28JUN19-5500-P,67.91,0.1455,7.2,0,1554933484900,17647450,13
2019-04-10 21:58:04.900,3.6,buy,5298.69,BTC-28JUN19-5500-P,67.91,0.1455,3.6,1,1554933484900,17647451,14
2019-04-11 18:34:46.686,4.0,sell,5069.86,BTC-28JUN19-5500-P,59.47,0.1635,4.0,0,1555007686686,17710497,15
2019-04-11 18:42:19.516,4.0,sell,5069.78,BTC-28JUN19-5500-P,59.08,0.163,4.0,2,1555008139516,17710710,16
2019-04-12 08:31:10.230,4.0,sell,5017.8,BTC-28JUN19-5500-P,55.75,0.1615,4.0,2,1555057870230,17742262,17
2019-04-12 08:31:25.097,4.0,sell,5017.8,BTC-28JUN19-5500-P,56.88,0.1635,4.0,0,1555057885097,17742272,18
2019-04-12 13:38:29.891,4.8,sell,5078.18,BTC-28JUN19-5500-P,56.22,0.1555,4.8,3,1555076309891,17749147,20
2019-04-12 13:38:29.891,7.2,sell,5078.18,BTC-28JUN19-5500-P,56.22,0.1555,7.2,2,1555076309891,17749146,19
2019-04-12 14:50:38.721,5.4,sell,5078.58,BTC-28JUN19-5500-P,57.13,0.157,5.4,0,1555080638721,17750447,21
2019-04-12 14:51:05.912,5.8,sell,5079.3,BTC-28JUN19-5500-P,55.8,0.1545,5.8,2,1555080665912,17750458,22
2019-04-12 14:51:16.361,5.8,sell,5079.33,BTC-28JUN19-5500-P,55.83,0.1545,5.8,3,1555080676361,17750461,23
2019-04-12 14:51:22.717,5.4,sell,5079.37,BTC-28JUN19-5500-P,55.84,0.1545,5.4,3,1555080682717,17750463,24
2019-04-12 14:51:27.416,0.4,sell,5079.29,BTC-28JUN19-5500-P,55.84,0.1545,0.4,3,1555080687416,17750465,25
2019-04-12 14:51:31.942,5.2,sell,5079.31,BTC-28JUN19-5500-P,55.56,0.154,5.2,2,1555080691942,17750468,26
2019-04-12 15:10:14.754,0.2,buy,5079.38,BTC-28JUN19-5500-P,58.68,0.159,0.2,0,1555081814754,17750856,27
2019-04-14 05:17:29.835,5.0,buy,5020.02,BTC-28JUN19-5500-P,55.25,0.1645,5.0,0,1555219049835,17791604,28
2019-04-18 15:46:57.568,1.0,sell,5272.5,BTC-28JUN19-5500-P,55.67,0.123,1.0,2,1555602417568,17924811,29
2019-04-19 01:48:34.087,1.0,buy,5212.58,BTC-28JUN19-5500-P,54.87,0.13,1.0,0,1555638514087,17940931,30
2019-04-19 23:10:45.109,0.5,sell,5278.27,BTC-28JUN19-5500-P,53.84,0.1185,0.5,2,1555715445109,17969926,31
2019-04-20 01:00:48.795,0.1,sell,5288.21,BTC-28JUN19-5500-P,54.38,0.1185,0.1,3,1555722048795,17971399,32
2019-04-20 08:21:10.950,7.0,sell,5336.68,BTC-28JUN19-5500-P,54.04,0.1115,7.0,2,1555748470950,17979347,33
2019-04-20 08:21:25.670,7.0,sell,5332.73,BTC-28JUN19-5500-P,53.48,0.111,7.0,2,1555748485670,17979367,34
2019-04-20 20:30:47.875,4.8,sell,5334.25,BTC-28JUN19-5500-P,55.55,0.115,4.8,0,1555792247875,17988199,35
2019-04-22 15:40:20.420,0.1,sell,5369.68,BTC-28JUN19-5500-P,55.1,0.1075,0.1,2,1555947620420,18040923,36
2019-04-22 15:43:08.880,1.0,buy,5356.38,BTC-28JUN19-5500-P,54.38,0.1075,1.0,3,1555947788880,18045054,37
2019-04-22 20:43:35.962,7.2,buy,5400.09,BTC-28JUN19-5500-P,57.13,0.1075,7.2,3,1555965815962,18067733,38
2019-04-22 20:43:35.962,2.8000000000000003,buy,5400.09,BTC-28JUN19-5500-P,57.13,0.1075,2.8000000000000003,3,1555965815962,18067734,39
2019-04-23 14:55:00.629,0.5,sell,5583.38,BTC-28JUN19-5500-P,57.74,0.09,0.5,2,1556031300629,18112614,40
2019-04-24 10:10:57.032,0.1,buy,5437.98,BTC-28JUN19-5500-P,58.07,0.1065,0.1,0,1556100657032,18167046,41
2019-04-24 10:53:48.409,0.1,buy,5434.78,BTC-28JUN19-5500-P,57.89,0.1065,0.1,1,1556103228409,18169453,42
2019-04-24 10:54:08.982,0.1,buy,5430.53,BTC-28JUN19-5500-P,57.58,0.1065,0.1,1,1556103248982,18169552,43
2019-04-24 10:54:12.593,0.1,buy,5428.94,BTC-28JUN19-5500-P,57.5,0.1065,0.1,1,1556103252593,18169558,44
2019-04-24 10:54:19.263,4.6000000000000005,buy,5423.57,BTC-28JUN19-5500-P,57.22,0.1065,4.6000000000000005,1,1556103259263,18169784,45
2019-04-25 02:18:33.573,0.1,sell,5446.01,BTC-28JUN19-5500-P,57.99,0.105,0.1,2,1556158713573,18202527,46
2019-04-25 13:31:32.179,5.0,sell,5451.02,BTC-28JUN19-5500-P,55.62,0.10099999999999999,5.0,2,1556199092179,18221152,47
2019-04-26 02:21:42.428,0.2,buy,5157.86,BTC-28JUN19-5500-P,58.32,0.1415,0.2,0,1556245302428,18296878,48
2019-04-26 02:25:11.616,0.2,sell,5179.53,BTC-28JUN19-5500-P,59.02,0.1395,0.2,2,1556245511616,18297259,49
2019-04-27 11:01:13.722,9.0,sell,5159.75,BTC-28JUN19-5500-P,56.38,0.138,9.0,2,1556362873722,18362576,50
2019-04-27 19:19:11.826,0.2,sell,5182.39,BTC-28JUN19-5500-P,57.87,0.1365,0.2,2,1556392751826,18369358,51
2019-04-29 15:12:32.422,3.0,buy,5149.43,BTC-28JUN19-5500-P,56.54,0.14,3.0,0,1556550752422,18428759,52
2019-04-30 13:24:10.082,0.5,buy,5243.34,BTC-28JUN19-5500-P,60.5,0.1325,0.5,2,1556630650082,18469111,53
2019-05-02 18:55:16.568,0.1,buy,5391.5,BTC-28JUN19-5500-P,58.74,0.1125,0.1,2,1556823316568,18565881,54
2019-05-03 03:13:06.702,0.1,buy,5456.67,BTC-28JUN19-5500-P,58.68,0.10300000000000001,0.1,2,1556853186702,18592640,55
2019-05-03 04:04:06.437,0.1,buy,5455.18,BTC-28JUN19-5500-P,58.83,0.1035,0.1,0,1556856246437,18593835,56
2019-05-03 07:38:17.487,1.0,sell,5564.05,BTC-28JUN19-5500-P,58.69,0.09,1.0,2,1556869097487,18612466,57
2019-05-03 08:20:08.273,0.5,buy,5573.48,BTC-28JUN19-5500-P,60.14,0.0905,0.5,0,1556871608273,18618939,58
2019-05-03 10:47:21.028,0.5,buy,5731.48,BTC-28JUN19-5500-P,61.13,0.077,0.5,2,1556880441028,18663580,59
2019-05-03 11:41:28.990,0.1,sell,5723.98,BTC-28JUN19-5500-P,60.57,0.0765,0.1,2,1556883688990,18671517,60
2019-05-03 11:41:35.317,0.1,sell,5719.61,BTC-28JUN19-5500-P,59.61,0.0755,0.1,2,1556883695317,18671652,61
2019-05-03 12:16:13.903,0.1,buy,5708.72,BTC-28JUN19-5500-P,60.98,0.0785,0.1,0,1556885773903,18673812,62
2019-05-03 15:00:34.181,0.3,buy,5724.1,BTC-28JUN19-5500-P,61.42,0.0775,0.3,2,1556895634181,18686167,63
2019-05-03 18:40:33.069,0.5,sell,5678.84,BTC-28JUN19-5500-P,60.32,0.079,0.5,0,1556908833069,18702395,64
2019-05-03 18:53:14.614,2.0,sell,5693.05,BTC-28JUN19-5500-P,58.3,0.075,2.0,2,1556909594614,18703044,65
2019-05-03 20:31:35.708,1.0,buy,5693.09,BTC-28JUN19-5500-P,60.73,0.0785,1.0,0,1556915495708,18706990,66
2019-05-03 22:38:37.374,3.0,sell,5657.36,BTC-28JUN19-5500-P,59.7,0.0795,3.0,0,1556923117374,18714233,67
2019-05-04 05:26:18.988,1.6,sell,5712.46,BTC-28JUN19-5500-P,60.96,0.0775,1.6,2,1556947578988,18750395,68
2019-05-04 07:18:46.494,0.1,buy,5747.37,BTC-28JUN19-5500-P,60.96,0.075,0.1,2,1556954326494,18754057,69
2019-05-04 18:15:57.655,2.0,buy,5575.31,BTC-28JUN19-5500-P,56.92,0.084,2.0,0,1556993757655,18790136,70
2019-05-04 20:09:58.320,1.6,sell,5631.74,BTC-28JUN19-5500-P,57.26,0.079,1.6,2,1557000598320,18795345,71
2019-05-04 22:18:06.586,1.0,sell,5819.33,BTC-28JUN19-5500-P,61.5,0.068,1.0,2,1557008286586,18822168,72
2019-05-05 00:09:51.173,0.3,buy,5769.88,BTC-28JUN19-5500-P,61.0,0.071,0.3,0,1557014991173,18835187,73
2019-05-05 08:03:58.122,0.1,buy,5679.39,BTC-28JUN19-5500-P,59.73,0.0765,0.1,0,1557043438122,18861825,74
2019-05-05 08:37:38.246,1.5,sell,5714.05,BTC-28JUN19-5500-P,61.78,0.0765,1.5,1,1557045458246,18864322,75
2019-05-05 18:35:53.200,5.0,buy,5675.83,BTC-28JUN19-5500-P,60.31,0.078,5.0,0,1557081353200,18891582,76
2019-05-06 01:02:52.307,0.3,sell,5676.15,BTC-28JUN19-5500-P,58.56,0.075,0.3,2,1557104572307,18915259,77
2019-05-06 01:22:39.801,0.6,sell,5600.84,BTC-28JUN19-5500-P,57.93,0.0805,0.6,1,1557105759801,18920373,79
2019-05-06 01:22:39.801,1.0,sell,5600.84,BTC-28JUN19-5500-P,57.93,0.0805,1.0,0,1557105759801,18920372,78
2019-05-06 02:52:34.524,5.0,buy,5622.6,BTC-28JUN19-5500-P,61.46,0.0845,5.0,0,1557111154524,18928884,80
2019-05-06 04:04:14.308,5.0,buy,5620.91,BTC-28JUN19-5500-P,61.58,0.085,5.0,0,1557115454308,18930908,81
2019-05-07 02:43:24.751,0.1,sell,5836.98,BTC-28JUN19-5500-P,59.93,0.0625,0.1,2,1557197004751,19004273,82
2019-05-07 06:39:06.228,5.0,sell,5886.66,BTC-28JUN19-5500-P,61.48,0.061,5.0,2,1557211146228,19030791,83
2019-05-07 09:48:42.255,0.2,sell,5920.42,BTC-28JUN19-5500-P,61.96,0.0595,0.2,2,1557222522255,19036548,84
2019-05-07 10:08:10.953,1.0,buy,5918.16,BTC-28JUN19-5500-P,63.19,0.0615,1.0,0,1557223690953,19037143,85
2019-05-07 13:07:57.634,5.0,sell,5884.81,BTC-28JUN19-5500-P,61.63,0.061,5.0,2,1557234477634,19041832,86
2019-05-07 13:08:05.476,5.0,buy,5882.61,BTC-28JUN19-5500-P,61.51,0.061,5.0,3,1557234485476,19041849,87
2019-05-07 13:40:55.266,1.0,sell,5934.03,BTC-28JUN19-5500-P,63.48,0.06,1.0,2,1557236455266,19044091,88
2019-05-07 13:59:43.456,0.5,buy,5945.2,BTC-28JUN19-5500-P,64.16,0.0605,0.5,0,1557237583456,19045465,89
2019-05-07 15:58:19.292,3.0,buy,5859.82,BTC-28JUN19-5500-P,63.88,0.067,3.0,0,1557244699292,19065006,90
2019-05-07 16:24:31.157,0.2,sell,5888.54,BTC-28JUN19-5500-P,63.44,0.064,0.2,2,1557246271157,19066151,91
2019-05-07 19:12:08.512,3.5,buy,5850.66,BTC-28JUN19-5500-P,62.2,0.065,3.5,0,1557256328512,19072161,92
2019-05-08 22:32:40.747,0.1,sell,5927.22,BTC-28JUN19-5500-P,63.04,0.062,0.1,2,1557354760747,19173868,93
2019-05-08 22:46:15.573,5.0,sell,5941.74,BTC-28JUN19-5500-P,60.02,0.057,5.0,2,1557355575573,19176670,94
2019-05-08 22:46:15.576,7.0,buy,5941.74,BTC-28JUN19-5500-P,60.02,0.057,7.0,3,1557355575576,19176671,95
2019-05-08 23:23:24.470,2.0,sell,5936.95,BTC-28JUN19-5500-P,60.63,0.057999999999999996,2.0,0,1557357804470,19178495,96
2019-05-09 01:01:50.756,0.1,sell,6030.81,BTC-28JUN19-5500-P,60.69,0.052000000000000005,0.1,2,1557363710756,19203603,97
2019-05-09 01:11:10.381,0.5,buy,6072.99,BTC-28JUN19-5500-P,65.05,0.055,0.5,0,1557364270381,19207170,98
2019-05-09 05:07:01.933,0.1,sell,6067.92,BTC-28JUN19-5500-P,61.32,0.0505,0.1,2,1557378421933,19221169,99
2019-05-09 06:42:42.712,0.1,sell,6059.14,BTC-28JUN19-5500-P,62.33,0.0525,0.1,0,1557384162712,19225314,100
2019-05-09 08:51:42.724,1.0,sell,6056.58,BTC-28JUN19-5500-P,61.29,0.0515,1.0,2,1557391902724,19229035,101
2019-05-09 11:36:35.690,0.1,sell,6036.77,BTC-28JUN19-5500-P,61.83,0.0535,0.1,0,1557401795690,19236374,102
2019-05-09 15:25:39.385,1.0,sell,6008.98,BTC-28JUN19-5500-P,62.49,0.055999999999999994,1.0,0,1557415539385,19251274,103
2019-05-09 16:47:15.667,1.0,sell,6037.97,BTC-28JUN19-5500-P,63.38,0.0555,1.0,2,1557420435667,19254030,104
2019-05-09 16:47:18.647,0.2,sell,6038.14,BTC-28JUN19-5500-P,63.01,0.055,0.2,2,1557420438647,19254033,105
2019-05-09 18:18:45.321,0.1,buy,6046.99,BTC-28JUN19-5500-P,64.07,0.0555,0.1,0,1557425925321,19258043,106
2019-05-10 00:56:44.466,1.0,buy,6119.88,BTC-28JUN19-5500-P,62.74,0.05,1.0,2,1557449804466,19283781,107
2019-05-10 02:27:28.410,4.0,sell,6230.44,BTC-28JUN19-5500-P,64.56,0.046,4.0,2,1557455248410,19293970,108
2019-05-10 02:30:49.878,0.1,buy,6210.0,BTC-28JUN19-5500-P,64.74,0.0475,0.1,0,1557455449878,19295293,109
2019-05-10 02:42:21.110,4.0,sell,6237.4,BTC-28JUN19-5500-P,64.55,0.046,4.0,2,1557456141110,19296859,110
2019-05-10 02:43:01.735,2.0,sell,6239.6,BTC-28JUN19-5500-P,64.78,0.046,2.0,3,1557456181735,19297173,111
2019-05-10 03:11:52.323,0.1,sell,6278.18,BTC-28JUN19-5500-P,64.75,0.044000000000000004,0.1,2,1557457912323,19302220,112
2019-05-10 03:15:45.496,2.0,buy,6287.44,BTC-28JUN19-5500-P,64.98,0.044000000000000004,2.0,3,1557458145496,19303454,113
2019-05-10 05:34:33.051,3.2,buy,6272.95,BTC-28JUN19-5500-P,63.58,0.0435,3.2,2,1557466473051,19324764,114
2019-05-10 05:57:08.366,0.2,buy,6274.81,BTC-28JUN19-5500-P,64.82,0.045,0.2,0,1557467828366,19325543,115
2019-05-10 06:10:26.902,3.0,sell,6261.75,BTC-28JUN19-5500-P,62.62,0.043,3.0,2,1557468626902,19325875,116
2019-05-10 07:03:07.304,4.0,sell,6294.13,BTC-28JUN19-5500-P,64.34,0.043,4.0,3,1557471787304,19328194,117
2019-05-10 07:03:53.533,3.0,sell,6310.78,BTC-28JUN19-5500-P,65.11,0.043,3.0,3,1557471833533,19328646,118
2019-05-10 08:14:16.735,0.1,buy,6302.54,BTC-28JUN19-5500-P,65.13,0.044000000000000004,0.1,0,1557476056735,19338563,119
2019-05-10 08:46:05.910,5.0,sell,6278.82,BTC-28JUN19-5500-P,62.14,0.040999999999999995,5.0,2,1557477965910,19342617,120
2019-05-10 08:46:23.698,1.0,buy,6276.91,BTC-28JUN19-5500-P,62.09,0.041,1.0,3,1557477983698,19342637,121
2019-05-10 11:58:44.913,5.0,buy,6283.77,BTC-28JUN19-5500-P,65.29,0.045,5.0,0,1557489524913,19351745,122
2019-05-10 11:58:44.913,25.6,buy,6283.77,BTC-28JUN19-5500-P,65.29,0.045,25.6,1,1557489524913,19351746,123
2019-05-10 12:13:15.044,1.0,buy,6253.8,BTC-28JUN19-5500-P,64.64,0.0455,1.0,0,1557490395044,19354083,124
2019-05-10 13:44:17.116,4.4,buy,6286.89,BTC-28JUN19-5500-P,64.43,0.0435,4.4,2,1557495857116,19358217,125
2019-05-10 13:54:09.772,4.8,buy,6269.93,BTC-28JUN19-5500-P,65.16,0.045,4.8,0,1557496449772,19358645,126
2019-05-10 13:54:09.774,5.2,sell,6269.93,BTC-28JUN19-5500-P,65.16,0.045,5.2,1,1557496449774,19358646,127
2019-05-10 14:00:31.866,4.1,buy,6260.66,BTC-28JUN19-5500-P,64.74,0.045,4.1,1,1557496831866,19359367,128
2019-05-10 14:12:07.281,4.2,buy,6264.34,BTC-28JUN19-5500-P,64.98,0.045,4.2,1,1557497527281,19360733,130
2019-05-10 14:12:07.281,3.0,buy,6264.34,BTC-28JUN19-5500-P,64.98,0.045,3.0,1,1557497527281,19360732,129
2019-05-10 16:41:01.623,0.1,sell,6380.42,BTC-28JUN19-5500-P,65.58,0.04,0.1,2,1557506461623,19374662,131
2019-05-10 16:52:53.672,2.0,sell,6426.86,BTC-28JUN19-5500-P,62.59,0.0345,2.0,2,1557507173672,19378111,132
2019-05-10 17:41:37.955,5.0,buy,6381.98,BTC-28JUN19-5500-P,65.55,0.04,5.0,0,1557510097955,19386232,133
2019-05-10 17:41:43.868,25.0,sell,6383.59,BTC-28JUN19-5500-P,65.58,0.04,25.0,1,1557510103868,19386253,134
2019-05-10 18:06:59.584,1.0,sell,6413.7,BTC-28JUN19-5500-P,63.14,0.036000000000000004,1.0,2,1557511619584,19387543,135
2019-05-10 18:09:26.225,4.0,sell,6401.74,BTC-28JUN19-5500-P,62.55,0.036000000000000004,4.0,3,1557511766225,19388121,136
2019-05-10 18:27:26.891,25.0,buy,6399.24,BTC-28JUN19-5500-P,66.03,0.04,25.0,1,1557512846891,19389419,138
2019-05-10 18:27:26.891,5.0,buy,6399.24,BTC-28JUN19-5500-P,66.03,0.04,5.0,0,1557512846891,19389418,137
2019-05-10 19:28:40.877,1.0,sell,6379.58,BTC-28JUN19-5500-P,62.39,0.0365,1.0,2,1557516520877,19393629,139
2019-05-10 20:50:11.675,0.1,sell,6278.9,BTC-28JUN19-5500-P,66.84,0.0465,0.1,0,1557521411675,19402755,140
2019-05-10 21:29:00.340,1.0,sell,6321.33,BTC-28JUN19-5500-P,62.54,0.039,1.0,2,1557523740340,19409824,141
2019-05-10 21:29:00.340,2.4,sell,6321.33,BTC-28JUN19-5500-P,62.11,0.0385,2.4,2,1557523740340,19409826,143
2019-05-10 21:29:00.340,5.6000000000000005,sell,6321.33,BTC-28JUN19-5500-P,62.54,0.039,5.6000000000000005,3,1557523740340,19409825,142
2019-05-10 22:23:20.724,0.1,sell,6352.84,BTC-28JUN19-5500-P,62.37,0.0375,0.1,2,1557527000724,19412204,144
2019-05-10 23:35:33.765,1.1,buy,6366.6,BTC-28JUN19-5500-P,67.58,0.043,1.1,0,1557531333765,19415271,146
2019-05-10 23:35:33.765,6.0,buy,6366.6,BTC-28JUN19-5500-P,66.72,0.042,6.0,0,1557531333765,19415270,145
2019-05-11 04:49:24.867,0.4,sell,6721.7,BTC-28JUN19-5500-P,69.65,0.03,0.4,2,1557550164867,19452767,147
2019-05-11 06:25:43.115,0.2,sell,6919.17,BTC-28JUN19-5500-P,64.74,0.0205,0.2,2,1557555943115,19494780,148
2019-05-11 06:26:48.985,0.1,buy,6898.25,BTC-28JUN19-5500-P,68.76,0.0245,0.1,0,1557556008985,19495837,149
2019-05-11 07:55:29.831,0.1,buy,6796.32,BTC-28JUN19-5500-P,68.93,0.027000000000000003,0.1,0,1557561329831,19529595,150
2019-05-11 09:04:53.547,1.0,sell,6725.27,BTC-28JUN19-5500-P,66.1,0.026000000000000002,1.0,2,1557565493547,19541433,151
2019-05-11 10:08:42.665,11.0,sell,6829.0,BTC-28JUN19-5500-P,70.42,0.027000000000000003,11.0,0,1557569322665,19548255,152
2019-05-11 10:55:15.086,5.0,buy,6836.21,BTC-28JUN19-5500-P,73.32,0.0295,5.0,0,1557572115086,19553770,153
2019-05-11 10:58:49.574,5.0,buy,6841.25,BTC-28JUN19-5500-P,76.04,0.032,5.0,0,1557572329574,19554042,154
2019-05-11 13:20:25.199,0.3,sell,6804.11,BTC-28JUN19-5500-P,78.27,0.0345,0.3,0,1557580825199,19567448,155
2019-05-11 13:54:58.865,0.5,sell,6805.79,BTC-28JUN19-5500-P,77.64,0.0335,0.5,2,1557582898865,19569439,156
2019-05-11 13:56:59.919,3.0,sell,6805.18,BTC-28JUN19-5500-P,77.55,0.0335,3.0,3,1557583019919,19569513,157
2019-05-11 14:00:31.137,1.5,sell,6810.37,BTC-28JUN19-5500-P,76.77,0.0325,1.5,2,1557583231137,19569700,158
2019-05-11 14:03:00.730,4.5,sell,6808.41,BTC-28JUN19-5500-P,76.52,0.0325,4.5,3,1557583380730,19569809,159
2019-05-11 14:51:08.019,2.0,sell,6794.32,BTC-28JUN19-5500-P,75.5,0.032,2.0,2,1557586268019,19575401,160
2019-05-11 14:51:09.911,2.0,sell,6794.32,BTC-28JUN19-5500-P,75.5,0.032,2.0,3,1557586269911,19575402,161
2019-05-11 14:53:55.310,7.8,buy,6792.53,BTC-28JUN19-5500-P,74.45,0.031,7.8,2,1557586435310,19575717,162
2019-05-11 15:53:44.965,2.0,sell,6921.95,BTC-28JUN19-5500-P,75.78,0.027999999999999997,2.0,2,1557590024965,19586270,163
2019-05-11 16:14:10.292,2.0,sell,6978.08,BTC-28JUN19-5500-P,76.36,0.027000000000000003,2.0,2,1557591250292,19595778,164
2019-05-11 16:15:19.636,2.0,sell,6986.54,BTC-28JUN19-5500-P,76.74,0.027000000000000003,2.0,3,1557591319636,19596364,165
2019-05-11 17:43:09.749,1.0,buy,6964.39,BTC-28JUN19-5500-P,78.57,0.028999999999999998,1.0,0,1557596589749,19616840,166
2019-05-11 20:35:11.843,0.5,sell,6937.64,BTC-28JUN19-5500-P,77.14,0.0285,0.5,2,1557606911843,19636756,167
2019-05-11 21:08:10.214,1.0,sell,6957.87,BTC-28JUN19-5500-P,73.66,0.025,1.0,2,1557608890214,19638935,168
2019-05-11 23:10:28.925,0.5,sell,7364.82,BTC-28JUN19-5500-P,89.0,0.027000000000000003,0.5,0,1557616228925,19695676,169
2019-05-11 23:29:50.842,1.0,buy,7393.4,BTC-28JUN19-5500-P,100.17,0.0365,1.0,0,1557617390842,19711122,170
2019-05-11 23:34:09.991,0.2,buy,7415.3,BTC-28JUN19-5500-P,100.92,0.0365,0.2,1,1557617649991,19714761,171
2019-05-11 23:38:37.687,2.0,buy,7391.82,BTC-28JUN19-5500-P,101.26,0.0375,2.0,0,1557617917687,19716911,172
2019-05-11 23:38:46.330,1.0,buy,7390.03,BTC-28JUN19-5500-P,101.21,0.0375,1.0,1,1557617926330,19716952,173
2019-05-12 00:38:17.204,5.6000000000000005,buy,6970.22,BTC-28JUN19-5500-P,79.87,0.03,5.6000000000000005,2,1557621497204,19754859,174
2019-05-12 00:38:20.186,0.5,buy,6958.14,BTC-28JUN19-5500-P,79.26,0.03,0.5,3,1557621500186,19755030,175
2019-05-12 03:27:02.206,1.0,sell,7211.07,BTC-28JUN19-5500-P,88.25,0.031,1.0,0,1557631622206,19797584,176
2019-05-12 05:09:58.094,0.1,sell,7233.23,BTC-28JUN19-5500-P,86.68,0.028999999999999998,0.1,2,1557637798094,19808912,177
2019-05-12 06:20:27.870,1.0,sell,7357.76,BTC-28JUN19-5500-P,90.0,0.0285,1.0,2,1557642027870,19820193,178
2019-05-12 09:21:51.043,1.0,sell,7492.12,BTC-28JUN19-5500-P,86.12,0.023,1.0,2,1557652911043,19874393,179
2019-05-12 09:23:01.260,1.0,sell,7501.81,BTC-28JUN19-5500-P,83.77,0.021,1.0,2,1557652981260,19874912,180
2019-05-12 18:43:50.456,1.0,buy,7048.65,BTC-28JUN19-5500-P,81.12,0.027999999999999997,1.0,0,1557686630456,20053341,181
2019-05-12 20:32:08.138,0.4,buy,7117.56,BTC-28JUN19-5500-P,81.76,0.027000000000000003,0.4,2,1557693128138,20073246,182
2019-05-12 21:32:25.049,10.0,sell,7111.85,BTC-28JUN19-5500-P,80.25,0.026000000000000002,10.0,2,1557696745049,20083972,183
2019-05-12 21:32:25.049,4.0,sell,7111.85,BTC-28JUN19-5500-P,80.25,0.026000000000000002,4.0,3,1557696745049,20083973,184
2019-05-12 21:32:35.709,1.0,sell,7110.93,BTC-28JUN19-5500-P,78.47,0.0245,1.0,2,1557696755709,20083981,185
2019-05-12 23:11:44.240,0.2,buy,6910.14,BTC-28JUN19-5500-P,79.83,0.031,0.2,0,1557702704240,20103647,186
2019-05-13 10:28:17.542,2.0,sell,7077.63,BTC-28JUN19-5500-P,80.9,0.027000000000000003,2.0,2,1557743297542,20153107,187
2019-05-13 11:15:34.657,0.1,buy,7099.7,BTC-28JUN19-5500-P,82.75,0.027999999999999997,0.1,0,1557746134657,20154945,188
2019-05-13 11:21:42.218,2.0,sell,7131.14,BTC-28JUN19-5500-P,82.04,0.0265,2.0,2,1557746502218,20155583,189
2019-05-13 11:29:00.139,2.0,sell,7188.82,BTC-28JUN19-5500-P,83.11,0.026,2.0,2,1557746940139,20157386,190
2019-05-13 11:34:59.078,2.0,sell,7241.95,BTC-28JUN19-5500-P,83.28,0.025,2.0,2,1557747299078,20160333,191
2019-05-13 11:38:05.097,4.0,sell,7272.02,BTC-28JUN19-5500-P,83.46,0.0245,4.0,2,1557747485097,20161423,192
2019-05-13 13:00:49.527,1.0,sell,7361.64,BTC-28JUN19-5500-P,84.44,0.023,1.0,2,1557752449527,20178259,193
2019-05-13 13:19:02.163,15.0,sell,7392.0,BTC-28JUN19-5500-P,85.69,0.0235,15.0,0,1557753542163,20182426,194
2019-05-13 13:19:02.202,8.700000000000001,sell,7392.0,BTC-28JUN19-5500-P,85.69,0.0235,8.700000000000001,1,1557753542202,20182428,195
2019-05-13 13:19:23.169,12.5,sell,7398.38,BTC-28JUN19-5500-P,85.81,0.0235,12.5,1,1557753563169,20182498,196
2019-05-13 13:19:23.175,3.8,sell,7398.38,BTC-28JUN19-5500-P,85.81,0.0235,3.8,1,1557753563175,20182499,197
2019-05-13 13:48:34.636,5.0,sell,7425.86,BTC-28JUN19-5500-P,84.86,0.022000000000000002,5.0,2,1557755314636,20186824,198
2019-05-13 13:51:20.491,5.0,sell,7432.17,BTC-28JUN19-5500-P,84.98,0.022000000000000002,5.0,3,1557755480491,20187101,199
2019-05-13 14:22:56.670,10.0,sell,7447.29,BTC-28JUN19-5500-P,85.5,0.022000000000000002,10.0,3,1557757376670,20191931,200
2019-05-13 15:11:40.544,1.0,sell,7737.78,BTC-28JUN19-5500-P,89.03,0.0185,1.0,2,1557760300544,20213472,201
2019-05-13 15:11:48.742,1.0,sell,7761.18,BTC-28JUN19-5500-P,88.29,0.0175,1.0,2,1557760308742,20213902,202
2019-05-13 15:14:15.232,1.0,sell,7913.32,BTC-28JUN19-5500-P,89.5,0.0155,1.0,2,1557760455232,20219599,203
2019-05-13 15:14:50.032,1.0,sell,7885.21,BTC-28JUN19-5500-P,87.01,0.0145,1.0,2,1557760490032,20221011,204
2019-05-13 15:14:59.696,9.0,buy,7848.33,BTC-28JUN19-5500-P,88.58,0.0155,9.0,0,1557760499696,20221303,205
2019-05-13 15:15:59.211,1.0,buy,7843.79,BTC-28JUN19-5500-P,85.52,0.0145,1.0,2,1557760559211,20223120,206
2019-05-13 15:25:49.038,0.2,buy,7794.57,BTC-28JUN19-5500-P,93.53,0.0205,0.2,0,1557761149038,20232999,207
2019-05-13 16:06:39.644,5.0,buy,7945.31,BTC-28JUN19-5500-P,90.03,0.016,5.0,2,1557763599644,20251359,208
2019-05-13 16:21:34.869,10.0,sell,7868.27,BTC-28JUN19-5500-P,85.58,0.0145,10.0,2,1557764494869,20258646,209
2019-05-13 16:44:37.433,3.0,buy,7918.51,BTC-28JUN19-5500-P,93.39,0.0185,3.0,0,1557765877433,20265416,210
2019-05-13 16:44:37.433,6.1000000000000005,buy,7918.51,BTC-28JUN19-5500-P,96.51,0.0205,6.1000000000000005,0,1557765877433,20265417,211
2019-05-13 16:58:42.254,0.5,sell,7908.22,BTC-28JUN19-5500-P,89.06,0.016,0.5,2,1557766722254,20270751,212
2019-05-13 17:21:05.243,1.0,buy,7901.81,BTC-28JUN19-5500-P,96.81,0.021,1.0,0,1557768065243,20277271,213
2019-05-13 17:29:00.472,1.0,buy,7863.51,BTC-28JUN19-5500-P,96.45,0.0215,1.0,0,1557768540472,20280145,214
2019-05-13 17:32:18.445,1.0,sell,7798.24,BTC-28JUN19-5500-P,95.48,0.0215,1.0,1,1557768738445,20282123,215
2019-05-13 17:45:16.662,2.1,buy,7860.91,BTC-28JUN19-5500-P,96.69,0.0215,2.1,1,1557769516662,20285571,216
2019-05-13 17:46:26.398,2.9,buy,7855.68,BTC-28JUN19-5500-P,96.61,0.0215,2.9,1,1557769586398,20285725,217
2019-05-13 17:50:17.460,10.0,buy,7826.93,BTC-28JUN19-5500-P,95.11,0.021,10.0,2,1557769817460,20286902,218
2019-05-13 17:51:49.102,10.0,buy,7828.94,BTC-28JUN19-5500-P,97.37,0.0225,10.0,0,1557769909102,20287143,219
2019-05-13 18:45:37.807,3.9,sell,7869.8,BTC-28JUN19-5500-P,86.49,0.015,3.9,2,1557773137807,20293823,221
2019-05-13 18:45:37.807,5.2,sell,7869.8,BTC-28JUN19-5500-P,91.43,0.018000000000000002,5.2,2,1557773137807,20293822,220
2019-05-13 19:17:02.111,0.2,buy,7829.99,BTC-28JUN19-5500-P,95.92,0.0215,0.2,0,1557775022111,20295996,222
2019-05-13 20:23:58.701,10.0,buy,7881.3,BTC-28JUN19-5500-P,93.66,0.019,10.0,2,1557779038701,20306223,223
2019-05-13 22:23:01.705,10.0,buy,8067.36,BTC-28JUN19-5500-P,99.92,0.02,10.0,0,1557786181705,20336249,224
2019-05-13 22:24:51.445,10.0,buy,8067.95,BTC-28JUN19-5500-P,101.61,0.021,10.0,0,1557786291445,20336518,225
2019-05-13 22:56:16.325,10.0,buy,8018.3,BTC-28JUN19-5500-P,101.76,0.022000000000000002,10.0,0,1557788176325,20341662,226
2019-05-13 22:56:30.327,10.0,buy,8017.92,BTC-28JUN19-5500-P,103.17,0.023,10.0,0,1557788190327,20341716,227
2019-05-13 23:14:38.502,10.0,buy,7697.61,BTC-28JUN19-5500-P,105.29,0.0305,10.0,0,1557789278502,20358516,228
2019-05-13 23:43:32.349,35.4,buy,7765.38,BTC-28JUN19-5500-P,105.03,0.028999999999999998,35.4,2,1557791012349,20368348,229
2019-05-14 10:16:02.431,1.0,buy,7936.2,BTC-28JUN19-5500-P,105.37,0.025,1.0,2,1557828962431,20498335,230
2019-05-14 10:39:11.333,3.4,sell,7974.84,BTC-28JUN19-5500-P,99.57,0.0205,3.4,2,1557830351333,20502705,231
2019-05-14 10:54:06.772,0.1,buy,8059.96,BTC-28JUN19-5500-P,108.63,0.025,0.1,0,1557831246772,20504272,232
2019-05-14 12:40:21.354,0.4,sell,8150.99,BTC-28JUN19-5500-P,108.17,0.023,0.4,2,1557837621354,20516172,233
2019-05-14 13:13:16.028,0.4,sell,8124.78,BTC-28JUN19-5500-P,105.65,0.022000000000000002,0.4,2,1557839596028,20520893,234
2019-05-14 14:36:17.919,1.0,sell,8074.3,BTC-28JUN19-5500-P,105.0,0.0225,1.0,0,1557844577919,20530462,235
2019-05-14 14:59:55.090,3.6,sell,8058.5,BTC-28JUN19-5500-P,96.5,0.0175,3.6,2,1557845995090,20535991,236
2019-05-14 16:00:20.744,6.4,buy,7948.95,BTC-28JUN19-5500-P,93.85,0.0175,6.4,3,1557849620744,20545223,237
2019-05-14 16:01:43.164,10.0,buy,7890.88,BTC-28JUN19-5500-P,92.95,0.018000000000000002,10.0,0,1557849703164,20546135,238
2019-05-14 16:06:47.301,10.0,buy,7795.21,BTC-28JUN19-5500-P,95.12,0.0205,10.0,0,1557850007301,20551513,239
2019-05-14 19:01:32.612,15.0,buy,7802.84,BTC-28JUN19-5500-P,95.58,0.0205,15.0,1,1557860492612,20589939,240
2019-05-14 23:48:28.283,1.0,sell,8037.23,BTC-28JUN19-5500-P,95.04,0.0165,1.0,2,1557877708283,20639362,241
2019-05-15 00:40:55.430,1.0,buy,8011.41,BTC-28JUN19-5500-P,95.16,0.017,1.0,0,1557880855430,20649765,242
2019-05-15 06:59:33.094,25.0,buy,8006.62,BTC-28JUN19-5500-P,103.69,0.022000000000000002,25.0,0,1557903573094,20672247,243
2019-05-15 15:10:03.293,0.1,sell,8005.37,BTC-28JUN19-5500-P,100.85,0.02,0.1,2,1557933003293,20728580,244
2019-05-15 20:46:31.960,1.0,sell,8181.11,BTC-28JUN19-5500-P,90.57,0.012,1.0,2,1557953191960,20779523,245
2019-05-16 00:55:54.064,7.1000000000000005,sell,8359.56,BTC-28JUN19-5500-P,92.89,0.011000000000000001,7.1000000000000005,2,1557968154064,20818595,246
2019-05-16 09:21:50.809,2.0,buy,8023.14,BTC-28JUN19-5500-P,97.75,0.017,2.0,0,1557998510809,20892728,247
2019-05-16 15:28:44.609,20.0,sell,7966.99,BTC-28JUN19-5500-P,97.66,0.0175,20.0,0,1558020524609,20943552,248
2019-05-16 16:37:16.178,2.0,buy,7941.83,BTC-28JUN19-5500-P,99.67,0.019,2.0,0,1558024636178,20952273,249
2019-05-16 16:42:42.336,0.1,buy,7928.26,BTC-28JUN19-5500-P,99.16,0.019,0.1,1,1558024962336,20953470,250
2019-05-16 16:42:43.458,0.1,buy,7928.35,BTC-28JUN19-5500-P,99.18,0.019,0.1,1,1558024963458,20953471,251
2019-05-16 16:42:44.823,0.1,buy,7928.41,BTC-28JUN19-5500-P,99.18,0.019,0.1,1,1558024964823,20953472,252
2019-05-16 16:42:46.790,0.1,buy,7929.78,BTC-28JUN19-5500-P,99.22,0.019,0.1,1,1558024966790,20953473,253
2019-05-16 16:42:48.940,0.1,buy,7929.88,BTC-28JUN19-5500-P,99.22,0.019,0.1,1,1558024968940,20953475,254
2019-05-16 16:42:49.957,0.1,buy,7930.25,BTC-28JUN19-5500-P,99.23,0.019,0.1,1,1558024969957,20953476,255
2019-05-16 16:42:50.990,0.1,buy,7930.26,BTC-28JUN19-5500-P,99.23,0.019,0.1,1,1558024970990,20953477,256
2019-05-16 16:59:09.315,2.4,buy,7927.23,BTC-28JUN19-5500-P,99.02,0.019,2.4,1,1558025949315,20954999,257
2019-05-16 19:07:30.819,5.0,buy,7904.98,BTC-28JUN19-5500-P,98.69,0.019,5.0,1,1558033650819,20965664,258
2019-05-16 19:26:01.668,9.9,buy,7832.33,BTC-28JUN19-5500-P,96.97,0.019,9.9,1,1558034761668,20967279,259
2019-05-16 21:26:16.878,2.9,sell,7862.19,BTC-28JUN19-5500-P,97.81,0.019,2.9,1,1558041976878,20985890,260
2019-05-17 01:58:59.707,2.1,sell,7810.82,BTC-28JUN19-5500-P,95.04,0.018000000000000002,2.1,2,1558058339707,21012732,262
2019-05-17 01:58:59.707,2.9,sell,7810.82,BTC-28JUN19-5500-P,95.86,0.0185,2.9,2,1558058339707,21012731,261
2019-05-17 02:10:09.673,5.0,buy,7793.46,BTC-28JUN19-5500-P,101.69,0.0225,5.0,0,1558059009673,21013604,263
2019-05-17 02:12:04.850,2.0,buy,7789.79,BTC-28JUN19-5500-P,101.6,0.0225,2.0,1,1558059124850,21013663,264
2019-05-17 02:12:11.013,0.5,buy,7788.93,BTC-28JUN19-5500-P,101.56,0.0225,0.5,1,1558059131013,21013670,265
2019-05-17 03:00:45.485,4.1,buy,7281.31,BTC-28JUN19-5500-P,92.35,0.024,4.1,0,1558062045485,21027503,266
2019-05-17 03:05:51.262,3.0,buy,7086.92,BTC-28JUN19-5500-P,91.46,0.027999999999999997,3.0,0,1558062351262,21039468,267
2019-05-17 03:09:16.870,0.4,buy,6805.89,BTC-28JUN19-5500-P,89.23,0.03,0.4,0,1558062556870,21046884,268
2019-05-17 04:05:03.809,4.0,buy,7344.14,BTC-28JUN19-5500-P,97.0,0.028,4.0,2,1558065903809,21090812,269
2019-05-17 04:05:04.313,5.0,sell,7344.81,BTC-28JUN19-5500-P,96.34,0.0275,5.0,2,1558065904313,21090821,270
2019-05-17 04:23:49.587,5.0,buy,7316.87,BTC-28JUN19-5500-P,97.08,0.028999999999999998,5.0,0,1558067029587,21096907,271
2019-05-17 06:05:08.119,0.7000000000000001,sell,7186.94,BTC-28JUN19-5500-P,97.04,0.031,0.7000000000000001,0,1558073108119,21118803,272
2019-05-17 07:48:43.996,2.0,sell,7320.71,BTC-28JUN19-5500-P,96.53,0.027999999999999997,2.0,2,1558079323996,21128776,273
2019-05-17 09:51:06.146,1.0,buy,7279.7,BTC-28JUN19-5500-P,99.15,0.031,1.0,0,1558086666146,21139319,274
2019-05-17 10:10:51.345,7.5,buy,7230.38,BTC-28JUN19-5500-P,98.57,0.032,7.5,0,1558087851345,21140530,275
2019-05-17 14:31:27.073,0.3,sell,7182.37,BTC-28JUN19-5500-P,95.32,0.03,0.3,2,1558103487073,21183375,276
2019-05-17 17:28:58.262,0.1,buy,7064.4,BTC-28JUN19-5500-P,99.78,0.037000000000000005,0.1,0,1558114138262,21206068,277
2019-05-17 17:45:40.501,4.2,sell,7051.7,BTC-28JUN19-5500-P,96.83,0.035,4.2,2,1558115140501,21208895,278
2019-05-17 18:18:29.448,5.1000000000000005,buy,7084.11,BTC-28JUN19-5500-P,100.21,0.037000000000000005,5.1000000000000005,0,1558117109448,21216907,279
2019-05-17 18:18:53.484,5.1000000000000005,buy,7095.44,BTC-28JUN19-5500-P,100.67,0.037000000000000005,5.1000000000000005,1,1558117133484,21216983,280
2019-05-17 20:33:08.911,2.0,buy,7078.9,BTC-28JUN19-5500-P,97.07,0.0345,2.0,2,1558125188911,21229609,281
2019-05-17 20:33:38.657,12.8,sell,7070.6,BTC-28JUN19-5500-P,96.17,0.034,12.8,2,1558125218657,21229626,282
2019-05-18 02:21:46.791,3.0,sell,7313.86,BTC-28JUN19-5500-P,99.97,0.031,3.0,2,1558146106791,21260752,283
2019-05-18 11:35:03.872,3.0,buy,7347.49,BTC-28JUN19-5500-P,107.03,0.0365,3.0,0,1558179303872,21296196,284
2019-05-18 19:27:13.189,0.1,buy,7301.84,BTC-28JUN19-5500-P,102.5,0.0335,0.1,2,1558207633189,21314835,285
2019-05-18 21:53:29.141,2.9,sell,7338.42,BTC-28JUN19-5500-P,102.21,0.032,2.9,2,1558216409141,21319475,286
2019-05-18 21:58:16.873,12.8,sell,7341.09,BTC-28JUN19-5500-P,99.01,0.0295,12.8,2,1558216696873,21319664,287
2019-05-19 02:46:51.842,0.4,buy,7776.19,BTC-28JUN19-5500-P,107.18,0.026000000000000002,0.4,2,1558234011842,21354292,288
2019-05-19 07:58:15.114,1.0,buy,7969.08,BTC-28JUN19-5500-P,114.86,0.027000000000000003,1.0,0,1558252695114,21384366,289
2019-05-19 10:51:36.240,0.4,sell,8110.72,BTC-28JUN19-5500-P,100.32,0.016,0.4,2,1558263096240,21398622,290
2019-05-19 22:47:21.205,0.5,sell,8258.79,BTC-28JUN19-5500-P,101.24,0.0135,0.5,2,1558306041205,21468146,291
2019-05-19 23:38:31.180,0.3,sell,8215.06,BTC-28JUN19-5500-P,102.18,0.013999999999999999,0.3,0,1558309111180,21483022,292
2019-05-19 23:55:34.310,2.6,buy,8194.05,BTC-28JUN19-5500-P,101.61,0.013999999999999999,2.6,1,1558310134310,21485099,293
2019-05-20 00:05:36.838,2.6,buy,8093.35,BTC-28JUN19-5500-P,99.36,0.013999999999999999,2.6,1,1558310736838,21488397,294
2019-05-20 00:06:15.334,2.8000000000000003,buy,7984.73,BTC-28JUN19-5500-P,97.08,0.013999999999999999,2.8000000000000003,1,1558310775334,21489316,295
2019-05-20 00:40:55.001,3.1,buy,7950.77,BTC-28JUN19-5500-P,95.68,0.013999999999999999,3.1,1,1558312855001,21500323,296
2019-05-20 00:41:03.622,5.0,buy,7933.34,BTC-28JUN19-5500-P,95.21,0.013999999999999999,5.0,1,1558312863622,21500546,297
2019-05-20 00:43:21.099,10.0,buy,7897.47,BTC-28JUN19-5500-P,94.49,0.013999999999999999,10.0,1,1558313001099,21502039,298
2019-05-20 00:43:35.126,23.6,buy,7877.56,BTC-28JUN19-5500-P,94.19,0.013999999999999999,23.6,1,1558313015126,21502514,299
2019-05-20 09:20:42.379,16.0,buy,7839.24,BTC-28JUN19-5500-P,104.02,0.02,16.0,0,1558344042379,21556858,300
2019-05-20 13:09:44.974,10.0,buy,7599.66,BTC-28JUN19-5500-P,97.82,0.02,10.0,1,1558357784974,21582128,301
2019-05-21 09:25:49.644,0.1,sell,8008.62,BTC-28JUN19-5500-P,98.26,0.014,0.1,2,1558430749644,21679534,302
2019-05-22 21:22:55.668,25.0,buy,7805.88,BTC-28JUN19-5500-P,92.17,0.0125,25.0,2,1558560175668,21820528,303
2019-05-22 22:05:27.499,2.0,buy,7570.16,BTC-28JUN19-5500-P,93.29,0.0165,2.0,0,1558562727499,21831342,304
2019-05-23 04:19:32.190,2.0,buy,7649.9,BTC-28JUN19-5500-P,96.74,0.017,2.0,0,1558585172190,21866624,305
2019-05-23 07:01:57.101,5.0,sell,7648.97,BTC-28JUN19-5500-P,93.38,0.015,5.0,2,1558594917101,21876246,306
2019-05-23 10:48:28.020,20.0,sell,7614.84,BTC-28JUN19-5500-P,92.62,0.015,20.0,3,1558608508020,21891738,307
2019-05-23 23:31:15.004,2.0,sell,7907.18,BTC-28JUN19-5500-P,96.73,0.013,2.0,2,1558654275004,21948761,308
2019-05-24 13:33:27.115,0.3,sell,7995.48,BTC-28JUN19-5500-P,92.27,0.0095,0.3,2,1558704807115,21989372,309
2019-05-24 14:57:29.565,1.7,sell,8057.69,BTC-28JUN19-5500-P,94.15,0.0095,1.7,3,1558709849565,21993099,310
2019-05-25 11:21:38.394,20.0,sell,8139.47,BTC-28JUN19-5500-P,93.39,0.008,20.0,2,1558783298394,22051597,311
2019-05-25 12:41:23.828,1.0,buy,8082.32,BTC-28JUN19-5500-P,97.34,0.01,1.0,0,1558788083828,22054824,312
2019-05-25 12:42:51.481,8.5,buy,8080.5,BTC-28JUN19-5500-P,99.74,0.011,8.5,0,1558788171481,22054879,314
2019-05-25 12:42:51.481,0.5,buy,8080.5,BTC-28JUN19-5500-P,98.52,0.0105,0.5,0,1558788171481,22054878,313
2019-05-25 18:46:00.408,10.0,buy,8072.58,BTC-28JUN19-5500-P,99.78,0.011,10.0,1,1558809960408,22067643,315
2019-05-25 18:47:58.360,10.0,buy,8074.81,BTC-28JUN19-5500-P,100.99,0.0115,10.0,0,1558810078360,22067677,316
2019-05-25 19:45:02.807,10.0,buy,8032.55,BTC-28JUN19-5500-P,102.21,0.0125,10.0,0,1558813502807,22071515,317
2019-05-26 06:03:38.700,1.0,sell,8001.44,BTC-28JUN19-5500-P,92.44,0.0085,1.0,2,1558850618700,22086832,318
2019-05-26 08:41:55.009,0.2,buy,7997.79,BTC-28JUN19-5500-P,103.47,0.013,0.2,0,1558860115009,22092513,319
2019-05-26 12:29:52.564,0.2,buy,7960.76,BTC-28JUN19-5500-P,96.79,0.0105,0.2,2,1558873792564,22102100,320
2019-05-26 14:57:37.675,9.0,sell,8010.52,BTC-28JUN19-5500-P,93.15,0.0085,9.0,2,1558882657675,22106536,321
2019-05-26 14:57:45.545,9.0,sell,8010.27,BTC-28JUN19-5500-P,91.78,0.008,9.0,2,1558882665545,22106537,322
2019-05-26 19:30:49.360,1.1,sell,8286.76,BTC-28JUN19-5500-P,93.62,0.006,1.1,2,1558899049360,22123950,323
2019-05-26 19:30:49.360,2.6,sell,8286.76,BTC-28JUN19-5500-P,93.62,0.006,2.6,3,1558899049360,22123951,324
2019-05-26 19:38:23.380,12.5,sell,8552.68,BTC-28JUN19-5500-P,100.56,0.006,12.5,3,1558899503380,22141084,325
2019-05-26 19:54:21.321,12.0,sell,8521.61,BTC-28JUN19-5500-P,101.22,0.0065,12.0,0,1558900461321,22156576,326
2019-05-26 20:01:22.937,84.9,sell,8621.0,BTC-28JUN19-5500-P,102.17,0.006,84.9,2,1558900882937,22164685,327
2019-05-26 20:12:29.593,20.0,sell,8604.07,BTC-28JUN19-5500-P,101.86,0.006,20.0,3,1558901549593,22178369,328
2019-05-26 20:13:29.924,0.1,buy,8628.36,BTC-28JUN19-5500-P,104.44,0.0065,0.1,0,1558901609924,22179250,329
2019-05-26 20:46:19.317,1.0,sell,8629.56,BTC-28JUN19-5500-P,98.05,0.005,1.0,2,1558903579317,22193875,330
2019-05-26 20:48:23.490,1.0,buy,8655.28,BTC-28JUN19-5500-P,102.37,0.006,1.0,0,1558903703490,22194386,331
2019-05-26 20:53:40.634,9.0,sell,8628.66,BTC-28JUN19-5500-P,97.93,0.005,9.0,2,1558904020634,22195785,332
2019-05-26 20:53:40.634,4.0,sell,8628.66,BTC-28JUN19-5500-P,97.93,0.005,4.0,3,1558904020634,22195786,333
2019-05-27 00:02:56.974,55.0,buy,8765.8,BTC-28JUN19-5500-P,111.87,0.008,55.0,0,1558915376974,22234987,334
2019-05-27 17:22:28.882,10.0,sell,8726.24,BTC-28JUN19-5500-P,103.54,0.0055,10.0,2,1558977748882,22341363,335
2019-05-27 19:58:13.709,10.0,sell,8815.72,BTC-28JUN19-5500-P,103.5,0.005,10.0,2,1558987093709,22352832,336
2019-05-28 00:15:24.757,3.9,sell,8808.94,BTC-28JUN19-5500-P,101.49,0.0045,3.9,2,1559002524757,22368094,337
2019-05-28 05:18:04.335,11.1,sell,8781.9,BTC-28JUN19-5500-P,101.34,0.0045,11.1,3,1559020684335,22377194,338
2019-05-29 14:21:38.082,5.1000000000000005,buy,8713.64,BTC-28JUN19-5500-P,104.36,0.0055,5.1000000000000005,0,1559139698082,22518485,339
2019-05-29 14:23:53.272,0.2,buy,8727.31,BTC-28JUN19-5500-P,104.75,0.0055,0.2,1,1559139833272,22518666,340
2019-05-30 02:51:22.498,0.1,buy,8605.49,BTC-28JUN19-5500-P,100.58,0.005,0.1,2,1559184682498,22569440,341
2019-05-30 14:51:58.714,24.0,sell,8727.84,BTC-28JUN19-5500-P,97.39,0.0035,24.0,2,1559227918714,22606250,342
2019-05-30 14:52:07.535,3.2,sell,8728.88,BTC-28JUN19-5500-P,97.4,0.0035,3.2,3,1559227927535,22606308,343
2019-05-30 14:52:07.535,0.2,sell,8728.88,BTC-28JUN19-5500-P,94.66,0.003,0.2,2,1559227927535,22606310,345
2019-05-30 14:52:07.535,6.2,sell,8728.88,BTC-28JUN19-5500-P,97.4,0.0035,6.2,3,1559227927535,22606309,344
2019-05-30 21:10:49.268,0.9,buy,8462.13,BTC-28JUN19-5500-P,98.44,0.005,0.9,0,1559250649268,22697677,346
2019-05-30 21:14:36.455,0.8,buy,8421.19,BTC-28JUN19-5500-P,103.13,0.0065,0.8,0,1559250876455,22699410,347
2019-05-30 21:15:27.650,0.5,buy,8404.32,BTC-28JUN19-5500-P,102.63,0.0065,0.5,1,1559250927650,22699635,348
2019-05-30 21:16:41.863,5.0,buy,8287.98,BTC-28JUN19-5500-P,101.26,0.006999999999999999,5.0,0,1559251001863,22702170,349
2019-05-30 21:16:49.231,10.0,sell,8284.97,BTC-28JUN19-5500-P,101.1,0.006999999999999999,10.0,1,1559251009231,22702503,350
2019-05-30 21:16:56.181,0.1,buy,8279.19,BTC-28JUN19-5500-P,102.63,0.0075,0.1,0,1559251016181,22702697,351
2019-05-31 02:57:58.287,0.2,buy,8280.29,BTC-28JUN19-5500-P,104.57,0.008,0.2,0,1559271478287,22762798,352
2019-05-31 03:15:42.033,0.2,buy,8257.79,BTC-28JUN19-5500-P,105.31,0.0085,0.2,0,1559272542033,22765066,353
2019-05-31 07:54:52.679,1.0,buy,8274.03,BTC-28JUN19-5500-P,104.65,0.008,1.0,2,1559289292679,22780874,354
2019-05-31 17:16:20.812,30.0,sell,8422.42,BTC-28JUN19-5500-P,100.65,0.0055,30.0,2,1559322980812,22824940,355
2019-05-31 19:10:35.360,24.0,sell,8413.85,BTC-28JUN19-5500-P,98.78,0.005,24.0,2,1559329835360,22833212,356
2019-06-01 13:13:39.977,3.0,sell,8531.17,BTC-28JUN19-5500-P,98.55,0.004,3.0,2,1559394819977,22882516,357
2019-06-01 13:42:34.628,0.7000000000000001,sell,8543.79,BTC-28JUN19-5500-P,96.58,0.0035,0.7000000000000001,2,1559396554628,22883299,358
2019-06-01 13:44:10.419,0.8,buy,8543.99,BTC-28JUN19-5500-P,96.59,0.0035,0.8,3,1559396650419,22883301,359
2019-06-02 09:23:50.649,2.0,buy,8724.04,BTC-28JUN19-5500-P,101.65,0.0035,2.0,3,1559467430649,22927604,360
2019-06-02 09:39:33.699,1.0,buy,8723.0,BTC-28JUN19-5500-P,101.51,0.0035,1.0,3,1559468373699,22927964,361
2019-06-02 10:29:41.203,24.8,sell,8694.86,BTC-28JUN19-5500-P,98.44,0.003,24.8,2,1559471381203,22928930,362
2019-06-02 12:32:04.373,3.3000000000000003,buy,8805.47,BTC-28JUN19-5500-P,106.27,0.004,3.3000000000000003,0,1559478724373,22935964,363
2019-06-02 17:49:02.425,1.0,sell,8682.68,BTC-28JUN19-5500-P,75.13,0.0005,1.0,2,1559497742425,22953909,364
2019-06-03 06:28:31.069,1.0,sell,8592.32,BTC-28JUN19-5500-P,94.37,0.0025,1.0,0,1559543311069,22987697,365
2019-06-03 06:29:36.285,1.0,sell,8591.88,BTC-28JUN19-5500-P,97.49,0.003,1.0,0,1559543376285,22987733,366
2019-06-03 06:29:54.298,5.0,sell,8591.75,BTC-28JUN19-5500-P,94.35,0.0025,5.0,2,1559543394298,22987738,367
2019-06-03 09:53:29.355,24.0,sell,8462.39,BTC-28JUN19-5500-P,91.96,0.0025,24.0,3,1559555609355,23016291,368
2019-06-03 10:22:22.774,0.5,buy,8501.45,BTC-28JUN19-5500-P,101.46,0.004,0.5,0,1559557342774,23017307,369
2019-06-03 12:42:00.824,0.5,sell,8518.01,BTC-28JUN19-5500-P,93.24,0.0025,0.5,2,1559565720824,23025338,370
2019-06-03 16:49:56.628,4.2,sell,8541.0,BTC-28JUN19-5500-P,99.89,0.0035,4.2,0,1559580596628,23055728,371
2019-06-03 16:50:01.283,0.1,buy,8544.11,BTC-28JUN19-5500-P,99.95,0.0035,0.1,1,1559580601283,23055744,372
2019-06-03 22:17:44.374,10.0,buy,8449.17,BTC-28JUN19-5500-P,103.77,0.0045,10.0,0,1559600264374,23075462,373
2019-06-04 00:16:11.060,3.3000000000000003,sell,7889.98,BTC-28JUN19-5500-P,91.52,0.005,3.3000000000000003,0,1559607371060,23133873,374
2019-06-04 00:49:53.016,1.0,buy,7957.0,BTC-28JUN19-5500-P,102.11,0.0075,1.0,0,1559609393016,23145184,375
2019-06-04 10:09:23.207,100.0,sell,7966.44,BTC-28JUN19-5500-P,97.61,0.006,100.0,2,1559642963207,23197526,376
2019-06-04 14:41:06.107,3.0,buy,7979.77,BTC-28JUN19-5500-P,104.7,0.008,3.0,0,1559659266107,23215807,377
2019-06-04 14:43:30.012,2.5,buy,7978.4,BTC-28JUN19-5500-P,104.67,0.008,2.5,1,1559659410012,23215875,378
2019-06-04 19:55:09.490,2.0,sell,7646.05,BTC-28JUN19-5500-P,101.31,0.01,2.0,0,1559678109490,23288727,379
2019-06-04 19:57:18.015,2.0,sell,7627.34,BTC-28JUN19-5500-P,100.68,0.01,2.0,1,1559678238015,23288905,380
2019-06-05 10:13:34.921,1.0,sell,7807.65,BTC-28JUN19-5500-P,104.85,0.009000000000000001,1.0,2,1559729614921,23346578,381
2019-06-05 11:49:11.580,1.0,buy,7776.22,BTC-28JUN19-5500-P,101.03,0.008,1.0,2,1559735351580,23354577,382
2019-06-05 12:53:31.299,24.0,sell,7770.11,BTC-28JUN19-5500-P,100.66,0.008,24.0,3,1559739211299,23359164,383
2019-06-05 13:09:52.692,6.0,sell,7782.99,BTC-28JUN19-5500-P,99.66,0.0075,6.0,3,1559740192692,23360145,385
2019-06-05 13:09:52.692,10.0,sell,7782.99,BTC-28JUN19-5500-P,99.66,0.0075,10.0,2,1559740192692,23360144,384
2019-06-05 14:05:00.966,1.0,sell,7793.08,BTC-28JUN19-5500-P,101.6,0.008,1.0,0,1559743500966,23362636,386
2019-06-05 14:05:43.137,2.1,sell,7783.61,BTC-28JUN19-5500-P,98.07,0.006999999999999999,2.1,2,1559743543137,23362745,387
2019-06-05 17:34:29.632,24.0,sell,7818.09,BTC-28JUN19-5500-P,99.43,0.006999999999999999,24.0,3,1559756069632,23385868,388
2019-06-05 17:34:29.632,6.0,sell,7818.09,BTC-28JUN19-5500-P,99.43,0.006999999999999999,6.0,3,1559756069632,23385869,389
2019-06-05 20:47:15.955,24.0,sell,7709.54,BTC-28JUN19-5500-P,96.62,0.006999999999999999,24.0,3,1559767635955,23408815,390
2019-06-05 20:47:15.955,10.0,sell,7709.54,BTC-28JUN19-5500-P,96.62,0.006999999999999999,10.0,3,1559767635955,23408816,391
2019-06-05 21:04:11.492,12.5,buy,7726.8,BTC-28JUN19-5500-P,95.24,0.0065,12.5,2,1559768651492,23412694,392
2019-06-05 21:04:11.534,4.9,buy,7726.8,BTC-28JUN19-5500-P,95.24,0.0065,4.9,3,1559768651534,23412695,393
2019-06-05 21:04:14.382,12.6,buy,7724.21,BTC-28JUN19-5500-P,95.16,0.0065,12.6,3,1559768654382,23412700,394
2019-06-06 11:36:54.870,3.3000000000000003,sell,7831.96,BTC-28JUN19-5500-P,86.92,0.0035,3.3000000000000003,2,1559821014870,23452138,395
2019-06-06 11:37:09.293,3.7,sell,7833.56,BTC-28JUN19-5500-P,84.38,0.003,3.7,2,1559821029293,23452141,396
2019-06-06 16:24:52.596,3.9,sell,7729.29,BTC-28JUN19-5500-P,84.05,0.0035,3.9,0,1559838292596,23489782,397
2019-06-06 16:24:52.596,3.6,sell,7729.29,BTC-28JUN19-5500-P,84.05,0.0035,3.6,1,1559838292596,23489783,398
2019-06-06 18:54:24.934,1.0,buy,7594.34,BTC-28JUN19-5500-P,85.04,0.0045,1.0,0,1559847264934,23516576,399
2019-06-07 07:13:31.852,0.1,sell,7985.55,BTC-28JUN19-5500-P,83.51,0.002,0.1,2,1559891611852,23569011,400
2019-06-07 07:16:59.123,10.0,sell,7946.42,BTC-28JUN19-5500-P,82.63,0.002,10.0,3,1559891819123,23571625,401
2019-06-07 09:10:33.964,2.0,buy,7993.01,BTC-28JUN19-5500-P,90.26,0.003,2.0,0,1559898633964,23580864,402
2019-06-07 09:12:18.719,2.0,buy,7993.75,BTC-28JUN19-5500-P,90.3,0.003,2.0,1,1559898738719,23580890,403
2019-06-07 10:24:47.275,6.0,buy,7981.02,BTC-28JUN19-5500-P,89.96,0.003,6.0,1,1559903087275,23583325,404
2019-06-07 10:24:47.275,50.0,buy,7981.02,BTC-28JUN19-5500-P,89.96,0.003,50.0,1,1559903087275,23583326,405
2019-06-07 13:30:07.859,4.8,buy,7970.93,BTC-28JUN19-5500-P,90.16,0.003,4.8,1,1559914207859,23588434,406
2019-06-07 13:30:07.859,10.0,buy,7970.93,BTC-28JUN19-5500-P,92.9,0.0035,10.0,0,1559914207859,23588435,407
2019-06-07 13:30:07.865,5.0,sell,7970.93,BTC-28JUN19-5500-P,92.9,0.0035,5.0,1,1559914207865,23588436,408
2019-06-07 13:30:08.018,4.2,sell,7970.93,BTC-28JUN19-5500-P,92.9,0.0035,4.2,1,1559914208018,23588437,409
2019-06-07 17:17:29.301,2.0,buy,8070.43,BTC-28JUN19-5500-P,93.05,0.003,2.0,2,1559927849301,23602917,410
2019-06-08 04:16:18.578,20.0,buy,7962.18,BTC-28JUN19-5500-P,90.83,0.003,20.0,3,1559967378578,23638328,411
2019-06-08 16:38:32.779,20.0,sell,7845.01,BTC-28JUN19-5500-P,78.25,0.0015,20.0,2,1560011912779,23668022,412
2019-06-09 15:45:52.261,1.0,sell,7745.08,BTC-28JUN19-5500-P,87.54,0.003,1.0,0,1560095152261,23721925,413
2019-06-09 22:17:46.980,1.0,buy,7563.53,BTC-28JUN19-5500-P,82.6,0.003,1.0,1,1560118666980,23762257,414
2019-06-10 01:24:48.430,10.0,buy,7618.72,BTC-28JUN19-5500-P,90.19,0.004,10.0,0,1560129888430,23790688,415
2019-06-10 01:24:48.430,6.0,buy,7618.72,BTC-28JUN19-5500-P,90.19,0.004,6.0,1,1560129888430,23790689,416
2019-06-10 01:24:48.521,5.0,sell,7618.72,BTC-28JUN19-5500-P,90.19,0.004,5.0,1,1560129888521,23790690,417
2019-06-10 05:29:53.704,25.0,sell,7627.22,BTC-28JUN19-5500-P,88.44,0.0035,25.0,2,1560144593704,23800865,418
2019-06-10 05:49:19.181,75.0,sell,7631.54,BTC-28JUN19-5500-P,88.62,0.0035,75.0,3,1560145759181,23801303,419
2019-06-10 11:41:58.764,1.7,sell,7971.37,BTC-28JUN19-5500-P,72.84,0.0005,1.7,2,1560166918764,23832278,420
2019-06-10 12:39:57.299,0.4,sell,7980.77,BTC-28JUN19-5500-P,72.13,0.0005,0.4,3,1560170397299,23848730,421
2019-06-11 09:15:13.662,15.0,sell,7952.82,BTC-28JUN19-5500-P,82.25,0.001,15.0,0,1560244513662,23899042,422
2019-06-11 12:34:00.820,1.0,sell,7780.08,BTC-28JUN19-5500-P,77.22,0.001,1.0,1,1560256440820,23924568,423
2019-06-11 12:34:00.820,10.0,sell,7780.08,BTC-28JUN19-5500-P,77.22,0.001,10.0,1,1560256440820,23924569,424
2019-06-11 12:34:00.820,9.6,sell,7780.08,BTC-28JUN19-5500-P,77.22,0.001,9.6,1,1560256440820,23924570,425
2019-06-11 15:55:38.038,10.0,sell,7791.06,BTC-28JUN19-5500-P,77.88,0.001,10.0,1,1560268538038,23936252,426
2019-06-11 15:55:38.040,0.4,buy,7791.06,BTC-28JUN19-5500-P,77.88,0.001,0.4,1,1560268538040,23936253,427
2019-06-11 19:26:09.278,1.0,sell,7882.28,BTC-28JUN19-5500-P,80.85,0.001,1.0,1,1560281169278,23953487,428
2019-06-12 16:44:59.293,1.0,buy,8184.53,BTC-28JUN19-5500-P,97.12,0.0015,1.0,0,1560357899293,24031077,429
2019-06-12 16:45:20.791,2.0,buy,8186.29,BTC-28JUN19-5500-P,97.22,0.0015,2.0,1,1560357920791,24031084,430
2019-06-12 20:04:08.484,1.9,sell,8172.96,BTC-28JUN19-5500-P,82.96,0.0005,1.9,2,1560369848484,24038615,431
2019-06-12 23:27:02.417,0.1,buy,8137.66,BTC-28JUN19-5500-P,96.6,0.0015,0.1,0,1560382022417,24044496,432
2019-06-13 15:26:58.962,3.5,sell,8208.25,BTC-28JUN19-5500-P,86.25,0.0005,3.5,2,1560439618962,24080165,433
2019-06-13 18:28:13.266,1.0,sell,8210.9,BTC-28JUN19-5500-P,86.58,0.0005,1.0,3,1560450493266,24086786,434
2019-06-14 11:29:52.781,0.1,sell,8290.65,BTC-28JUN19-5500-P,99.93,0.001,0.1,0,1560511792781,24127929,435
2019-06-14 21:39:57.994,2.9,sell,8634.87,BTC-28JUN19-5500-P,100.36,0.0005,2.9,2,1560548397994,24174301,436
2019-06-14 21:40:09.619,0.1,sell,8638.84,BTC-28JUN19-5500-P,100.47,0.0005,0.1,3,1560548409619,24174327,437
2019-06-16 21:25:57.820,4.0,buy,9000.06,BTC-28JUN19-5500-P,120.25,0.0005,4.0,3,1560720357820,24429159,438
