date_utc,amount,direction,indexPrice,instrument,iv,price,quantity,tickDirection,timeStamp,tradeId,tradeSeq
2019-03-31 22:15:21.916,6.9,buy,4088.96,BTC-27DEC19-11000-C,68.51,0.0175,6.9,1,1554070521916,16992054,1
2019-04-02 04:45:38.764,0.5,buy,4453.56,BTC-27DEC19-11000-C,63.29,0.016,0.5,2,1554180338764,17033423,2
2019-04-02 07:20:38.745,0.2,buy,4692.85,BTC-27DEC19-11000-C,68.52,0.029,0.2,0,1554189638745,17091346,3
2019-04-02 11:12:04.291,3.0,buy,4793.38,BTC-27DEC19-11000-C,66.94,0.028,3.0,2,1554203524291,17106683,4
2019-04-02 17:14:24.883,0.1,buy,4725.95,BTC-27DEC19-11000-C,68.27,0.029,0.1,0,1554225264883,17123639,5
2019-04-02 17:14:33.920,0.2,buy,4725.91,BTC-27DEC19-11000-C,68.27,0.029,0.2,1,1554225273920,17123640,6
2019-04-02 18:37:35.143,0.1,buy,4733.4,BTC-27DEC19-11000-C,67.9,0.0285,0.1,2,1554230255143,17126612,7
2019-04-02 18:37:43.113,0.1,buy,4733.54,BTC-27DEC19-11000-C,67.9,0.0285,0.1,3,1554230263113,17126613,8
2019-04-02 20:12:10.064,0.2,buy,4798.17,BTC-27DEC19-11000-C,68.37,0.0305,0.2,0,1554235930064,17129520,9
2019-04-02 20:29:12.307,0.5,buy,4819.81,BTC-27DEC19-11000-C,68.4,0.031,0.5,0,1554236952307,17131992,10
2019-04-02 22:34:05.358,0.1,buy,4818.65,BTC-27DEC19-11000-C,68.44,0.031,0.1,1,1554244445358,17140646,11
2019-04-03 21:31:30.370,0.1,buy,5332.21,BTC-27DEC19-11000-C,71.99,0.0505,0.1,0,1554327090370,17241428,12
2019-04-03 22:10:28.015,0.1,buy,5237.72,BTC-27DEC19-11000-C,71.4,0.047,0.1,2,1554329428015,17247047,13
2019-04-03 22:12:36.409,0.2,buy,5252.01,BTC-27DEC19-11000-C,71.3,0.047,0.2,3,1554329556409,17247261,14
2019-04-03 22:13:53.599,0.1,buy,5253.61,BTC-27DEC19-11000-C,71.26,0.047,0.1,3,1554329633599,17247317,15
2019-04-03 22:51:17.393,0.2,sell,5137.76,BTC-27DEC19-11000-C,61.27,0.0245,0.2,2,1554331877393,17256136,16
2019-04-03 23:11:56.745,0.1,buy,4945.99,BTC-27DEC19-11000-C,74.11,0.0455,0.1,0,1554333116745,17267311,17
2019-04-05 17:05:11.062,0.1,buy,5015.91,BTC-27DEC19-11000-C,74.47,0.0475,0.1,0,1554483911062,17374500,18
2019-04-07 14:56:51.672,0.1,buy,5137.98,BTC-27DEC19-11000-C,79.13,0.0625,0.1,0,1554649011672,17468716,19
2019-04-07 15:33:46.128,0.1,buy,5118.13,BTC-27DEC19-11000-C,79.22,0.062,0.1,2,1554651226128,17469801,20
2019-04-07 16:37:49.319,0.1,buy,5099.82,BTC-27DEC19-11000-C,79.45,0.062,0.1,3,1554655069319,17473682,21
2019-04-08 00:16:20.108,0.1,sell,5193.82,BTC-27DEC19-11000-C,89.98,0.09300000000000001,0.1,0,1554682580108,17496179,22
2019-04-08 14:12:42.371,0.1,buy,5201.82,BTC-27DEC19-11000-C,70.45,0.0435,0.1,2,1554732762371,17532306,23
2019-04-08 17:33:11.761,0.1,buy,5201.41,BTC-27DEC19-11000-C,70.5,0.0435,0.1,3,1554744791761,17537698,24
2019-04-09 14:30:40.118,0.3,buy,5211.02,BTC-27DEC19-11000-C,69.96,0.042,0.3,2,1554820240118,17576436,25
2019-04-09 21:26:58.034,0.1,buy,5223.6,BTC-27DEC19-11000-C,69.91,0.042,0.1,3,1554845218034,17582209,26
2019-04-10 17:40:15.977,0.1,buy,5287.84,BTC-27DEC19-11000-C,69.74,0.043,0.1,0,1554918015977,17606019,27
2019-04-10 18:38:55.135,0.1,buy,5437.58,BTC-27DEC19-11000-C,69.47,0.046,0.1,0,1554921535135,17618445,28
2019-04-12 14:21:11.729,0.1,buy,5070.58,BTC-27DEC19-11000-C,69.45,0.036000000000000004,0.1,2,1555078871729,17750102,29
2019-04-12 15:53:11.412,1.0,sell,5072.89,BTC-27DEC19-11000-C,68.91,0.035,1.0,2,1555084391412,17751669,30
2019-04-13 20:02:52.864,0.1,sell,5074.6,BTC-27DEC19-11000-C,72.05,0.04,0.1,0,1555185772864,17783858,31
2019-04-14 15:56:13.075,0.1,buy,5074.89,BTC-27DEC19-11000-C,75.86,0.048,0.1,0,1555257373075,17797561,32
2019-04-14 15:56:23.663,0.1,buy,5074.89,BTC-27DEC19-11000-C,75.86,0.048,0.1,1,1555257383663,17797562,33
2019-04-15 05:28:52.452,0.1,sell,5168.04,BTC-27DEC19-11000-C,67.7,0.0335,0.1,2,1555306132452,17814076,34
2019-04-15 08:35:30.352,0.1,buy,5148.18,BTC-27DEC19-11000-C,67.97,0.0335,0.1,3,1555317330352,17816000,35
2019-04-15 15:00:01.309,10.0,buy,5154.92,BTC-27DEC19-11000-C,67.92,0.0335,10.0,3,1555340401309,17820446,36
2019-04-15 15:00:16.349,10.0,buy,5156.43,BTC-27DEC19-11000-C,68.17,0.034,10.0,0,1555340416349,17820469,37
2019-04-15 15:00:43.824,10.0,buy,5154.61,BTC-27DEC19-11000-C,68.45,0.0345,10.0,0,1555340443824,17820470,38
2019-04-15 15:13:24.823,0.1,sell,5158.12,BTC-27DEC19-11000-C,68.42,0.0345,0.1,1,1555341204823,17820530,39
2019-04-15 20:09:21.512,0.1,buy,4993.84,BTC-27DEC19-11000-C,69.96,0.0345,0.1,1,1555358961512,17840693,40
2019-04-16 01:12:28.654,0.1,buy,5058.08,BTC-27DEC19-11000-C,68.7,0.0335,0.1,2,1555377148654,17849869,41
2019-04-16 01:30:03.783,0.1,buy,5058.73,BTC-27DEC19-11000-C,68.71,0.0335,0.1,3,1555378203783,17849989,42
2019-04-16 03:56:29.707,0.1,buy,5054.35,BTC-27DEC19-11000-C,68.8,0.0335,0.1,3,1555386989707,17851361,43
2019-04-16 04:36:07.160,0.1,buy,5057.5,BTC-27DEC19-11000-C,68.76,0.0335,0.1,3,1555389367160,17851741,44
2019-04-16 04:45:57.412,0.1,buy,5059.83,BTC-27DEC19-11000-C,68.76,0.0335,0.1,3,1555389957412,17851767,45
2019-04-18 21:29:42.896,0.1,buy,5310.2,BTC-27DEC19-11000-C,70.22,0.0415,0.1,0,1555622982896,17936098,46
2019-04-19 14:14:20.205,0.1,buy,5248.18,BTC-27DEC19-11000-C,70.5,0.0405,0.1,2,1555683260205,17951376,47
2019-04-21 07:46:03.342,0.1,buy,5324.77,BTC-27DEC19-11000-C,70.79,0.0425,0.1,0,1555832763342,17999900,48
2019-04-21 23:58:28.423,0.1,buy,5298.64,BTC-27DEC19-11000-C,70.82,0.0415,0.1,2,1555891108423,18027408,49
2019-04-22 14:01:57.374,0.1,buy,5299.18,BTC-27DEC19-11000-C,70.81,0.0415,0.1,3,1555941717374,18037912,50
2019-04-23 22:58:55.281,0.1,buy,5554.17,BTC-27DEC19-11000-C,70.7,0.047,0.1,0,1556060335281,18130973,51
2019-04-24 01:46:01.823,0.1,buy,5550.48,BTC-27DEC19-11000-C,70.4,0.046,0.1,2,1556070361823,18139544,52
2019-04-24 16:50:17.039,0.1,buy,5440.91,BTC-27DEC19-11000-C,71.2,0.0445,0.1,2,1556124617039,18184086,53
2019-04-24 19:13:18.302,0.1,buy,5422.93,BTC-27DEC19-11000-C,71.19,0.044000000000000004,0.1,2,1556133198302,18195291,54
2019-04-25 17:04:03.392,0.1,buy,5481.86,BTC-27DEC19-11000-C,70.76,0.044000000000000004,0.1,3,1556211843392,18225421,55
2019-04-25 23:29:41.049,0.1,buy,5145.88,BTC-27DEC19-11000-C,71.19,0.0365,0.1,2,1556234981049,18284766,56
2019-04-26 02:20:12.045,4.9,buy,5150.9,BTC-27DEC19-11000-C,71.09,0.0365,4.9,3,1556245212045,18296810,57
2019-04-26 11:13:41.422,0.1,buy,5146.56,BTC-27DEC19-11000-C,73.15,0.0405,0.1,0,1556277221422,18325128,58
2019-04-28 02:08:49.994,0.1,buy,5174.61,BTC-27DEC19-11000-C,71.73,0.0375,0.1,2,1556417329994,18377721,59
2019-04-28 23:59:05.509,0.1,buy,5160.0,BTC-27DEC19-11000-C,72.32,0.038,0.1,0,1556495945509,18404670,60
2019-04-29 17:36:50.059,10.0,buy,5169.87,BTC-27DEC19-11000-C,71.89,0.037000000000000005,10.0,2,1556559410059,18431926,61
2019-04-29 17:37:03.871,10.0,buy,5169.8,BTC-27DEC19-11000-C,72.15,0.0375,10.0,1,1556559423871,18431935,63
2019-04-29 17:37:03.871,10.0,buy,5169.8,BTC-27DEC19-11000-C,72.15,0.0375,10.0,0,1556559423871,18431934,62
2019-04-29 17:37:31.859,10.0,buy,5169.64,BTC-27DEC19-11000-C,72.41,0.038,10.0,0,1556559451859,18431944,64
2019-04-29 17:37:52.877,0.3,buy,5170.24,BTC-27DEC19-11000-C,72.41,0.038,0.3,1,1556559472877,18431949,65
2019-04-29 17:54:38.851,10.0,buy,5149.9,BTC-27DEC19-11000-C,72.43,0.0375,10.0,2,1556560478851,18432823,66
2019-04-29 17:55:08.819,12.0,buy,5149.79,BTC-27DEC19-11000-C,72.68,0.038,12.0,0,1556560508819,18432836,67
2019-04-29 17:56:22.031,10.0,sell,5150.7,BTC-27DEC19-11000-C,72.67,0.038,10.0,1,1556560582031,18432843,68
2019-04-29 17:58:11.403,1.0,sell,5150.75,BTC-27DEC19-11000-C,72.68,0.038,1.0,1,1556560691403,18432854,69
2019-04-29 17:59:27.228,0.2,buy,5149.44,BTC-27DEC19-11000-C,72.94,0.0385,0.2,0,1556560767228,18432865,70
2019-04-29 18:12:48.887,12.0,buy,5145.98,BTC-27DEC19-11000-C,72.72,0.038,12.0,2,1556561568887,18434120,71
2019-04-29 18:13:01.526,10.0,buy,5145.31,BTC-27DEC19-11000-C,72.98,0.0385,10.0,0,1556561581526,18434121,72
2019-04-29 18:13:01.526,12.0,buy,5145.31,BTC-27DEC19-11000-C,72.98,0.0385,12.0,1,1556561581526,18434122,73
2019-04-29 18:15:45.076,3.4,sell,5145.27,BTC-27DEC19-11000-C,73.01,0.0385,3.4,1,1556561745076,18434240,74
2019-04-29 20:57:06.839,12.0,buy,5129.09,BTC-27DEC19-11000-C,73.14,0.0385,12.0,1,1556571426839,18437237,75
2019-04-29 20:57:06.839,10.0,buy,5129.09,BTC-27DEC19-11000-C,73.14,0.0385,10.0,1,1556571426839,18437238,76
2019-04-29 20:57:39.840,11.2,sell,5129.84,BTC-27DEC19-11000-C,73.13,0.0385,11.2,1,1556571459840,18437239,77
2019-04-29 20:57:53.806,4.8,sell,5129.95,BTC-27DEC19-11000-C,73.13,0.0385,4.8,1,1556571473806,18437244,78
2019-04-29 21:04:23.258,0.6,buy,5128.71,BTC-27DEC19-11000-C,73.46,0.039,0.6,0,1556571863258,18437392,79
2019-04-29 21:45:10.198,10.0,sell,5135.43,BTC-27DEC19-11000-C,72.87,0.038,10.0,2,1556574310198,18437953,80
2019-04-29 21:46:27.995,10.0,sell,5136.06,BTC-27DEC19-11000-C,72.86,0.038,10.0,3,1556574387995,18437961,81
2019-04-29 21:50:23.718,10.0,sell,5136.29,BTC-27DEC19-11000-C,72.84,0.038,10.0,3,1556574623718,18438043,82
2019-04-29 22:00:31.503,2.5,buy,5132.84,BTC-27DEC19-11000-C,73.11,0.0385,2.5,0,1556575231503,18438106,83
2019-04-30 23:45:14.754,10.0,sell,5269.85,BTC-27DEC19-11000-C,72.03,0.039,10.0,0,1556667914754,18488421,84
2019-04-30 23:48:44.480,10.0,sell,5266.89,BTC-27DEC19-11000-C,72.08,0.039,10.0,1,1556668124480,18488508,85
2019-05-01 00:24:12.312,3.5,buy,5317.59,BTC-27DEC19-11000-C,72.03,0.04,3.5,0,1556670252312,18491014,86
2019-05-01 08:37:20.824,0.1,sell,5288.09,BTC-27DEC19-11000-C,70.99,0.037000000000000005,0.1,2,1556699840824,18502086,87
2019-05-01 20:39:18.402,0.1,buy,5306.95,BTC-27DEC19-11000-C,71.01,0.037000000000000005,0.1,3,1556743158402,18521887,88
2019-05-03 18:46:07.714,1.0,buy,5680.66,BTC-27DEC19-11000-C,70.5,0.046,1.0,0,1556909167714,18702706,89
2019-05-03 21:47:09.030,1.0,sell,5697.19,BTC-27DEC19-11000-C,69.55,0.0445,1.0,2,1556920029030,18710257,90
2019-05-05 02:13:19.055,0.1,buy,5739.43,BTC-27DEC19-11000-C,71.07,0.048,0.1,0,1557022399055,18847679,91
2019-05-06 01:49:48.492,0.1,buy,5619.12,BTC-27DEC19-11000-C,71.99,0.047,0.1,2,1557107388492,18926148,92
2019-05-06 13:32:11.060,14.4,buy,5634.94,BTC-27DEC19-11000-C,71.97,0.047,14.4,3,1557149531060,18951988,93
2019-05-06 13:32:11.060,10.0,buy,5634.94,BTC-27DEC19-11000-C,72.2,0.0475,10.0,0,1557149531060,18951989,94
2019-05-06 13:32:11.060,0.1,buy,5634.94,BTC-27DEC19-11000-C,72.2,0.0475,0.1,1,1557149531060,18951990,95
2019-05-07 14:49:59.471,4.9,buy,5841.99,BTC-27DEC19-11000-C,73.69,0.0565,4.9,0,1557240599471,19062161,97
2019-05-07 14:49:59.471,1.9,buy,5841.99,BTC-27DEC19-11000-C,73.69,0.0565,1.9,1,1557240599471,19062162,98
2019-05-07 14:49:59.471,0.2,buy,5841.99,BTC-27DEC19-11000-C,73.48,0.055999999999999994,0.2,0,1557240599471,19062160,96
2019-05-08 13:57:48.477,0.1,buy,5858.63,BTC-27DEC19-11000-C,73.68,0.055,0.1,2,1557323868477,19148240,99
2019-05-09 18:25:58.003,0.2,buy,6047.76,BTC-27DEC19-11000-C,73.15,0.057999999999999996,0.2,0,1557426358003,19258486,100
2019-05-10 08:15:37.242,3.2,buy,6298.84,BTC-27DEC19-11000-C,73.09,0.064,3.2,0,1557476137242,19338767,101
2019-05-10 09:46:52.667,0.2,buy,6288.76,BTC-27DEC19-11000-C,73.63,0.065,0.2,0,1557481612667,19346947,102
2019-05-10 12:54:24.944,6.4,buy,6287.13,BTC-27DEC19-11000-C,73.11,0.0635,6.4,2,1557492864944,19356703,103
2019-05-11 06:08:13.135,4.0,buy,6790.06,BTC-27DEC19-11000-C,70.04,0.0705,4.0,0,1557554893135,19478399,104
2019-05-11 06:09:03.575,4.0,buy,6817.89,BTC-27DEC19-11000-C,71.01,0.0745,4.0,0,1557554943575,19481022,105
2019-05-11 06:09:07.714,4.0,buy,6814.48,BTC-27DEC19-11000-C,71.82,0.0765,4.0,0,1557554947714,19481134,106
2019-05-11 09:21:19.606,10.0,buy,6734.72,BTC-27DEC19-11000-C,73.89,0.0795,10.0,0,1557566479606,19543314,107
2019-05-11 12:52:42.786,0.5,sell,6768.31,BTC-27DEC19-11000-C,73.36,0.08,0.5,0,1557579162786,19565310,108
2019-05-11 16:23:16.650,0.5,sell,6991.79,BTC-27DEC19-11000-C,74.23,0.09,0.5,0,1557591796650,19602132,109
2019-05-11 16:52:37.259,0.5,sell,6924.79,BTC-27DEC19-11000-C,75.63,0.092,0.5,0,1557593557259,19610013,110
2019-05-11 17:07:57.864,0.5,sell,6902.65,BTC-27DEC19-11000-C,75.36,0.0905,0.5,2,1557594477864,19613470,111
2019-05-11 20:08:08.732,1.0,sell,6962.85,BTC-27DEC19-11000-C,74.69,0.0905,1.0,3,1557605288732,19635065,112
2019-05-11 21:38:21.838,0.2,sell,6943.42,BTC-27DEC19-11000-C,72.31,0.0835,0.2,2,1557610701838,19640142,113
2019-05-11 21:39:21.042,1.0,sell,6943.84,BTC-27DEC19-11000-C,72.29,0.0835,1.0,3,1557610761042,19640163,114
2019-05-11 23:06:50.725,1.0,buy,7298.65,BTC-27DEC19-11000-C,75.26,0.10400000000000001,1.0,0,1557616010725,19692842,115
2019-05-12 08:11:59.130,1.0,sell,7483.07,BTC-27DEC19-11000-C,75.5,0.1085,1.0,0,1557648719130,19845499,116
