date_utc,amount,direction,indexPrice,instrument,iv,price,quantity,tickDirection,timeStamp,tradeId,tradeSeq
2019-05-24 10:07:41.440,0.5,buy,7996.07,BTC-7JUN19-8000-P,78.06,0.061,0.5,1,1558692461440,21978445,1
2019-05-24 11:53:13.030,0.1,sell,8024.03,BTC-7JUN19-8000-P,85.17,0.0645,0.1,0,1558698793030,21985625,2
2019-05-24 15:14:38.620,15.0,sell,8126.46,BTC-7JUN19-8000-P,83.53,0.0565,15.0,2,1558710878620,21996162,3
2019-05-24 15:16:16.151,10.0,sell,8137.56,BTC-7JUN19-8000-P,84.4,0.0565,10.0,3,1558710976151,21996558,4
2019-05-24 16:18:41.408,2.0,sell,8157.86,BTC-7JUN19-8000-P,80.16,0.052000000000000005,2.0,2,1558714721408,22002777,5
2019-05-24 19:31:50.651,1.8,sell,8041.53,BTC-7JUN19-8000-P,81.76,0.06,1.8,0,1558726310651,22014382,6
2019-05-24 22:00:20.868,4.0,sell,8058.93,BTC-7JUN19-8000-P,78.92,0.0565,4.0,2,1558735220868,22021326,7
2019-05-25 13:25:05.529,0.1,buy,8067.36,BTC-7JUN19-8000-P,82.95,0.0575,0.1,0,1558790705529,22056359,8
2019-05-25 15:20:41.563,0.3,sell,8072.0,BTC-7JUN19-8000-P,81.57,0.056,0.3,2,1558797641563,22061438,9
2019-05-25 16:13:39.333,0.2,buy,8062.47,BTC-7JUN19-8000-P,79.52,0.055,0.2,2,1558800819333,22062712,10
2019-05-25 16:20:05.131,2.0,buy,8049.12,BTC-7JUN19-8000-P,78.39,0.055,2.0,3,1558801205131,22062988,11
2019-05-25 16:22:19.352,1.5,buy,8041.75,BTC-7JUN19-8000-P,77.77,0.055,1.5,3,1558801339352,22063064,12
2019-05-25 18:18:28.423,4.9,sell,8085.57,BTC-7JUN19-8000-P,77.65,0.052000000000000005,4.9,2,1558808308423,22066044,13
2019-05-25 21:21:41.967,1.7,sell,8066.24,BTC-7JUN19-8000-P,75.05,0.051,1.7,2,1558819301967,22074794,14
2019-05-25 21:22:28.506,1.0,sell,8066.49,BTC-7JUN19-8000-P,74.38,0.0505,1.0,2,1558819348506,22074812,15
2019-05-26 09:51:44.094,0.1,buy,8009.25,BTC-7JUN19-8000-P,86.23,0.0615,0.1,0,1558864304094,22093428,16
2019-05-26 16:36:52.565,0.1,sell,8001.26,BTC-7JUN19-8000-P,75.27,0.0535,0.1,2,1558888612565,22109587,17
2019-05-26 17:26:30.017,2.5,sell,8017.55,BTC-7JUN19-8000-P,71.94,0.05,2.5,2,1558891590017,22110714,18
2019-05-26 19:08:59.621,3.0,sell,8065.98,BTC-7JUN19-8000-P,75.08,0.049,3.0,2,1558897739621,22113371,19
2019-05-26 19:20:46.869,4.0,sell,8109.76,BTC-7JUN19-8000-P,73.88,0.0455,4.0,2,1558898446869,22115002,20
2019-05-26 19:20:46.869,4.0,sell,8109.76,BTC-7JUN19-8000-P,73.88,0.0455,4.0,3,1558898446869,22115003,21
2019-05-26 19:30:49.645,0.2,sell,8286.76,BTC-7JUN19-8000-P,73.2,0.0355,0.2,2,1558899049645,22123962,22
2019-05-26 19:30:49.884,0.8,sell,8286.76,BTC-7JUN19-8000-P,73.2,0.0355,0.8,3,1558899049884,22123994,23
2019-05-26 21:13:12.102,0.2,sell,8628.27,BTC-7JUN19-8000-P,81.58,0.0265,0.2,2,1558905192102,22202258,24
2019-05-26 21:13:14.690,0.2,buy,8628.09,BTC-7JUN19-8000-P,81.57,0.0265,0.2,3,1558905194690,22202269,25
2019-05-26 21:14:29.598,0.2,buy,8611.05,BTC-7JUN19-8000-P,80.56,0.0265,0.2,3,1558905269598,22202556,26
2019-05-26 21:14:39.977,0.8,buy,8610.75,BTC-7JUN19-8000-P,80.55,0.0265,0.8,3,1558905279977,22202615,27
2019-05-27 08:26:22.829,0.2,buy,8733.41,BTC-7JUN19-8000-P,93.95,0.029,0.2,0,1558945582829,22281561,28
2019-05-27 08:45:18.620,3.4,sell,8752.75,BTC-7JUN19-8000-P,95.15,0.029,3.4,1,1558946718620,22282034,29
2019-05-27 09:16:43.017,0.1,sell,8758.6,BTC-7JUN19-8000-P,90.26,0.026,0.1,2,1558948603017,22282867,30
2019-05-27 15:44:53.186,0.2,sell,8903.44,BTC-7JUN19-8000-P,88.04,0.02,0.2,2,1558971893186,22315838,31
2019-05-27 16:42:25.075,0.1,buy,8782.42,BTC-7JUN19-8000-P,92.03,0.0255,0.1,0,1558975345075,22324344,32
2019-05-27 17:22:05.597,2.0,buy,8720.54,BTC-7JUN19-8000-P,89.43,0.026000000000000002,2.0,0,1558977725597,22341352,33
2019-05-27 17:32:25.545,0.5,sell,8738.05,BTC-7JUN19-8000-P,85.92,0.0235,0.5,2,1558978345545,22342467,34
2019-05-27 17:34:35.578,0.5,sell,8726.02,BTC-7JUN19-8000-P,85.23,0.0235,0.5,3,1558978475578,22342650,35
2019-05-27 19:41:31.224,1.0,buy,8803.6,BTC-7JUN19-8000-P,93.8,0.0255,1.0,0,1558986091224,22352546,36
2019-05-27 22:40:18.985,0.1,buy,8790.36,BTC-7JUN19-8000-P,92.65,0.025,0.1,2,1558996818985,22360997,37
2019-05-28 01:46:45.401,0.1,sell,8789.36,BTC-7JUN19-8000-P,87.46,0.022,0.1,2,1559008005401,22371894,38
2019-05-28 01:47:17.968,0.1,sell,8793.16,BTC-7JUN19-8000-P,87.67,0.022,0.1,3,1559008037968,22371923,39
2019-05-28 03:49:53.411,20.0,buy,8761.97,BTC-7JUN19-8000-P,92.89,0.0255,20.0,0,1559015393411,22374556,40
2019-05-28 13:30:11.766,1.1,buy,8590.13,BTC-7JUN19-8000-P,87.66,0.0275,1.1,0,1559050211766,22409659,41
2019-05-28 13:41:05.222,30.0,buy,8648.34,BTC-7JUN19-8000-P,94.2,0.029,30.0,0,1559050865222,22415718,42
2019-05-28 13:50:11.678,3.5,sell,8653.26,BTC-7JUN19-8000-P,89.05,0.026,3.5,2,1559051411678,22416680,43
2019-05-28 14:08:13.481,4.9,buy,8660.19,BTC-7JUN19-8000-P,91.39,0.027000000000000003,4.9,0,1559052493481,22418130,44
2019-05-28 15:18:53.514,0.1,buy,8691.06,BTC-7JUN19-8000-P,94.52,0.0275,0.1,0,1559056733514,22421073,45
2019-05-28 16:25:11.910,10.0,buy,8659.0,BTC-7JUN19-8000-P,92.69,0.0275,10.0,1,1559060711910,22425559,46
2019-05-28 16:26:50.826,10.0,buy,8657.41,BTC-7JUN19-8000-P,93.52,0.028,10.0,0,1559060810826,22425664,47
2019-05-28 16:42:04.161,5.0,buy,8659.08,BTC-7JUN19-8000-P,92.75,0.0275,5.0,2,1559061724161,22427084,48
2019-05-28 16:52:32.000,10.0,buy,8661.4,BTC-7JUN19-8000-P,94.78,0.0285,10.0,0,1559062352000,22427544,49
2019-05-28 16:52:32.000,4.8,buy,8661.4,BTC-7JUN19-8000-P,94.78,0.0285,4.8,1,1559062352000,22427546,51
2019-05-28 16:52:32.000,0.2,buy,8661.4,BTC-7JUN19-8000-P,94.78,0.0285,0.2,1,1559062352000,22427545,50
2019-05-28 17:30:58.259,5.2,buy,8708.47,BTC-7JUN19-8000-P,92.3,0.0255,5.2,2,1559064658259,22429428,52
2019-05-29 00:32:51.540,10.0,sell,8686.9,BTC-7JUN19-8000-P,89.48,0.024,10.0,2,1559089971540,22454550,53
2019-05-29 05:38:38.614,1.0,buy,8493.95,BTC-7JUN19-8000-P,88.7,0.03,1.0,0,1559108318614,22474700,54
2019-05-29 06:35:16.483,0.1,buy,8516.79,BTC-7JUN19-8000-P,90.53,0.03,0.1,1,1559111716483,22482737,55
2019-05-29 06:48:59.414,1.0,sell,8515.08,BTC-7JUN19-8000-P,88.64,0.029,1.0,2,1559112539414,22484046,56
2019-05-29 07:29:17.164,0.1,sell,8530.86,BTC-7JUN19-8000-P,88.06,0.028,0.1,2,1559114957164,22486459,57
2019-05-29 09:56:22.975,0.2,sell,8601.11,BTC-7JUN19-8000-P,93.44,0.028,0.2,3,1559123782975,22496139,58
2019-05-29 10:06:54.053,1.0,sell,8648.51,BTC-7JUN19-8000-P,88.97,0.024,1.0,2,1559124414053,22498317,59
2019-05-29 14:57:36.073,0.2,sell,8704.97,BTC-7JUN19-8000-P,88.61,0.0215,0.2,2,1559141856073,22521132,60
2019-05-29 22:14:01.632,1.0,sell,8689.59,BTC-7JUN19-8000-P,87.11,0.0205,1.0,2,1559168041632,22543765,61
2019-05-30 00:12:27.746,2.0,sell,8630.21,BTC-7JUN19-8000-P,87.78,0.0225,2.0,0,1559175147746,22548520,62
2019-05-30 00:13:18.718,2.0,sell,8642.49,BTC-7JUN19-8000-P,87.58,0.022,2.0,2,1559175198718,22548681,63
2019-05-30 01:03:32.177,10.0,sell,8716.38,BTC-7JUN19-8000-P,89.45,0.0205,10.0,2,1559178212177,22551800,64
2019-05-30 04:06:48.202,0.5,buy,8668.28,BTC-7JUN19-8000-P,89.12,0.0215,0.5,0,1559189208202,22575771,65
2019-05-30 05:29:03.807,1.0,buy,8716.86,BTC-7JUN19-8000-P,92.63,0.0215,1.0,1,1559194143807,22582901,66
2019-05-30 06:15:08.418,0.1,sell,8727.04,BTC-7JUN19-8000-P,89.15,0.0195,0.1,2,1559196908418,22585143,67
2019-05-30 07:57:18.816,0.1,buy,8696.23,BTC-7JUN19-8000-P,88.64,0.02,0.1,0,1559203038816,22588433,68
2019-05-30 10:08:57.046,0.1,sell,8736.39,BTC-7JUN19-8000-P,91.77,0.02,0.1,1,1559210937046,22593552,69
2019-05-30 15:19:03.596,10.0,buy,8744.44,BTC-7JUN19-8000-P,91.31,0.019,10.0,2,1559229543596,22608433,70
2019-05-30 15:41:30.599,1.0,sell,8761.58,BTC-7JUN19-8000-P,91.37,0.0185,1.0,2,1559230890599,22610177,71
2019-05-30 16:17:49.074,0.1,buy,8692.1,BTC-7JUN19-8000-P,87.02,0.0185,0.1,3,1559233069074,22640811,72
2019-05-30 16:59:52.517,0.3,buy,8683.27,BTC-7JUN19-8000-P,92.14,0.021,0.3,0,1559235592517,22657033,73
2019-05-30 17:04:59.264,0.5,buy,8637.3,BTC-7JUN19-8000-P,91.17,0.022,0.5,0,1559235899264,22660429,74
2019-05-30 17:07:34.569,0.5,buy,8586.43,BTC-7JUN19-8000-P,87.61,0.022,0.5,1,1559236054569,22661764,75
2019-05-30 19:40:24.917,1.0,buy,8603.37,BTC-7JUN19-8000-P,85.13,0.02,1.0,2,1559245224917,22675325,76
2019-05-30 19:40:47.496,0.2,buy,8567.42,BTC-7JUN19-8000-P,85.81,0.0215,0.2,0,1559245247496,22675764,77
2019-05-30 20:42:25.377,5.0,sell,8508.2,BTC-7JUN19-8000-P,88.95,0.025,5.0,0,1559248945377,22694460,78
2019-05-30 20:49:05.876,1.0,buy,8481.61,BTC-7JUN19-8000-P,87.96,0.0255,1.0,0,1559249345876,22695151,79
2019-05-30 21:05:10.404,0.3,buy,8492.56,BTC-7JUN19-8000-P,88.87,0.0255,0.3,1,1559250310404,22697133,80
2019-05-30 21:25:05.922,1.0,buy,8181.8,BTC-7JUN19-8000-P,92.13,0.0415,1.0,0,1559251505922,22712592,81
2019-05-30 21:25:18.618,0.3,sell,8164.25,BTC-7JUN19-8000-P,87.68,0.04,0.3,2,1559251518618,22713111,82
2019-05-30 21:25:24.837,11.8,buy,8155.63,BTC-7JUN19-8000-P,94.9,0.0445,11.8,0,1559251524837,22713456,83
2019-05-30 21:25:25.066,6.2,buy,8155.63,BTC-7JUN19-8000-P,94.9,0.0445,6.2,1,1559251525066,22713472,84
2019-05-30 21:27:18.252,0.6,buy,8039.76,BTC-7JUN19-8000-P,98.54,0.0535,0.6,0,1559251638252,22717526,85
2019-05-30 21:27:18.252,2.4,buy,8039.76,BTC-7JUN19-8000-P,98.54,0.0535,2.4,1,1559251638252,22717527,86
2019-05-30 21:28:38.443,0.2,sell,8006.6,BTC-7JUN19-8000-P,84.21,0.0475,0.2,2,1559251718443,22720665,87
2019-05-30 21:37:36.102,0.1,sell,8213.72,BTC-7JUN19-8000-P,86.2,0.0365,0.1,2,1559252256102,22728817,88
2019-05-30 21:38:45.886,0.6,sell,8244.62,BTC-7JUN19-8000-P,88.2,0.036000000000000004,0.6,2,1559252325886,22729584,89
2019-05-30 21:38:45.888,20.2,buy,8244.62,BTC-7JUN19-8000-P,88.2,0.036000000000000004,20.2,3,1559252325888,22729586,90
2019-05-30 21:38:45.926,4.2,buy,8244.62,BTC-7JUN19-8000-P,88.2,0.036000000000000004,4.2,3,1559252325926,22729587,91
2019-05-30 21:39:06.663,6.0,buy,8254.85,BTC-7JUN19-8000-P,90.99,0.037000000000000005,6.0,0,1559252346663,22729815,92
2019-05-30 21:39:16.648,6.0,buy,8255.06,BTC-7JUN19-8000-P,91.01,0.037000000000000005,6.0,1,1559252356648,22729912,93
2019-05-30 21:39:20.607,6.0,buy,8257.59,BTC-7JUN19-8000-P,91.24,0.037000000000000005,6.0,1,1559252360607,22729954,94
2019-05-30 21:39:21.927,0.2,sell,8260.96,BTC-7JUN19-8000-P,89.71,0.036000000000000004,0.2,2,1559252361927,22729959,95
2019-05-30 21:39:22.239,7.0,buy,8260.85,BTC-7JUN19-8000-P,91.55,0.037000000000000005,7.0,0,1559252362239,22729960,96
2019-05-30 21:39:26.831,0.6,buy,8260.48,BTC-7JUN19-8000-P,96.11,0.0395,0.6,0,1559252366831,22729983,97
2019-05-30 21:41:37.434,0.6,buy,8278.04,BTC-7JUN19-8000-P,97.76,0.0395,0.6,1,1559252497434,22731322,98
2019-05-30 21:53:36.483,2.3000000000000003,buy,8206.7,BTC-7JUN19-8000-P,101.96,0.0455,2.3000000000000003,0,1559253216483,22737115,100
2019-05-30 21:53:36.483,0.4,buy,8206.7,BTC-7JUN19-8000-P,100.14,0.0445,0.4,0,1559253216483,22737114,99
2019-05-30 23:30:50.455,0.5,buy,8260.29,BTC-7JUN19-8000-P,91.98,0.037000000000000005,0.5,2,1559259050455,22750645,101
2019-05-31 00:03:52.139,2.7,sell,8319.54,BTC-7JUN19-8000-P,91.9,0.034,2.7,2,1559261032139,22753863,102
2019-05-31 02:50:18.960,1.0,buy,8316.45,BTC-7JUN19-8000-P,92.35,0.034,1.0,3,1559271018960,22761684,103
2019-05-31 02:50:56.837,1.0,buy,8303.14,BTC-7JUN19-8000-P,92.11,0.0345,1.0,0,1559271056837,22761765,104
2019-05-31 03:07:21.625,1.0,buy,8226.77,BTC-7JUN19-8000-P,93.46,0.039,1.0,0,1559272041625,22764181,105
2019-05-31 04:51:48.718,0.5,buy,8165.95,BTC-7JUN19-8000-P,94.34,0.0425,0.5,0,1559278308718,22770255,106
2019-05-31 04:51:55.539,1.0,buy,8165.89,BTC-7JUN19-8000-P,95.25,0.043,1.0,0,1559278315539,22770276,107
2019-05-31 08:01:02.290,6.0,sell,8306.09,BTC-7JUN19-8000-P,91.85,0.0335,6.0,2,1559289662290,22781886,108
2019-05-31 08:01:56.865,0.1,buy,8300.26,BTC-7JUN19-8000-P,91.32,0.0335,0.1,3,1559289716865,22782071,109
2019-05-31 08:01:56.865,0.1,buy,8300.26,BTC-7JUN19-8000-P,91.32,0.0335,0.1,3,1559289716865,22782072,110
2019-05-31 08:05:50.978,1.0,buy,8287.76,BTC-7JUN19-8000-P,89.23,0.033,1.0,2,1559289950978,22782516,111
2019-05-31 08:05:52.985,1.0,buy,8285.03,BTC-7JUN19-8000-P,88.98,0.033,1.0,3,1559289952985,22782518,112
2019-05-31 08:05:55.354,5.0,buy,8285.69,BTC-7JUN19-8000-P,89.04,0.033,5.0,3,1559289955354,22782523,113
2019-05-31 08:06:38.598,0.6,buy,8278.34,BTC-7JUN19-8000-P,88.36,0.033,0.6,3,1559289998598,22782665,114
2019-05-31 08:06:40.020,0.6,buy,8278.35,BTC-7JUN19-8000-P,88.37,0.033,0.6,3,1559290000020,22782668,115
2019-05-31 08:06:42.084,1.8,buy,8278.59,BTC-7JUN19-8000-P,88.39,0.033,1.8,3,1559290002084,22782672,116
2019-05-31 08:07:06.466,0.1,sell,8279.03,BTC-7JUN19-8000-P,87.47,0.0325,0.1,2,1559290026466,22782725,117
2019-05-31 08:10:55.356,0.1,sell,8279.55,BTC-7JUN19-8000-P,86.57,0.032,0.1,2,1559290255356,22783175,118
2019-05-31 08:13:32.597,6.0,sell,8279.11,BTC-7JUN19-8000-P,88.47,0.033,6.0,0,1559290412597,22783273,119
2019-05-31 08:14:02.790,3.5,sell,8279.46,BTC-7JUN19-8000-P,87.54,0.0325,3.5,3,1559290442790,22783288,121
2019-05-31 08:14:02.790,0.5,sell,8279.46,BTC-7JUN19-8000-P,87.54,0.0325,0.5,2,1559290442790,22783287,120
2019-05-31 08:17:42.345,2.0,sell,8286.6,BTC-7JUN19-8000-P,87.25,0.032,2.0,2,1559290662345,22783526,122
2019-05-31 08:20:01.855,6.0,sell,8286.8,BTC-7JUN19-8000-P,88.24,0.0325,6.0,0,1559290801855,22783622,123
2019-05-31 08:44:15.082,4.0,sell,8281.73,BTC-7JUN19-8000-P,84.02,0.0305,4.0,2,1559292255082,22785211,124
2019-05-31 09:16:17.296,5.0,sell,8310.81,BTC-7JUN19-8000-P,83.86,0.029,5.0,2,1559294177296,22786754,125
2019-05-31 09:16:17.403,5.0,buy,8310.81,BTC-7JUN19-8000-P,83.86,0.029,5.0,3,1559294177403,22786755,126
2019-05-31 09:40:52.542,1.0,sell,8317.72,BTC-7JUN19-8000-P,82.61,0.028,1.0,2,1559295652542,22787544,127
2019-05-31 09:41:04.134,1.0,buy,8317.77,BTC-7JUN19-8000-P,82.62,0.028,1.0,3,1559295664134,22787547,128
2019-05-31 09:41:38.757,8.0,buy,8312.21,BTC-7JUN19-8000-P,82.13,0.028,8.0,3,1559295698757,22787580,129
2019-05-31 09:44:28.774,8.0,sell,8321.39,BTC-7JUN19-8000-P,80.97,0.027000000000000003,8.0,2,1559295868774,22787623,130
2019-05-31 09:45:48.665,0.1,sell,8319.43,BTC-7JUN19-8000-P,80.81,0.027000000000000003,0.1,3,1559295948665,22787682,131
2019-05-31 10:17:45.913,1.0,sell,8329.74,BTC-7JUN19-8000-P,80.85,0.0265,1.0,2,1559297865913,22788766,132
2019-05-31 10:18:09.148,1.0,buy,8326.83,BTC-7JUN19-8000-P,80.6,0.0265,1.0,3,1559297889148,22788774,133
2019-05-31 10:22:44.197,15.0,sell,8330.89,BTC-7JUN19-8000-P,79.97,0.026,15.0,2,1559298164197,22788961,134
2019-05-31 11:09:30.902,0.6,buy,8232.88,BTC-7JUN19-8000-P,78.15,0.0295,0.6,0,1559300970902,22791342,135
2019-05-31 11:12:26.376,3.4,buy,8227.37,BTC-7JUN19-8000-P,77.64,0.0295,3.4,1,1559301146376,22791700,136
2019-05-31 11:14:21.771,0.2,sell,8236.37,BTC-7JUN19-8000-P,76.57,0.0285,0.2,2,1559301261771,22791873,137
2019-05-31 11:31:00.812,0.1,buy,8243.67,BTC-7JUN19-8000-P,83.11,0.0315,0.1,0,1559302260812,22793086,138
2019-05-31 13:07:01.932,0.2,buy,8392.13,BTC-7JUN19-8000-P,85.9,0.026,0.2,2,1559308021932,22799872,139
2019-05-31 13:07:11.432,0.2,buy,8396.22,BTC-7JUN19-8000-P,85.22,0.0255,0.2,2,1559308031432,22799925,140
2019-05-31 13:12:21.257,0.1,buy,8415.89,BTC-7JUN19-8000-P,84.82,0.0245,0.1,2,1559308341257,22801663,141
2019-05-31 13:12:59.783,0.3,buy,8428.41,BTC-7JUN19-8000-P,84.81,0.024,0.3,2,1559308379783,22801779,142
2019-05-31 13:13:16.943,0.2,buy,8424.31,BTC-7JUN19-8000-P,84.47,0.024,0.2,3,1559308396943,22801824,143
2019-05-31 13:15:07.076,0.4,buy,8391.79,BTC-7JUN19-8000-P,82.83,0.0245,0.4,0,1559308507076,22802331,144
2019-05-31 13:41:52.505,0.3,buy,8409.35,BTC-7JUN19-8000-P,83.36,0.024,0.3,2,1559310112505,22804716,145
2019-05-31 13:46:10.137,0.3,sell,8422.25,BTC-7JUN19-8000-P,80.24,0.022,0.3,2,1559310370137,22805508,146
2019-05-31 13:46:22.703,0.1,buy,8415.89,BTC-7JUN19-8000-P,81.83,0.023,0.1,0,1559310382703,22805545,147
2019-05-31 13:47:00.846,0.1,sell,8409.99,BTC-7JUN19-8000-P,80.3,0.0225,0.1,2,1559310420846,22805632,148
2019-05-31 13:47:00.858,0.3,sell,8409.99,BTC-7JUN19-8000-P,79.25,0.022,0.3,2,1559310420858,22805633,149
2019-05-31 13:47:02.856,0.4,sell,8410.12,BTC-7JUN19-8000-P,79.26,0.022,0.4,3,1559310422856,22805636,150
2019-05-31 13:47:03.181,0.3,sell,8410.21,BTC-7JUN19-8000-P,79.27,0.022,0.3,3,1559310423181,22805638,151
2019-05-31 13:47:03.181,0.1,sell,8410.21,BTC-7JUN19-8000-P,79.27,0.022,0.1,3,1559310423181,22805639,152
2019-05-31 13:47:21.870,0.4,buy,8414.67,BTC-7JUN19-8000-P,79.63,0.022,0.4,3,1559310441870,22805657,153
2019-05-31 14:01:03.507,0.1,buy,8430.15,BTC-7JUN19-8000-P,83.05,0.023,0.1,0,1559311263507,22806750,154
2019-05-31 14:01:33.781,0.1,sell,8443.21,BTC-7JUN19-8000-P,81.99,0.022,0.1,2,1559311293781,22806884,155
2019-05-31 14:01:41.595,0.1,sell,8444.14,BTC-7JUN19-8000-P,81.0,0.0215,0.1,2,1559311301595,22806939,156
2019-05-31 14:03:02.811,0.2,sell,8452.46,BTC-7JUN19-8000-P,81.66,0.0215,0.2,3,1559311382811,22807284,157
2019-05-31 14:13:38.364,0.6,buy,8417.13,BTC-7JUN19-8000-P,82.05,0.023,0.6,0,1559312018364,22808569,158
2019-05-31 14:13:56.000,0.5,buy,8411.17,BTC-7JUN19-8000-P,83.65,0.024,0.5,1,1559312036000,22808624,160
2019-05-31 14:13:56.000,0.9,buy,8411.17,BTC-7JUN19-8000-P,83.65,0.024,0.9,0,1559312036000,22808623,159
2019-05-31 15:00:09.070,3.4,buy,8421.12,BTC-7JUN19-8000-P,83.62,0.0235,3.4,3,1559314809070,22811481,162
2019-05-31 15:00:09.070,1.6,buy,8421.12,BTC-7JUN19-8000-P,83.62,0.0235,1.6,3,1559314809070,22811482,163
2019-05-31 15:00:09.070,1.0,buy,8421.12,BTC-7JUN19-8000-P,83.62,0.0235,1.0,2,1559314809070,22811480,161
2019-05-31 15:17:31.335,0.5,buy,8406.75,BTC-7JUN19-8000-P,82.52,0.0235,0.5,3,1559315851335,22812022,164
2019-05-31 15:48:52.385,0.6,sell,8311.98,BTC-7JUN19-8000-P,80.65,0.0265,0.6,0,1559317732385,22814233,165
2019-05-31 15:48:52.946,0.6,buy,8311.98,BTC-7JUN19-8000-P,80.65,0.0265,0.6,1,1559317732946,22814246,166
2019-05-31 16:00:38.607,1.0,sell,8352.27,BTC-7JUN19-8000-P,80.17,0.0245,1.0,2,1559318438607,22816010,167
2019-05-31 16:30:14.990,0.5,buy,8411.41,BTC-7JUN19-8000-P,82.16,0.023,0.5,2,1559320214990,22819353,168
2019-05-31 16:31:22.211,0.5,sell,8423.62,BTC-7JUN19-8000-P,82.1,0.0225,0.5,2,1559320282211,22819460,169
2019-05-31 16:31:37.201,1.0,sell,8449.12,BTC-7JUN19-8000-P,83.11,0.022,1.0,2,1559320297201,22819688,170
2019-05-31 16:31:52.739,9.0,buy,8454.32,BTC-7JUN19-8000-P,83.52,0.022,9.0,3,1559320312739,22819913,171
2019-05-31 16:32:05.723,0.1,sell,8457.9,BTC-7JUN19-8000-P,82.73,0.0215,0.1,2,1559320325723,22820054,172
2019-05-31 17:14:41.188,0.1,buy,8417.56,BTC-7JUN19-8000-P,81.8,0.0225,0.1,0,1559322881188,22824869,173
2019-05-31 17:14:44.341,3.1,buy,8417.84,BTC-7JUN19-8000-P,82.88,0.023,3.1,0,1559322884341,22824871,174
2019-05-31 17:23:00.844,0.1,buy,8422.79,BTC-7JUN19-8000-P,83.33,0.023,0.1,1,1559323380844,22825441,175
2019-05-31 17:35:33.360,0.9,sell,8432.36,BTC-7JUN19-8000-P,79.87,0.021,0.9,3,1559324133360,22825985,180
2019-05-31 17:35:33.360,0.1,sell,8432.36,BTC-7JUN19-8000-P,82.03,0.022,0.1,2,1559324133360,22825981,176
2019-05-31 17:35:33.360,0.3,sell,8432.36,BTC-7JUN19-8000-P,79.87,0.021,0.3,2,1559324133360,22825983,178
2019-05-31 17:35:33.360,0.1,sell,8432.36,BTC-7JUN19-8000-P,82.03,0.022,0.1,3,1559324133360,22825982,177
2019-05-31 17:35:33.360,0.1,sell,8432.36,BTC-7JUN19-8000-P,79.87,0.021,0.1,3,1559324133360,22825984,179
2019-05-31 18:17:53.605,6.0,buy,8418.93,BTC-7JUN19-8000-P,83.25,0.023,6.0,0,1559326673605,22828325,181
2019-05-31 18:29:30.099,6.0,buy,8419.59,BTC-7JUN19-8000-P,83.35,0.023,6.0,1,1559327370099,22828904,182
2019-05-31 18:50:48.835,6.0,buy,8399.84,BTC-7JUN19-8000-P,82.86,0.0235,6.0,0,1559328648835,22832341,183
2019-05-31 19:55:52.390,6.0,buy,8433.62,BTC-7JUN19-8000-P,83.82,0.0225,6.0,2,1559332552390,22835429,184
2019-05-31 19:57:27.095,1.0,sell,8429.51,BTC-7JUN19-8000-P,82.41,0.022,1.0,2,1559332647095,22835500,185
2019-05-31 19:58:01.032,6.0,buy,8433.97,BTC-7JUN19-8000-P,83.86,0.0225,6.0,0,1559332681032,22835519,186
2019-05-31 20:01:56.958,0.3,sell,8457.88,BTC-7JUN19-8000-P,83.65,0.0215,0.3,2,1559332916958,22836333,187
2019-05-31 20:49:42.599,0.1,sell,8479.92,BTC-7JUN19-8000-P,83.42,0.0205,0.1,2,1559335782599,22839825,188
2019-05-31 20:50:36.726,0.1,sell,8503.02,BTC-7JUN19-8000-P,84.12,0.02,0.1,2,1559335836726,22840366,189
2019-05-31 20:56:50.150,0.1,sell,8509.54,BTC-7JUN19-8000-P,83.52,0.0195,0.1,2,1559336210150,22841733,190
2019-05-31 21:10:37.406,0.1,sell,8533.36,BTC-7JUN19-8000-P,83.11,0.0185,0.1,2,1559337037406,22843962,191
2019-05-31 21:10:37.406,1.9,sell,8533.36,BTC-7JUN19-8000-P,81.95,0.018000000000000002,1.9,2,1559337037406,22843963,192
2019-05-31 23:45:13.791,0.5,buy,8553.01,BTC-7JUN19-8000-P,85.31,0.0185,0.5,0,1559346313791,22852226,193
2019-05-31 23:59:42.517,0.2,buy,8553.45,BTC-7JUN19-8000-P,85.41,0.0185,0.2,1,1559347182517,22852900,194
2019-06-01 01:10:33.058,0.2,sell,8557.89,BTC-7JUN19-8000-P,81.3,0.0165,0.2,2,1559351433058,22857462,195
2019-06-01 01:12:08.873,0.8,buy,8555.92,BTC-7JUN19-8000-P,79.95,0.016,0.8,2,1559351528873,22857489,196
2019-06-01 13:09:41.225,24.0,sell,8534.97,BTC-7JUN19-8000-P,75.33,0.0135,24.0,2,1559394581225,22882431,198
2019-06-01 13:09:41.225,3.0,sell,8534.97,BTC-7JUN19-8000-P,76.62,0.014,3.0,2,1559394581225,22882430,197
2019-06-01 18:52:53.484,0.1,buy,8513.8,BTC-7JUN19-8000-P,81.76,0.016,0.1,0,1559415173484,22894250,199
2019-06-01 20:19:57.437,0.1,sell,8565.7,BTC-7JUN19-8000-P,82.38,0.0145,0.1,2,1559420397437,22897458,200
2019-06-01 20:19:57.437,0.1,sell,8565.7,BTC-7JUN19-8000-P,81.05,0.014,0.1,2,1559420397437,22897459,201
2019-06-01 22:16:53.674,0.7000000000000001,buy,8566.49,BTC-7JUN19-8000-P,81.71,0.014,0.7000000000000001,3,1559427413674,22902532,202
2019-06-02 04:53:49.218,0.4,buy,8584.03,BTC-7JUN19-8000-P,81.02,0.0125,0.4,2,1559451229218,22913428,203
2019-06-02 06:08:15.682,0.1,buy,8584.26,BTC-7JUN19-8000-P,81.44,0.0125,0.1,3,1559455695682,22914580,204
2019-06-02 06:09:25.807,0.4,buy,8585.7,BTC-7JUN19-8000-P,81.56,0.0125,0.4,3,1559455765807,22914582,205
2019-06-02 06:09:43.128,0.4,buy,8585.91,BTC-7JUN19-8000-P,81.58,0.0125,0.4,3,1559455783128,22914586,206
2019-06-02 06:09:43.253,0.4,buy,8585.91,BTC-7JUN19-8000-P,81.58,0.0125,0.4,3,1559455783253,22914589,207
2019-06-02 06:36:34.213,1.9,sell,8579.25,BTC-7JUN19-8000-P,78.31,0.0115,1.9,2,1559457394213,22914997,209
2019-06-02 06:36:34.213,0.1,sell,8579.25,BTC-7JUN19-8000-P,79.77,0.012,0.1,2,1559457394213,22914996,208
2019-06-02 07:34:23.425,0.1,sell,8624.59,BTC-7JUN19-8000-P,82.05,0.0115,0.1,3,1559460863425,22916366,210
2019-06-02 07:48:14.520,0.1,buy,8731.17,BTC-7JUN19-8000-P,83.51,0.0095,0.1,2,1559461694520,22921258,211
2019-06-02 12:00:40.879,0.2,sell,8744.35,BTC-7JUN19-8000-P,80.68,0.008,0.2,2,1559476840879,22930973,212
2019-06-02 13:04:24.019,0.1,buy,8747.42,BTC-7JUN19-8000-P,79.43,0.0075,0.1,2,1559480664019,22938401,213
2019-06-02 13:29:36.360,0.9,sell,8699.34,BTC-7JUN19-8000-P,81.58,0.009000000000000001,0.9,0,1559482176360,22945164,214
2019-06-02 14:20:26.886,0.1,sell,8729.21,BTC-7JUN19-8000-P,84.01,0.009000000000000001,0.1,1,1559485226886,22947694,215
2019-06-02 17:44:44.484,0.2,buy,8685.26,BTC-7JUN19-8000-P,85.52,0.01,0.2,0,1559497484484,22953818,216
2019-06-02 20:13:06.032,1.0,sell,8708.95,BTC-7JUN19-8000-P,81.17,0.008,1.0,3,1559506386032,22959001,218
2019-06-02 20:13:06.032,1.0,sell,8708.95,BTC-7JUN19-8000-P,81.17,0.008,1.0,2,1559506386032,22959000,217
2019-06-02 22:08:46.346,0.5,sell,8695.57,BTC-7JUN19-8000-P,80.94,0.008,0.5,3,1559513326346,22962020,219
2019-06-02 23:06:01.739,0.2,sell,8733.22,BTC-7JUN19-8000-P,76.13,0.006,0.2,2,1559516761739,22964719,220
2019-06-03 01:17:54.746,0.5,sell,8637.7,BTC-7JUN19-8000-P,74.14,0.006999999999999999,0.5,0,1559524674746,22971737,221
2019-06-03 02:03:16.408,0.1,sell,8670.24,BTC-7JUN19-8000-P,74.83,0.0065,0.1,2,1559527396408,22973628,222
2019-06-03 06:44:11.662,0.1,buy,8512.96,BTC-7JUN19-8000-P,83.34,0.012,0.1,0,1559544251662,22993986,223
2019-06-03 06:58:01.556,0.1,buy,8510.96,BTC-7JUN19-8000-P,83.27,0.012,0.1,1,1559545081556,22995853,224
2019-06-03 07:10:53.474,0.4,buy,8426.92,BTC-7JUN19-8000-P,75.77,0.012,0.4,1,1559545853474,22998879,225
2019-06-03 07:11:02.436,0.4,buy,8409.36,BTC-7JUN19-8000-P,74.14,0.012,0.4,1,1559545862436,22999187,226
2019-06-03 07:11:08.911,5.0,buy,8405.44,BTC-7JUN19-8000-P,75.27,0.0125,5.0,0,1559545868911,22999665,227
2019-06-03 07:11:14.733,3.3000000000000003,buy,8393.39,BTC-7JUN19-8000-P,74.13,0.0125,3.3000000000000003,1,1559545874733,22999955,228
2019-06-03 11:55:01.762,0.6,buy,8481.79,BTC-7JUN19-8000-P,81.2,0.0115,0.6,2,1559562901762,23021112,229
2019-06-03 11:55:01.762,19.4,buy,8481.79,BTC-7JUN19-8000-P,81.2,0.0115,19.4,3,1559562901762,23021113,230
2019-06-03 14:19:20.041,1.0,sell,8482.46,BTC-7JUN19-8000-P,73.94,0.009000000000000001,1.0,2,1559571560041,23033133,231
2019-06-03 14:24:07.005,0.1,sell,8481.0,BTC-7JUN19-8000-P,73.85,0.009000000000000001,0.1,3,1559571847005,23033264,232
2019-06-03 14:45:46.758,20.0,buy,8437.45,BTC-7JUN19-8000-P,73.46,0.01,20.0,0,1559573146758,23034447,233
2019-06-03 15:12:15.366,5.0,buy,8363.41,BTC-7JUN19-8000-P,83.36,0.0155,5.0,0,1559574735366,23045069,234
2019-06-03 15:12:20.139,1.0,sell,8361.77,BTC-7JUN19-8000-P,83.19,0.0155,1.0,1,1559574740139,23045079,235
2019-06-03 15:55:11.877,1.0,sell,8470.97,BTC-7JUN19-8000-P,82.02,0.0115,1.0,2,1559577311877,23050498,236
2019-06-03 15:56:43.216,1.0,sell,8477.57,BTC-7JUN19-8000-P,82.65,0.0115,1.0,3,1559577403216,23050535,237
2019-06-03 16:02:40.437,1.0,buy,8451.27,BTC-7JUN19-8000-P,81.84,0.012,1.0,0,1559577760437,23051106,238
2019-06-03 17:18:16.667,1.0,buy,8492.63,BTC-7JUN19-8000-P,83.02,0.011,1.0,2,1559582296667,23057437,239
2019-06-03 18:56:09.374,0.9,sell,8562.57,BTC-7JUN19-8000-P,81.15,0.0085,0.9,2,1559588169374,23064777,240
2019-06-03 19:42:37.344,0.5,buy,8548.88,BTC-7JUN19-8000-P,85.87,0.01,0.5,0,1559590957344,23066921,241
2019-06-03 19:42:59.199,1.0,buy,8548.59,BTC-7JUN19-8000-P,85.84,0.01,1.0,1,1559590979199,23066922,242
2019-06-03 19:52:37.816,1.5,sell,8564.06,BTC-7JUN19-8000-P,81.74,0.0085,1.5,2,1559591557816,23067200,243
2019-06-03 21:38:11.392,1.5,sell,8504.04,BTC-7JUN19-8000-P,84.51,0.0105,1.5,0,1559597891392,23072544,244
2019-06-03 22:25:02.098,0.6,buy,8415.19,BTC-7JUN19-8000-P,84.61,0.013,0.6,0,1559600702098,23077638,245
2019-06-03 23:20:46.565,1.0,sell,8361.24,BTC-7JUN19-8000-P,73.03,0.011,1.0,2,1559604046565,23084084,246
2019-06-03 23:23:00.298,1.0,buy,8237.87,BTC-7JUN19-8000-P,80.28,0.018000000000000002,1.0,0,1559604180298,23087428,247
2019-06-03 23:23:20.784,5.0,buy,8194.55,BTC-7JUN19-8000-P,84.59,0.0215,5.0,0,1559604200784,23088969,248
2019-06-03 23:24:45.913,0.1,sell,8144.22,BTC-7JUN19-8000-P,68.3,0.018000000000000002,0.1,2,1559604285913,23093808,249
2019-06-03 23:26:47.788,2.0,buy,8082.04,BTC-7JUN19-8000-P,78.32,0.025,2.0,0,1559604407788,23097425,250
2019-06-03 23:32:18.339,1.0,buy,8110.29,BTC-7JUN19-8000-P,77.17,0.023,1.0,2,1559604738339,23103704,251
2019-06-03 23:36:10.381,0.3,sell,8154.53,BTC-7JUN19-8000-P,77.98,0.021,0.3,2,1559604970381,23106219,252
2019-06-03 23:36:50.589,0.3,sell,8158.42,BTC-7JUN19-8000-P,73.03,0.019,0.3,2,1559605010589,23106570,253
2019-06-03 23:41:06.425,4.3,sell,8161.43,BTC-7JUN19-8000-P,74.83,0.0195,4.3,0,1559605266425,23107898,254
2019-06-03 23:41:06.486,0.1,buy,8161.43,BTC-7JUN19-8000-P,74.83,0.0195,0.1,1,1559605266486,23107899,255
2019-06-03 23:41:12.660,0.1,sell,8164.11,BTC-7JUN19-8000-P,73.81,0.019,0.1,2,1559605272660,23107922,256
2019-06-03 23:50:21.643,0.7000000000000001,buy,8129.22,BTC-7JUN19-8000-P,73.25,0.0205,0.7000000000000001,0,1559605821643,23110312,257
2019-06-03 23:51:31.873,1.0,buy,8136.03,BTC-7JUN19-8000-P,80.99,0.023,1.0,0,1559605891873,23110736,258
2019-06-04 00:03:41.494,1.0,buy,7968.76,BTC-7JUN19-8000-P,90.39,0.0365,1.0,0,1559606621494,23117339,259
2019-06-04 00:04:51.694,1.0,buy,7960.26,BTC-7JUN19-8000-P,82.33,0.034,1.0,2,1559606691694,23118929,260
2019-06-04 00:04:54.267,1.0,sell,7959.64,BTC-7JUN19-8000-P,88.78,0.0365,1.0,0,1559606694267,23118974,261
2019-06-04 00:04:57.197,1.0,buy,7949.84,BTC-7JUN19-8000-P,89.64,0.0375,1.0,0,1559606697197,23119000,262
2019-06-04 00:04:59.183,1.0,buy,7949.12,BTC-7JUN19-8000-P,92.13,0.0385,1.0,0,1559606699183,23119093,263
2019-06-04 00:05:01.159,1.0,buy,7949.03,BTC-7JUN19-8000-P,89.49,0.0375,1.0,2,1559606701159,23119159,264
2019-06-04 00:05:04.831,1.0,buy,7929.69,BTC-7JUN19-8000-P,88.55,0.0385,1.0,0,1559606704831,23119439,265
2019-06-04 00:05:06.932,1.0,buy,7927.09,BTC-7JUN19-8000-P,88.07,0.0385,1.0,1,1559606706932,23119515,266
2019-06-04 00:05:07.113,16.0,buy,7927.09,BTC-7JUN19-8000-P,88.07,0.0385,16.0,1,1559606707113,23119523,267
2019-06-04 00:05:09.244,0.6,sell,7910.64,BTC-7JUN19-8000-P,87.58,0.0395,0.6,0,1559606709244,23119652,268
2019-06-04 00:05:09.550,0.4,buy,7906.32,BTC-7JUN19-8000-P,94.65,0.0425,0.4,0,1559606709550,23119667,269
2019-06-04 00:05:13.025,0.6,buy,7893.39,BTC-7JUN19-8000-P,96.1,0.044,0.6,0,1559606713025,23119863,270
2019-06-04 00:05:15.979,0.4,sell,7891.79,BTC-7JUN19-8000-P,147.07,0.0635,0.4,0,1559606715979,23120046,271
2019-06-04 00:05:16.642,1.0,buy,7889.6,BTC-7JUN19-8000-P,147.97,0.064,1.0,0,1559606716642,23120059,272
2019-06-04 00:05:19.005,1.0,sell,7890.91,BTC-7JUN19-8000-P,104.85,0.0475,1.0,2,1559606719005,23120173,273
2019-06-04 00:05:19.594,1.0,sell,7892.18,BTC-7JUN19-8000-P,106.41,0.048,1.0,0,1559606719594,23120192,274
2019-06-04 00:05:21.923,1.0,buy,7885.04,BTC-7JUN19-8000-P,107.65,0.049,1.0,0,1559606721923,23120350,275
2019-06-04 00:05:22.909,1.0,buy,7874.47,BTC-7JUN19-8000-P,106.89,0.0495,1.0,0,1559606722909,23120404,276
2019-06-04 00:05:24.908,1.0,buy,7884.59,BTC-7JUN19-8000-P,110.2,0.05,1.0,0,1559606724908,23120525,277
2019-06-04 00:05:27.224,1.0,buy,7860.8,BTC-7JUN19-8000-P,92.23,0.045,1.0,2,1559606727224,23120638,278
2019-06-04 00:05:28.623,1.0,buy,7860.68,BTC-7JUN19-8000-P,94.86,0.046,1.0,0,1559606728623,23120717,279
2019-06-04 00:05:30.619,0.1,buy,7851.53,BTC-7JUN19-8000-P,92.98,0.046,0.1,1,1559606730619,23120813,280
2019-06-04 00:05:32.077,1.0,buy,7846.49,BTC-7JUN19-8000-P,91.94,0.046,1.0,1,1559606732077,23120880,281
2019-06-04 00:05:34.729,1.0,buy,7841.81,BTC-7JUN19-8000-P,92.29,0.0465,1.0,0,1559606734729,23121056,282
2019-06-04 00:05:36.567,1.0,sell,7859.42,BTC-7JUN19-8000-P,95.94,0.0465,1.0,1,1559606736567,23121133,283
2019-06-04 00:05:39.002,1.0,sell,7870.34,BTC-7JUN19-8000-P,98.16,0.0465,1.0,1,1559606739002,23121245,284
2019-06-04 00:05:41.296,1.0,sell,7862.96,BTC-7JUN19-8000-P,96.66,0.0465,1.0,1,1559606741296,23121366,285
2019-06-04 00:05:43.573,1.0,sell,7861.12,BTC-7JUN19-8000-P,94.96,0.046,1.0,2,1559606743573,23121404,286
2019-06-04 00:05:45.737,1.0,buy,7860.07,BTC-7JUN19-8000-P,94.75,0.046,1.0,3,1559606745737,23121459,287
2019-06-04 00:05:47.864,1.0,buy,7860.07,BTC-7JUN19-8000-P,96.08,0.0465,1.0,0,1559606747864,23121498,288
2019-06-04 00:05:56.850,1.0,buy,7847.51,BTC-7JUN19-8000-P,98.81,0.0485,1.0,0,1559606756850,23121749,289
2019-06-04 00:06:00.400,1.0,buy,7844.9,BTC-7JUN19-8000-P,102.25,0.05,1.0,0,1559606760400,23121979,290
2019-06-04 00:06:06.396,0.2,buy,7834.13,BTC-7JUN19-8000-P,139.71,0.065,0.2,0,1559606766396,23122225,291
2019-06-04 00:06:09.141,1.0,buy,7836.79,BTC-7JUN19-8000-P,115.16,0.0555,1.0,2,1559606769141,23122419,292
2019-06-04 00:06:51.373,1.0,buy,7836.89,BTC-7JUN19-8000-P,105.91,0.052000000000000005,1.0,2,1559606811373,23123946,293
2019-06-04 00:06:52.283,1.0,buy,7836.89,BTC-7JUN19-8000-P,105.91,0.052000000000000005,1.0,3,1559606812283,23123984,294
2019-06-04 00:06:56.034,1.0,sell,7835.27,BTC-7JUN19-8000-P,102.92,0.051,1.0,2,1559606816034,23124076,295
2019-06-04 00:07:00.530,1.0,sell,7820.85,BTC-7JUN19-8000-P,103.87,0.0525,1.0,0,1559606820530,23124243,296
2019-06-04 00:07:04.191,1.0,sell,7813.88,BTC-7JUN19-8000-P,107.72,0.0545,1.0,0,1559606824191,23124433,297
2019-06-04 00:07:08.362,1.0,sell,7811.7,BTC-7JUN19-8000-P,112.59,0.0565,1.0,0,1559606828362,23124574,298
2019-06-04 00:07:13.140,1.0,sell,7797.06,BTC-7JUN19-8000-P,114.79,0.0585,1.0,0,1559606833140,23124756,299
2019-06-04 00:07:15.625,0.4,buy,7790.33,BTC-7JUN19-8000-P,120.0,0.061,0.4,0,1559606835625,23124874,300
2019-06-04 00:07:18.679,1.0,sell,7785.31,BTC-7JUN19-8000-P,116.24,0.06,1.0,2,1559606838679,23125028,301
2019-06-04 00:07:23.550,1.0,sell,7771.25,BTC-7JUN19-8000-P,114.49,0.0605,1.0,0,1559606843550,23125236,302
2019-06-04 00:07:27.190,1.0,sell,7761.62,BTC-7JUN19-8000-P,115.02,0.0615,1.0,0,1559606847190,23125376,303
2019-06-04 00:07:28.244,1.0,sell,7757.47,BTC-7JUN19-8000-P,114.08,0.0615,1.0,1,1559606848244,23125418,304
2019-06-04 00:07:32.692,1.0,sell,7754.02,BTC-7JUN19-8000-P,118.7,0.0635,1.0,0,1559606852692,23125597,305
2019-06-04 00:07:32.692,1.0,sell,7754.02,BTC-7JUN19-8000-P,113.31,0.0615,1.0,2,1559606852692,23125598,306
2019-06-04 00:07:37.541,1.0,sell,7727.78,BTC-7JUN19-8000-P,111.29,0.063,1.0,0,1559606857541,23125922,307
2019-06-04 00:07:41.434,1.0,sell,7741.68,BTC-7JUN19-8000-P,114.54,0.063,1.0,1,1559606861434,23126052,308
2019-06-04 00:07:45.541,1.0,sell,7741.57,BTC-7JUN19-8000-P,113.16,0.0625,1.0,2,1559606865541,23126195,309
2019-06-04 00:07:49.365,1.0,sell,7746.57,BTC-7JUN19-8000-P,110.25,0.061,1.0,2,1559606869365,23126341,310
2019-06-04 00:07:52.633,1.0,sell,7751.36,BTC-7JUN19-8000-P,104.58,0.0585,1.0,2,1559606872633,23126509,311
2019-06-04 00:07:55.489,1.0,sell,7745.56,BTC-7JUN19-8000-P,103.22,0.0585,1.0,3,1559606875489,23126602,312
2019-06-04 00:07:57.660,1.0,sell,7761.56,BTC-7JUN19-8000-P,100.14,0.056,1.0,2,1559606877660,23126708,313
2019-06-04 00:07:59.929,1.0,sell,7761.26,BTC-7JUN19-8000-P,98.71,0.0555,1.0,2,1559606879929,23126844,314
2019-06-04 00:16:40.143,1.0,buy,7905.84,BTC-7JUN19-8000-P,84.12,0.0385,1.0,2,1559607400143,23134098,315
2019-06-04 00:20:24.378,0.4,buy,7909.87,BTC-7JUN19-8000-P,88.89,0.04,0.4,0,1559607624378,23135424,316
2019-06-04 00:29:00.752,1.0,buy,7955.38,BTC-7JUN19-8000-P,81.65,0.034,1.0,2,1559608140752,23139220,317
2019-06-04 01:08:39.098,0.1,sell,7996.28,BTC-7JUN19-8000-P,82.61,0.0315,0.1,2,1559610519098,23147728,318
2019-06-04 02:08:23.045,1.0,buy,7946.78,BTC-7JUN19-8000-P,94.23,0.039,1.0,0,1559614103045,23152340,319
2019-06-04 02:44:42.408,0.1,buy,7990.68,BTC-7JUN19-8000-P,87.83,0.0335,0.1,2,1559616282408,23154348,320
2019-06-04 03:32:59.648,0.1,buy,7962.37,BTC-7JUN19-8000-P,87.24,0.035,0.1,0,1559619179648,23156902,321
2019-06-04 03:48:45.912,0.9,buy,7933.79,BTC-7JUN19-8000-P,82.05,0.035,0.9,1,1559620125912,23157622,322
2019-06-04 05:18:52.305,0.6,sell,7961.72,BTC-7JUN19-8000-P,81.36,0.0325,0.6,2,1559625532305,23168421,323
2019-06-04 06:06:41.250,0.4,sell,7915.48,BTC-7JUN19-8000-P,78.34,0.0345,0.4,0,1559628401250,23170667,324
2019-06-04 07:12:50.964,2.0,buy,7833.33,BTC-7JUN19-8000-P,96.21,0.047,2.0,0,1559632370964,23179690,325
2019-06-04 07:13:26.352,2.0,sell,7813.91,BTC-7JUN19-8000-P,91.79,0.047,2.0,1,1559632406352,23180386,326
2019-06-04 07:55:07.457,0.1,buy,7861.15,BTC-7JUN19-8000-P,95.79,0.0445,0.1,2,1559634907457,23188220,327
2019-06-04 08:43:04.534,0.1,sell,7912.0,BTC-7JUN19-8000-P,84.63,0.0365,0.1,2,1559637784534,23191275,328
2019-06-04 08:44:23.202,0.1,buy,7908.9,BTC-7JUN19-8000-P,88.2,0.038,0.1,0,1559637863202,23191377,329
2019-06-04 11:13:37.796,0.2,sell,7947.25,BTC-7JUN19-8000-P,76.29,0.0305,0.2,2,1559646817796,23200807,330
2019-06-04 17:21:08.202,0.3,sell,7826.68,BTC-7JUN19-8000-P,80.7,0.04,0.3,0,1559668868202,23234468,331
2019-06-04 17:28:40.433,1.0,buy,7820.26,BTC-7JUN19-8000-P,85.31,0.042,1.0,0,1559669320433,23237947,332
2019-06-04 17:29:37.865,1.0,buy,7809.53,BTC-7JUN19-8000-P,85.63,0.043,1.0,0,1559669377865,23238422,333
2019-06-04 17:37:33.574,1.0,buy,7770.58,BTC-7JUN19-8000-P,84.54,0.046,1.0,0,1559669853574,23241059,334
2019-06-04 17:40:18.820,1.0,buy,7716.72,BTC-7JUN19-8000-P,96.16,0.0545,1.0,0,1559670018820,23243744,335
2019-06-04 17:40:29.726,0.1,buy,7679.85,BTC-7JUN19-8000-P,87.91,0.0555,0.1,0,1559670029726,23244335,336
2019-06-04 17:40:30.030,0.9,buy,7679.85,BTC-7JUN19-8000-P,96.27,0.058,0.9,0,1559670030030,23244359,337
2019-06-04 17:40:32.031,1.9,buy,7680.44,BTC-7JUN19-8000-P,96.47,0.058,1.9,1,1559670032031,23244542,338
2019-06-04 17:40:32.206,0.1,buy,7680.44,BTC-7JUN19-8000-P,96.47,0.057999999999999996,0.1,1,1559670032206,23244552,339
2019-06-04 17:42:00.029,1.0,sell,7665.96,BTC-7JUN19-8000-P,98.49,0.06,1.0,0,1559670120029,23247190,340
2019-06-04 17:42:50.683,1.0,buy,7630.16,BTC-7JUN19-8000-P,105.19,0.0655,1.0,0,1559670170683,23248565,341
2019-06-04 17:42:51.465,1.0,buy,7627.03,BTC-7JUN19-8000-P,104.14,0.0655,1.0,1,1559670171465,23248593,342
2019-06-04 17:42:52.358,1.0,buy,7627.03,BTC-7JUN19-8000-P,105.82,0.066,1.0,0,1559670172358,23248629,343
2019-06-04 17:42:55.775,1.0,buy,7622.7,BTC-7JUN19-8000-P,107.74,0.067,1.0,0,1559670175775,23248771,344
2019-06-04 17:43:00.024,1.0,buy,7617.87,BTC-7JUN19-8000-P,111.15,0.0685,1.0,0,1559670180024,23249017,345
2019-06-04 17:43:03.999,1.0,sell,7610.23,BTC-7JUN19-8000-P,108.62,0.0685,1.0,1,1559670183999,23249326,346
2019-06-04 17:43:04.921,1.0,buy,7609.65,BTC-7JUN19-8000-P,110.1,0.069,1.0,0,1559670184921,23249371,347
2019-06-04 17:43:05.496,1.0,buy,7607.26,BTC-7JUN19-8000-P,110.98,0.0695,1.0,0,1559670185496,23249395,348
2019-06-04 17:43:09.201,1.0,sell,7601.96,BTC-7JUN19-8000-P,109.2,0.0695,1.0,1,1559670189201,23249614,349
2019-06-04 17:45:04.972,1.0,sell,7584.07,BTC-7JUN19-8000-P,108.15,0.071,1.0,0,1559670304972,23253065,350
2019-06-04 17:45:06.946,1.0,buy,7583.47,BTC-7JUN19-8000-P,109.66,0.0715,1.0,0,1559670306946,23253110,351
2019-06-04 17:45:15.272,1.0,sell,7577.85,BTC-7JUN19-8000-P,109.4,0.07200000000000001,1.0,0,1559670315272,23253207,352
2019-06-04 17:45:15.949,1.0,sell,7577.83,BTC-7JUN19-8000-P,105.93,0.071,1.0,2,1559670315949,23253215,353
2019-06-04 17:48:39.615,1.0,buy,7614.77,BTC-7JUN19-8000-P,80.26,0.06,1.0,2,1559670519615,23256245,354
2019-06-04 17:50:30.557,1.0,buy,7610.73,BTC-7JUN19-8000-P,86.13,0.062,1.0,0,1559670630557,23257538,355
2019-06-04 17:51:53.236,5.0,buy,7585.32,BTC-7JUN19-8000-P,83.4,0.064,5.0,0,1559670713236,23258154,356
2019-06-04 17:52:04.746,1.0,buy,7577.32,BTC-7JUN19-8000-P,83.88,0.065,1.0,0,1559670724746,23258219,357
2019-06-04 18:01:59.158,4.0,buy,7625.31,BTC-7JUN19-8000-P,110.54,0.0675,4.0,1,1559671319158,23262640,359
2019-06-04 18:01:59.158,1.0,buy,7625.31,BTC-7JUN19-8000-P,110.54,0.0675,1.0,0,1559671319158,23262639,358
2019-06-04 19:08:58.080,6.0,buy,7607.28,BTC-7JUN19-8000-P,113.98,0.07,6.0,0,1559675338080,23272311,360
2019-06-04 19:09:31.332,1.0,buy,7574.68,BTC-7JUN19-8000-P,102.42,0.07,1.0,1,1559675371332,23273068,361
2019-06-04 19:10:57.973,1.0,buy,7542.96,BTC-7JUN19-8000-P,97.27,0.07200000000000001,1.0,0,1559675457973,23274565,362
2019-06-04 19:11:03.287,0.1,buy,7527.81,BTC-7JUN19-8000-P,104.23,0.0755,0.1,0,1559675463287,23274873,363
2019-06-04 19:11:11.900,1.0,buy,7513.5,BTC-7JUN19-8000-P,109.59,0.0785,1.0,0,1559675471900,23275325,364
2019-06-04 19:11:19.949,0.8,sell,7508.8,BTC-7JUN19-8000-P,111.39,0.0795,0.8,0,1559675479949,23275652,365
2019-06-04 19:22:33.934,0.4,buy,7601.35,BTC-7JUN19-8000-P,83.43,0.062,0.4,2,1559676153934,23281898,366
2019-06-04 19:35:22.887,2.5,sell,7596.66,BTC-7JUN19-8000-P,92.99,0.065,2.5,0,1559676922887,23285008,367
2019-06-04 19:35:43.892,0.6,sell,7603.3,BTC-7JUN19-8000-P,95.54,0.065,0.6,1,1559676943892,23285137,368
2019-06-04 19:35:45.801,5.0,sell,7606.29,BTC-7JUN19-8000-P,96.66,0.065,5.0,1,1559676945801,23285164,369
2019-06-04 19:35:47.886,1.9,sell,7618.5,BTC-7JUN19-8000-P,101.08,0.065,1.9,1,1559676947886,23285239,370
2019-06-04 22:02:05.319,0.1,buy,7478.71,BTC-7JUN19-8000-P,108.92,0.0815,0.1,0,1559685725319,23306965,371
2019-06-04 22:02:05.319,1.9,buy,7478.71,BTC-7JUN19-8000-P,114.81,0.083,1.9,0,1559685725319,23306966,372
2019-06-04 23:42:41.873,0.5,buy,7654.35,BTC-7JUN19-8000-P,106.68,0.062,0.5,2,1559691761873,23320718,373
2019-06-04 23:43:02.426,0.5,buy,7657.87,BTC-7JUN19-8000-P,106.13,0.0615,0.5,2,1559691782426,23320774,374
2019-06-04 23:44:02.891,0.5,buy,7656.55,BTC-7JUN19-8000-P,105.7,0.0615,0.5,3,1559691842891,23320873,375
2019-06-05 00:08:33.283,3.0,sell,7748.49,BTC-7JUN19-8000-P,96.15,0.05,3.0,2,1559693313283,23322983,376
2019-06-05 00:11:28.305,11.0,sell,7778.43,BTC-7JUN19-8000-P,74.73,0.040999999999999995,11.0,2,1559693488305,23324279,379
2019-06-05 00:11:28.305,5.0,sell,7778.43,BTC-7JUN19-8000-P,76.45,0.0415,5.0,2,1559693488305,23324277,377
2019-06-05 00:11:28.305,4.0,sell,7778.43,BTC-7JUN19-8000-P,76.45,0.0415,4.0,3,1559693488305,23324278,378
2019-06-05 02:27:20.279,3.0,sell,7834.52,BTC-7JUN19-8000-P,89.45,0.04,3.0,2,1559701640279,23330866,380
2019-06-05 11:04:35.081,0.3,sell,7882.89,BTC-7JUN19-8000-P,88.22,0.0335,0.3,2,1559732675081,23351057,381
2019-06-05 15:27:09.983,0.3,buy,7632.6,BTC-7JUN19-8000-P,84.55,0.055,0.3,0,1559748429983,23373757,382
2019-06-05 22:13:04.764,0.1,sell,7773.17,BTC-7JUN19-8000-P,89.36,0.04,0.1,2,1559772784764,23422902,383
2019-06-05 22:36:57.659,0.1,sell,7787.11,BTC-7JUN19-8000-P,84.41,0.0375,0.1,2,1559774217659,23424996,384
2019-06-06 07:14:58.053,0.2,buy,7794.89,BTC-7JUN19-8000-P,99.2,0.037000000000000005,0.2,2,1559805298053,23444145,385
2019-06-06 13:07:04.068,0.4,buy,7706.4,BTC-7JUN19-8000-P,90.68,0.0425,0.4,0,1559826424068,23463986,386
2019-06-06 21:17:49.085,5.1000000000000005,buy,7705.11,BTC-7JUN19-8000-P,118.96,0.0425,5.1000000000000005,1,1559855869085,23531069,387
2019-06-06 23:49:09.253,1.0,sell,7818.01,BTC-7JUN19-8000-P,85.15,0.026,1.0,2,1559864949253,23541137,388
2019-06-07 04:28:42.245,1.0,sell,7809.34,BTC-7JUN19-8000-P,110.85,0.026,1.0,3,1559881722245,23555231,389
