date_utc,amount,direction,indexPrice,instrument,iv,price,quantity,tickDirection,timeStamp,tradeId,tradeSeq
2019-05-24 08:17:11.774,1.0,sell,7929.79,BTC-7JUN19-7500-P,80.82,0.038,1.0,1,1558685831774,21970279,1
2019-05-24 08:34:19.861,25.0,sell,8015.02,BTC-7JUN19-7500-P,87.79,0.039,25.0,0,1558686859861,21973531,2
2019-05-24 09:15:18.842,5.0,sell,7978.47,BTC-7JUN19-7500-P,80.53,0.0355,5.0,2,1558689318842,21976460,3
2019-05-24 09:17:02.448,2.0,sell,7974.57,BTC-7JUN19-7500-P,79.57,0.035,2.0,2,1558689422448,21976490,4
2019-05-24 10:45:32.538,0.1,sell,7976.12,BTC-7JUN19-7500-P,79.85,0.035,0.1,3,1558694732538,21980471,5
2019-05-24 11:30:13.873,17.900000000000006,sell,8048.04,BTC-7JUN19-7500-P,84.45,0.035,17.900000000000006,3,1558697413873,21983699,6
2019-05-24 11:44:45.997,1.0,sell,8017.72,BTC-7JUN19-7500-P,79.68,0.033,1.0,2,1558698285997,21985354,7
2019-05-24 11:49:15.743,10.0,sell,8035.63,BTC-7JUN19-7500-P,79.32,0.032,10.0,2,1558698555743,21985509,8
2019-05-24 12:00:17.619,1.0,sell,8036.02,BTC-7JUN19-7500-P,79.36,0.032,1.0,3,1558699217619,21985745,9
2019-05-24 12:55:25.707,0.1,buy,8048.57,BTC-7JUN19-7500-P,83.93,0.0345,0.1,0,1558702525707,21987707,10
2019-05-24 14:39:48.092,10.0,sell,8024.83,BTC-7JUN19-7500-P,78.25,0.0315,10.0,2,1558708788092,21991677,11
2019-05-24 15:04:51.892,10.0,buy,8063.7,BTC-7JUN19-7500-P,79.92,0.031,10.0,2,1558710291892,21994295,12
2019-05-24 15:32:12.468,1.0,buy,8114.58,BTC-7JUN19-7500-P,81.49,0.03,1.0,2,1558711932468,21998690,13
2019-05-24 15:34:05.495,1.0,buy,8102.07,BTC-7JUN19-7500-P,80.76,0.03,1.0,3,1558712045495,21998967,14
2019-05-24 15:34:07.724,1.0,buy,8102.46,BTC-7JUN19-7500-P,80.78,0.03,1.0,3,1558712047724,21998968,15
2019-05-24 15:37:40.726,1.0,buy,8103.39,BTC-7JUN19-7500-P,80.84,0.03,1.0,3,1558712260726,21999078,16
2019-05-24 15:38:45.144,0.4,buy,8096.45,BTC-7JUN19-7500-P,80.44,0.03,0.4,3,1558712325144,21999156,17
2019-05-24 15:39:03.227,0.4,buy,8097.03,BTC-7JUN19-7500-P,80.47,0.03,0.4,3,1558712343227,21999184,18
2019-05-24 15:39:20.679,3.2,buy,8096.62,BTC-7JUN19-7500-P,80.45,0.03,3.2,3,1558712360679,21999196,19
2019-05-24 15:51:24.030,1.0,sell,8126.67,BTC-7JUN19-7500-P,79.93,0.0285,1.0,2,1558713084030,21999691,20
2019-05-24 19:09:55.406,1.0,buy,8026.8,BTC-7JUN19-7500-P,84.11,0.035,1.0,0,1558724995406,22012743,21
2019-05-24 19:09:55.406,0.1,buy,8026.8,BTC-7JUN19-7500-P,84.11,0.035,0.1,1,1558724995406,22012744,22
2019-05-25 07:10:04.828,0.2,sell,7969.72,BTC-7JUN19-7500-P,81.99,0.035,0.2,1,1558768204828,22041240,23
2019-05-25 10:27:04.070,0.2,buy,8092.89,BTC-7JUN19-7500-P,85.74,0.032,0.2,2,1558780024070,22048626,24
2019-05-25 10:32:45.785,0.2,sell,8096.66,BTC-7JUN19-7500-P,85.99,0.032,0.2,3,1558780365785,22048772,25
2019-05-25 10:32:45.898,0.2,sell,8096.66,BTC-7JUN19-7500-P,85.99,0.032,0.2,3,1558780365898,22048774,26
2019-05-25 10:38:33.968,0.2,sell,8118.71,BTC-7JUN19-7500-P,87.36,0.032,0.2,3,1558780713968,22049142,27
2019-05-25 10:38:34.033,0.2,sell,8118.71,BTC-7JUN19-7500-P,87.36,0.032,0.2,3,1558780714033,22049145,28
2019-05-25 11:13:35.487,1.0,buy,8139.44,BTC-7JUN19-7500-P,87.92,0.0315,1.0,2,1558782815487,22050994,29
2019-05-25 15:05:00.363,4.2,sell,8093.72,BTC-7JUN19-7500-P,80.93,0.0285,4.2,2,1558796700363,22060013,30
2019-05-25 15:06:07.019,4.1,sell,8099.56,BTC-7JUN19-7500-P,78.88,0.027000000000000003,4.1,2,1558796767019,22060132,31
2019-05-25 22:37:14.996,0.1,buy,8069.82,BTC-7JUN19-7500-P,86.02,0.032,0.1,0,1558823834996,22075778,32
2019-05-26 10:13:52.610,0.9,buy,7978.82,BTC-7JUN19-7500-P,86.41,0.035,0.9,1,1558865632610,22094536,34
2019-05-26 10:13:52.610,0.2,buy,7978.82,BTC-7JUN19-7500-P,86.41,0.035,0.2,0,1558865632610,22094535,33
2019-05-26 11:23:56.151,0.2,sell,7940.62,BTC-7JUN19-7500-P,76.18,0.03,0.2,2,1558869836151,22097271,35
2019-05-26 13:13:05.425,0.1,sell,7940.96,BTC-7JUN19-7500-P,77.23,0.0305,0.1,0,1558876385425,22103082,36
2019-05-26 13:13:57.891,0.7000000000000001,sell,7943.74,BTC-7JUN19-7500-P,72.7,0.0275,0.7000000000000001,2,1558876437891,22103098,37
2019-05-26 22:09:32.387,0.1,sell,8660.94,BTC-7JUN19-7500-P,83.54,0.012,0.1,2,1558908572387,22213090,38
2019-05-26 22:43:17.323,0.2,sell,8657.75,BTC-7JUN19-7500-P,92.84,0.016,0.2,0,1558910597323,22223786,39
2019-05-27 02:34:09.888,10.0,sell,8729.88,BTC-7JUN19-7500-P,88.59,0.0125,10.0,2,1558924449888,22266838,40
2019-05-27 16:45:07.509,3.0,sell,8778.59,BTC-7JUN19-7500-P,98.33,0.0145,3.0,0,1558975507509,22329673,41
2019-05-27 18:52:54.936,0.4,sell,8784.96,BTC-7JUN19-7500-P,93.95,0.0125,0.4,2,1558983174936,22347252,42
2019-05-28 01:03:38.970,0.1,buy,8752.34,BTC-7JUN19-7500-P,89.58,0.011,0.1,2,1559005418970,22370593,43
2019-05-28 03:30:57.496,1.0,buy,8768.47,BTC-7JUN19-7500-P,96.14,0.013,1.0,0,1559014257496,22374175,44
2019-05-28 03:39:40.827,1.0,sell,8775.05,BTC-7JUN19-7500-P,91.09,0.011,1.0,2,1559014780827,22374315,45
2019-05-28 13:18:43.090,3.8,buy,8689.75,BTC-7JUN19-7500-P,95.58,0.0135,3.8,0,1559049523090,22405421,47
2019-05-28 13:18:43.090,1.2,buy,8689.75,BTC-7JUN19-7500-P,92.97,0.0125,1.2,0,1559049523090,22405420,46
2019-05-28 13:32:38.268,32.0,buy,8583.69,BTC-7JUN19-7500-P,95.18,0.0155,32.0,0,1559050358268,22413899,48
2019-05-28 13:33:20.143,5.0,buy,8598.08,BTC-7JUN19-7500-P,95.93,0.0155,5.0,1,1559050400143,22414106,50
2019-05-28 13:33:20.143,10.0,buy,8598.08,BTC-7JUN19-7500-P,95.93,0.0155,10.0,1,1559050400143,22414105,49
2019-05-28 13:48:29.338,3.0,sell,8647.64,BTC-7JUN19-7500-P,93.57,0.0135,3.0,2,1559051309338,22416540,51
2019-05-28 16:26:14.045,10.0,buy,8659.96,BTC-7JUN19-7500-P,98.51,0.015,10.0,0,1559060774045,22425624,52
2019-05-28 16:26:14.045,10.0,buy,8659.96,BTC-7JUN19-7500-P,98.51,0.015,10.0,1,1559060774045,22425625,53
2019-05-28 20:21:45.032,1.0,sell,8698.71,BTC-7JUN19-7500-P,93.49,0.012,1.0,2,1559074905032,22446222,54
2019-05-28 21:23:57.916,5.0,sell,8684.69,BTC-7JUN19-7500-P,94.36,0.0125,5.0,0,1559078637916,22447960,55
2019-05-28 21:27:46.571,4.0,sell,8677.17,BTC-7JUN19-7500-P,94.0,0.0125,4.0,1,1559078866571,22448065,56
2019-05-28 23:39:12.158,0.2,sell,8724.71,BTC-7JUN19-7500-P,95.45,0.012,0.2,2,1559086752158,22451627,57
2019-05-29 05:17:46.216,0.4,buy,8539.42,BTC-7JUN19-7500-P,92.4,0.014,0.4,0,1559107066216,22472045,58
2019-05-29 05:41:19.445,5.0,buy,8467.39,BTC-7JUN19-7500-P,93.41,0.016,5.0,0,1559108479445,22475988,59
2019-05-29 05:59:32.475,5.0,buy,8472.68,BTC-7JUN19-7500-P,93.77,0.016,5.0,1,1559109572475,22480207,60
2019-05-29 06:59:07.026,0.1,sell,8514.08,BTC-7JUN19-7500-P,91.39,0.014,0.1,2,1559113147026,22484635,61
2019-05-29 07:30:21.117,0.2,sell,8533.92,BTC-7JUN19-7500-P,90.02,0.013,0.2,2,1559115021117,22486488,62
2019-05-29 10:01:18.583,0.1,sell,8644.6,BTC-7JUN19-7500-P,97.73,0.0135,0.1,0,1559124078583,22497297,63
2019-05-29 10:11:19.546,3.7,buy,8637.92,BTC-7JUN19-7500-P,97.42,0.0135,3.7,1,1559124679546,22498688,64
2019-05-29 12:48:13.017,5.0,sell,8638.11,BTC-7JUN19-7500-P,95.33,0.0125,5.0,2,1559134093017,22507497,65
2019-05-29 15:55:19.137,0.2,sell,8682.98,BTC-7JUN19-7500-P,91.12,0.01,0.2,2,1559145319137,22524354,66
2019-05-29 17:21:28.958,0.3,buy,8701.47,BTC-7JUN19-7500-P,96.82,0.0115,0.3,0,1559150488958,22530195,67
2019-05-29 17:21:56.648,2.1,buy,8703.79,BTC-7JUN19-7500-P,98.39,0.012,2.1,0,1559150516648,22530208,68
2019-05-29 17:22:14.298,0.4,buy,8706.28,BTC-7JUN19-7500-P,98.51,0.012,0.4,1,1559150534298,22530219,69
2019-05-29 17:22:20.232,0.4,buy,8705.34,BTC-7JUN19-7500-P,98.47,0.012,0.4,1,1559150540232,22530220,70
2019-05-29 20:08:30.605,10.0,sell,8708.12,BTC-7JUN19-7500-P,90.18,0.009000000000000001,10.0,3,1559160510605,22536361,73
2019-05-29 20:08:30.605,4.9,sell,8708.12,BTC-7JUN19-7500-P,90.18,0.009000000000000001,4.9,3,1559160510605,22536360,72
2019-05-29 20:08:30.605,40.0,sell,8708.12,BTC-7JUN19-7500-P,90.18,0.009000000000000001,40.0,2,1559160510605,22536359,71
2019-05-30 01:06:52.369,0.2,sell,8726.51,BTC-7JUN19-7500-P,93.83,0.0095,0.2,0,1559178412369,22552332,74
2019-05-30 01:42:09.425,1.0,buy,8635.24,BTC-7JUN19-7500-P,92.41,0.0105,1.0,0,1559180529425,22558301,75
2019-05-30 05:10:45.909,8.700000000000001,sell,8744.95,BTC-7JUN19-7500-P,92.42,0.0085,8.700000000000001,2,1559193045909,22580867,76
2019-05-30 05:49:40.052,0.1,buy,8724.7,BTC-7JUN19-7500-P,98.04,0.0105,0.1,0,1559195380052,22583909,77
2019-05-30 15:42:19.581,10.0,sell,8783.44,BTC-7JUN19-7500-P,96.95,0.0085,10.0,2,1559230939581,22610686,78
2019-05-30 16:13:49.567,0.5,sell,8969.97,BTC-7JUN19-7500-P,96.27,0.006,0.5,2,1559232829567,22631298,79
2019-05-30 19:50:52.983,0.1,sell,8595.61,BTC-7JUN19-7500-P,94.78,0.0105,0.1,0,1559245852983,22677390,80
2019-05-30 19:53:53.263,1.0,buy,8598.57,BTC-7JUN19-7500-P,96.5,0.011,1.0,0,1559246033263,22677516,81
2019-05-30 20:18:20.744,0.1,buy,8517.6,BTC-7JUN19-7500-P,89.04,0.01,0.1,2,1559247500744,22683444,82
2019-05-30 20:25:30.345,5.0,buy,8460.11,BTC-7JUN19-7500-P,90.25,0.0115,5.0,0,1559247930345,22686178,83
2019-05-30 20:25:39.987,2.5,buy,8431.09,BTC-7JUN19-7500-P,88.56,0.0115,2.5,1,1559247939987,22686889,84
2019-05-30 20:25:42.053,2.5,buy,8423.16,BTC-7JUN19-7500-P,88.1,0.0115,2.5,1,1559247942053,22687065,85
2019-05-30 21:12:31.774,24.0,buy,8431.49,BTC-7JUN19-7500-P,94.35,0.0135,24.0,0,1559250751774,22698336,86
2019-05-30 21:12:59.297,1.0,sell,8412.74,BTC-7JUN19-7500-P,93.21,0.0135,1.0,1,1559250779297,22698919,87
2019-05-30 21:16:46.481,0.6,buy,8284.59,BTC-7JUN19-7500-P,94.01,0.017,0.6,0,1559251006481,22702334,88
2019-05-30 21:16:48.090,0.6,buy,8285.11,BTC-7JUN19-7500-P,94.05,0.017,0.6,1,1559251008090,22702434,89
2019-05-30 21:16:48.306,0.6,buy,8285.35,BTC-7JUN19-7500-P,94.06,0.017,0.6,1,1559251008306,22702455,90
2019-05-30 21:19:28.585,5.0,buy,8277.46,BTC-7JUN19-7500-P,92.33,0.0165,5.0,2,1559251168585,22707102,91
2019-05-30 21:21:02.196,25.0,sell,8318.16,BTC-7JUN19-7500-P,92.52,0.0155,25.0,2,1559251262196,22707928,92
2019-05-30 21:25:25.985,6.8,buy,8153.97,BTC-7JUN19-7500-P,95.36,0.0215,6.8,0,1559251525985,22713574,93
2019-05-30 21:25:26.231,14.5,buy,8151.93,BTC-7JUN19-7500-P,95.21,0.0215,14.5,1,1559251526231,22713598,94
2019-05-30 21:25:26.783,2.7,buy,8151.93,BTC-7JUN19-7500-P,95.21,0.0215,2.7,1,1559251526783,22713635,95
2019-05-30 21:28:08.360,0.5,sell,8009.98,BTC-7JUN19-7500-P,90.81,0.0245,0.5,0,1559251688360,22719492,96
2019-05-30 21:32:58.793,0.6,buy,8117.15,BTC-7JUN19-7500-P,95.95,0.023,0.6,2,1559251978793,22725899,97
2019-05-30 21:32:59.019,0.6,buy,8117.15,BTC-7JUN19-7500-P,95.95,0.023,0.6,3,1559251979019,22725905,98
2019-05-30 21:33:00.277,0.6,buy,8109.77,BTC-7JUN19-7500-P,95.39,0.023,0.6,3,1559251980277,22725981,99
2019-05-30 21:33:01.167,0.6,buy,8101.86,BTC-7JUN19-7500-P,94.79,0.023,0.6,3,1559251981167,22726011,100
2019-05-30 21:33:03.120,5.0,buy,8103.53,BTC-7JUN19-7500-P,94.92,0.023,5.0,3,1559251983120,22726038,101
2019-05-30 21:58:44.407,0.1,buy,8211.51,BTC-7JUN19-7500-P,95.12,0.0195,0.1,2,1559253524407,22738921,102
2019-05-30 22:40:05.129,0.1,sell,8283.62,BTC-7JUN19-7500-P,99.13,0.019,0.1,2,1559256005129,22746037,103
2019-05-30 23:10:53.584,5.0,sell,8247.48,BTC-7JUN19-7500-P,101.44,0.021,5.0,0,1559257853584,22749317,104
2019-05-31 01:47:41.570,1.0,buy,8365.62,BTC-7JUN19-7500-P,103.13,0.018000000000000002,1.0,2,1559267261570,22759253,105
2019-05-31 03:03:03.055,1.0,buy,8250.56,BTC-7JUN19-7500-P,95.68,0.018000000000000002,1.0,3,1559271783055,22763058,106
2019-05-31 04:33:10.202,2.0,buy,8200.24,BTC-7JUN19-7500-P,96.11,0.0195,2.0,0,1559277190202,22768208,107
2019-05-31 04:40:20.359,1.4,buy,8169.73,BTC-7JUN19-7500-P,100.79,0.0225,1.4,0,1559277620359,22769334,109
2019-05-31 04:40:20.359,0.6,buy,8169.73,BTC-7JUN19-7500-P,99.66,0.022,0.6,0,1559277620359,22769333,108
2019-05-31 05:49:45.390,2.0,sell,8232.69,BTC-7JUN19-7500-P,99.99,0.02,2.0,2,1559281785390,22775292,110
2019-05-31 06:02:17.704,1.0,sell,8238.52,BTC-7JUN19-7500-P,95.67,0.018000000000000002,1.0,2,1559282537704,22775735,111
2019-05-31 07:57:34.697,0.1,sell,8282.62,BTC-7JUN19-7500-P,95.56,0.0165,0.1,2,1559289454697,22781268,112
2019-05-31 08:03:54.108,0.1,sell,8293.72,BTC-7JUN19-7500-P,97.61,0.017,0.1,0,1559289834108,22782362,113
2019-05-31 08:05:44.276,1.9,sell,8289.27,BTC-7JUN19-7500-P,96.05,0.0165,1.9,2,1559289944276,22782500,114
2019-05-31 08:07:19.488,10.0,buy,8276.44,BTC-7JUN19-7500-P,100.15,0.0185,10.0,0,1559290039488,22782744,115
2019-05-31 08:07:19.488,7.5,buy,8276.44,BTC-7JUN19-7500-P,100.15,0.0185,7.5,1,1559290039488,22782745,116
2019-05-31 08:07:19.516,0.6,sell,8276.44,BTC-7JUN19-7500-P,100.15,0.0185,0.6,1,1559290039516,22782746,117
2019-05-31 08:07:19.520,1.9,sell,8276.44,BTC-7JUN19-7500-P,100.15,0.0185,1.9,1,1559290039520,22782747,118
2019-05-31 08:14:20.496,0.6,sell,8278.74,BTC-7JUN19-7500-P,99.12,0.018000000000000002,0.6,2,1559290460496,22783304,119
2019-05-31 08:14:20.598,0.4,sell,8278.74,BTC-7JUN19-7500-P,99.12,0.018000000000000002,0.4,3,1559290460598,22783306,120
2019-05-31 08:18:24.191,5.0,sell,8290.67,BTC-7JUN19-7500-P,93.65,0.0155,5.0,2,1559290704191,22783561,121
2019-05-31 08:33:58.548,1.0,sell,8306.38,BTC-7JUN19-7500-P,92.17,0.0145,1.0,2,1559291638548,22784133,122
2019-05-31 10:43:35.289,0.1,buy,8324.9,BTC-7JUN19-7500-P,89.93,0.013,0.1,2,1559299415289,22789640,123
2019-05-31 13:01:16.827,3.4,sell,8317.97,BTC-7JUN19-7500-P,81.5,0.01,3.4,3,1559307676827,22798187,126
2019-05-31 13:01:16.827,1.0,sell,8317.97,BTC-7JUN19-7500-P,81.5,0.01,1.0,2,1559307676827,22798185,124
2019-05-31 13:01:16.827,1.0,sell,8317.97,BTC-7JUN19-7500-P,81.5,0.01,1.0,3,1559307676827,22798186,125
2019-05-31 13:46:05.060,0.1,sell,8419.91,BTC-7JUN19-7500-P,84.73,0.009000000000000001,0.1,2,1559310365060,22805473,127
2019-05-31 14:18:51.699,4.0,sell,8398.54,BTC-7JUN19-7500-P,76.91,0.006999999999999999,4.0,2,1559312331699,22809754,128
2019-05-31 14:56:20.717,0.5,sell,8432.21,BTC-7JUN19-7500-P,80.72,0.0075,0.5,0,1559314580717,22811367,129
2019-05-31 14:59:28.195,1.0,buy,8421.32,BTC-7JUN19-7500-P,86.74,0.0095,1.0,0,1559314768195,22811471,130
2019-05-31 15:32:48.385,0.9,buy,8395.64,BTC-7JUN19-7500-P,83.76,0.009000000000000001,0.9,2,1559316768385,22812736,131
2019-05-31 15:40:11.169,10.0,buy,8375.84,BTC-7JUN19-7500-P,84.19,0.0095,10.0,0,1559317211169,22813152,132
2019-05-31 15:40:31.086,10.0,buy,8374.58,BTC-7JUN19-7500-P,84.11,0.0095,10.0,1,1559317231086,22813186,133
2019-05-31 15:43:29.775,1.0,buy,8368.86,BTC-7JUN19-7500-P,83.78,0.0095,1.0,1,1559317409775,22813381,134
2019-05-31 15:48:11.920,3.0,buy,8359.97,BTC-7JUN19-7500-P,83.26,0.0095,3.0,1,1559317691920,22813726,135
2019-05-31 15:48:42.009,0.5,buy,8337.62,BTC-7JUN19-7500-P,83.43,0.01,0.5,0,1559317722009,22814007,136
2019-05-31 16:08:58.840,0.1,buy,8331.47,BTC-7JUN19-7500-P,83.14,0.01,0.1,1,1559318938840,22816763,137
2019-05-31 16:10:01.069,0.1,buy,8333.74,BTC-7JUN19-7500-P,83.28,0.01,0.1,1,1559319001069,22816887,138
2019-05-31 18:05:15.550,2.5,sell,8437.58,BTC-7JUN19-7500-P,85.27,0.0085,2.5,2,1559325915550,22827300,139
2019-05-31 18:45:29.117,5.0,buy,8397.9,BTC-7JUN19-7500-P,86.36,0.0095,5.0,0,1559328329117,22831727,140
2019-05-31 19:22:55.908,1.9,sell,8412.47,BTC-7JUN19-7500-P,82.44,0.008,1.9,3,1559330575908,22833425,142
2019-05-31 19:22:55.908,2.5,sell,8412.47,BTC-7JUN19-7500-P,82.44,0.008,2.5,2,1559330575908,22833424,141
2019-05-31 21:15:49.609,2.0,sell,8523.58,BTC-7JUN19-7500-P,87.59,0.0075,2.0,2,1559337349609,22844383,143
2019-05-31 21:28:03.006,0.5,sell,8532.63,BTC-7JUN19-7500-P,88.16,0.0075,0.5,3,1559338083006,22845008,144
2019-05-31 21:33:37.958,0.1,buy,8519.81,BTC-7JUN19-7500-P,87.46,0.0075,0.1,3,1559338417958,22845225,145
2019-05-31 23:07:27.014,2.5,sell,8539.2,BTC-7JUN19-7500-P,87.12,0.006999999999999999,2.5,2,1559344047014,22849976,146
2019-06-01 00:01:44.215,30.0,buy,8552.54,BTC-7JUN19-7500-P,90.03,0.0075,30.0,1,1559347304215,22853032,149
2019-06-01 00:01:44.215,2.5,buy,8552.54,BTC-7JUN19-7500-P,90.03,0.0075,2.5,1,1559347304215,22853031,148
2019-06-01 00:01:44.215,1.4,buy,8552.54,BTC-7JUN19-7500-P,90.03,0.0075,1.4,0,1559347304215,22853030,147
2019-06-01 00:01:46.293,0.1,sell,8554.92,BTC-7JUN19-7500-P,92.03,0.008,0.1,0,1559347306293,22853035,150
2019-06-01 00:02:57.419,5.0,buy,8557.75,BTC-7JUN19-7500-P,92.19,0.008,5.0,1,1559347377419,22853109,151
2019-06-01 00:15:13.697,4.0,buy,8541.52,BTC-7JUN19-7500-P,93.13,0.0085,4.0,0,1559348113697,22853886,152
2019-06-01 08:01:21.452,0.5,buy,8537.33,BTC-7JUN19-7500-P,93.5,0.008,0.5,2,1559376081452,22871605,153
2019-06-01 10:27:49.254,0.5,buy,8578.54,BTC-7JUN19-7500-P,88.66,0.006,0.5,2,1559384869254,22878087,154
2019-06-01 11:49:23.849,0.1,buy,8571.89,BTC-7JUN19-7500-P,90.83,0.0065,0.1,0,1559389763849,22881077,155
2019-06-01 16:52:04.136,0.1,buy,8558.22,BTC-7JUN19-7500-P,85.04,0.005,0.1,2,1559407924136,22890767,156
2019-06-02 01:09:32.419,0.5,sell,8592.31,BTC-7JUN19-7500-P,87.21,0.0045,0.5,2,1559437772419,22908046,157
2019-06-02 01:21:14.867,0.1,sell,8590.07,BTC-7JUN19-7500-P,81.68,0.0035,0.1,2,1559438474867,22908398,158
2019-06-02 16:24:22.970,0.3,sell,8719.04,BTC-7JUN19-7500-P,90.93,0.003,0.3,2,1559492662970,22952404,159
2019-06-02 16:26:37.182,0.1,buy,8721.05,BTC-7JUN19-7500-P,94.44,0.0035,0.1,0,1559492797182,22952447,160
2019-06-03 09:31:40.299,1.0,buy,8479.12,BTC-7JUN19-7500-P,90.66,0.004,1.0,0,1559554300299,23015327,161
2019-06-03 11:23:05.505,4.0,sell,8525.1,BTC-7JUN19-7500-P,80.17,0.002,4.0,2,1559560985505,23019846,162
2019-06-03 11:34:57.968,0.1,buy,8506.46,BTC-7JUN19-7500-P,83.23,0.0025,0.1,0,1559561697968,23020251,163
2019-06-03 11:50:05.523,0.9,buy,8492.03,BTC-7JUN19-7500-P,82.47,0.0025,0.9,1,1559562605523,23020757,164
2019-06-03 12:40:40.322,1.0,buy,8524.64,BTC-7JUN19-7500-P,84.85,0.0025,1.0,1,1559565640322,23025071,165
2019-06-03 13:42:51.435,10.0,buy,8477.22,BTC-7JUN19-7500-P,82.4,0.0025,10.0,1,1559569371435,23028627,167
2019-06-03 13:42:51.435,1.0,buy,8477.22,BTC-7JUN19-7500-P,82.4,0.0025,1.0,1,1559569371435,23028626,166
2019-06-03 16:01:47.339,4.0,sell,8456.64,BTC-7JUN19-7500-P,92.42,0.004,4.0,0,1559577707339,23051017,168
2019-06-03 16:02:08.638,4.0,sell,8449.92,BTC-7JUN19-7500-P,91.96,0.004,4.0,1,1559577728638,23051055,169
2019-06-03 16:04:45.759,10.0,buy,8448.36,BTC-7JUN19-7500-P,94.87,0.0045,10.0,0,1559577885759,23051173,170
2019-06-03 16:04:45.759,10.0,buy,8448.36,BTC-7JUN19-7500-P,94.87,0.0045,10.0,1,1559577885759,23051174,171
2019-06-03 23:22:53.561,3.4,buy,8261.47,BTC-7JUN19-7500-P,79.26,0.0035,3.4,2,1559604173561,23086832,172
2019-06-03 23:22:57.241,6.6000000000000005,buy,8255.43,BTC-7JUN19-7500-P,78.82,0.0035,6.6000000000000005,3,1559604177241,23087171,173
2019-06-03 23:23:00.312,0.1,buy,8237.87,BTC-7JUN19-7500-P,80.47,0.004,0.1,0,1559604180312,23087434,174
2019-06-03 23:23:08.983,4.0,buy,8207.3,BTC-7JUN19-7500-P,78.14,0.004,4.0,1,1559604188983,23088098,175
2019-06-03 23:23:09.436,5.9,buy,8206.97,BTC-7JUN19-7500-P,78.12,0.004,5.9,1,1559604189436,23088196,176
2019-06-04 00:01:18.436,2.0,buy,7999.56,BTC-7JUN19-7500-P,86.66,0.01,2.0,0,1559606478436,23114052,177
2019-06-04 00:04:02.634,2.1,buy,7978.09,BTC-7JUN19-7500-P,89.9,0.0115,2.1,0,1559606642634,23117936,178
2019-06-04 00:05:04.262,24.0,buy,7937.32,BTC-7JUN19-7500-P,87.37,0.012,24.0,0,1559606704262,23119290,179
2019-06-04 00:05:08.969,24.0,buy,7910.64,BTC-7JUN19-7500-P,86.19,0.0125,24.0,0,1559606708969,23119644,180
2019-06-04 00:05:11.524,1.0,sell,7905.12,BTC-7JUN19-7500-P,110.9,0.0205,1.0,0,1559606711524,23119742,181
2019-06-04 00:05:16.843,23.0,buy,7889.6,BTC-7JUN19-7500-P,87.16,0.0135,23.0,2,1559606716843,23120071,182
2019-06-04 00:05:19.940,1.0,buy,7892.18,BTC-7JUN19-7500-P,101.68,0.018000000000000002,1.0,0,1559606719940,23120224,183
2019-06-04 00:05:20.621,1.0,buy,7892.38,BTC-7JUN19-7500-P,101.7,0.018000000000000002,1.0,1,1559606720621,23120265,184
2019-06-04 00:05:23.082,1.0,buy,7874.47,BTC-7JUN19-7500-P,99.58,0.018000000000000002,1.0,1,1559606723082,23120412,185
2019-06-04 00:05:33.385,1.0,buy,7841.31,BTC-7JUN19-7500-P,97.11,0.0185,1.0,0,1559606733385,23120974,186
2019-06-04 00:05:35.234,1.0,sell,7841.81,BTC-7JUN19-7500-P,92.62,0.017,1.0,2,1559606735234,23121067,187
2019-06-04 00:05:36.912,1.0,sell,7859.42,BTC-7JUN19-7500-P,96.26,0.0175,1.0,0,1559606736912,23121140,188
2019-06-04 00:05:59.706,1.0,buy,7844.9,BTC-7JUN19-7500-P,103.54,0.0205,1.0,0,1559606759706,23121937,189
2019-06-04 00:07:01.726,1.0,sell,7810.96,BTC-7JUN19-7500-P,102.22,0.0215,1.0,0,1559606821726,23124344,190
2019-06-04 00:07:05.422,1.0,buy,7811.49,BTC-7JUN19-7500-P,109.56,0.024,1.0,0,1559606825422,23124488,191
2019-06-04 00:07:09.257,1.0,buy,7810.79,BTC-7JUN19-7500-P,109.47,0.024,1.0,1,1559606829257,23124596,192
2019-06-04 00:07:13.227,1.0,sell,7797.06,BTC-7JUN19-7500-P,106.22,0.0235,1.0,2,1559606833227,23124757,193
2019-06-04 00:07:17.833,1.0,sell,7787.18,BTC-7JUN19-7500-P,109.21,0.025,1.0,0,1559606837833,23124976,194
2019-06-04 00:07:21.938,1.0,sell,7782.26,BTC-7JUN19-7500-P,109.98,0.0255,1.0,0,1559606841938,23125176,195
2019-06-04 00:07:26.204,1.0,buy,7761.85,BTC-7JUN19-7500-P,108.62,0.026,1.0,0,1559606846204,23125336,196
2019-06-04 00:07:29.858,1.0,sell,7752.65,BTC-7JUN19-7500-P,105.95,0.0255,1.0,2,1559606849858,23125475,197
2019-06-04 00:07:34.130,1.0,sell,7745.26,BTC-7JUN19-7500-P,107.75,0.0265,1.0,0,1559606854130,23125756,198
2019-06-04 00:07:38.238,1.0,sell,7727.78,BTC-7JUN19-7500-P,103.9,0.026,1.0,2,1559606858238,23125937,199
2019-06-04 00:07:41.590,1.0,sell,7741.68,BTC-7JUN19-7500-P,110.05,0.0275,1.0,0,1559606861590,23126061,200
2019-06-04 00:07:45.240,1.0,sell,7743.17,BTC-7JUN19-7500-P,107.46,0.0265,1.0,2,1559606865240,23126175,201
2019-06-04 00:07:47.884,1.0,sell,7745.16,BTC-7JUN19-7500-P,106.33,0.026,1.0,2,1559606867884,23126283,202
2019-06-04 00:07:55.086,1.0,buy,7740.73,BTC-7JUN19-7500-P,107.12,0.0265,1.0,0,1559606875086,23126587,203
2019-06-04 00:07:55.086,4.0,buy,7740.73,BTC-7JUN19-7500-P,114.1,0.029,4.0,0,1559606875086,23126588,204
2019-06-04 00:07:55.089,5.0,sell,7740.73,BTC-7JUN19-7500-P,114.1,0.029,5.0,1,1559606875089,23126589,205
2019-06-04 00:08:06.598,0.3,buy,7767.08,BTC-7JUN19-7500-P,117.8,0.029,0.3,1,1559606886598,23127019,206
2019-06-04 00:09:30.596,1.0,buy,7781.26,BTC-7JUN19-7500-P,125.41,0.031,1.0,0,1559606970596,23129080,207
2019-06-04 00:13:41.340,4.2,sell,7848.09,BTC-7JUN19-7500-P,85.71,0.0145,4.2,2,1559607221340,23132908,208
2019-06-04 00:13:41.340,0.8,sell,7848.09,BTC-7JUN19-7500-P,71.15,0.01,0.8,2,1559607221340,23132909,209
2019-06-04 00:17:06.770,2.1,buy,7912.5,BTC-7JUN19-7500-P,93.07,0.0145,2.1,0,1559607426770,23134218,210
2019-06-04 00:18:01.057,0.3,buy,7929.56,BTC-7JUN19-7500-P,93.34,0.014,0.3,2,1559607481057,23134492,211
2019-06-04 00:26:46.745,1.1,sell,7957.33,BTC-7JUN19-7500-P,94.79,0.0135,1.1,2,1559608006745,23138198,212
2019-06-04 00:29:15.453,1.0,sell,7958.31,BTC-7JUN19-7500-P,82.77,0.01,1.0,2,1559608155453,23139248,213
2019-06-04 03:06:48.108,2.0,sell,8008.65,BTC-7JUN19-7500-P,96.66,0.012,2.0,0,1559617608108,23155595,214
2019-06-04 03:07:02.493,2.0,sell,8009.12,BTC-7JUN19-7500-P,96.71,0.012,2.0,1,1559617622493,23155606,215
2019-06-04 04:08:44.096,0.6,buy,7871.3,BTC-7JUN19-7500-P,84.04,0.0125,0.6,0,1559621324096,23160756,216
2019-06-04 04:08:50.140,0.4,buy,7856.11,BTC-7JUN19-7500-P,82.3,0.0125,0.4,1,1559621330140,23160906,217
2019-06-04 04:08:52.035,0.6,buy,7854.07,BTC-7JUN19-7500-P,82.07,0.0125,0.6,1,1559621332035,23160918,218
2019-06-04 04:12:24.372,0.4,buy,7868.83,BTC-7JUN19-7500-P,83.79,0.0125,0.4,1,1559621544372,23162721,219
2019-06-04 06:20:33.384,0.4,sell,7902.71,BTC-7JUN19-7500-P,88.88,0.0125,0.4,1,1559629233384,23172256,220
2019-06-04 08:03:06.791,0.1,sell,7898.2,BTC-7JUN19-7500-P,92.87,0.0135,0.1,0,1559635386791,23189281,221
2019-06-04 10:03:50.574,1.0,sell,7944.39,BTC-7JUN19-7500-P,94.2,0.012,1.0,2,1559642630574,23197069,222
2019-06-04 11:05:08.828,0.1,buy,7942.52,BTC-7JUN19-7500-P,94.68,0.012,0.1,3,1559646308828,23200566,223
2019-06-04 12:40:58.590,0.6,sell,7894.82,BTC-7JUN19-7500-P,90.23,0.012,0.6,3,1559652058590,23206530,224
2019-06-04 12:41:54.630,0.1,sell,7903.01,BTC-7JUN19-7500-P,91.21,0.012,0.1,3,1559652114630,23206564,225
2019-06-04 14:33:04.327,0.1,buy,7964.1,BTC-7JUN19-7500-P,99.66,0.012,0.1,3,1559658784327,23215468,226
2019-06-04 17:15:42.931,4.0,sell,7792.71,BTC-7JUN19-7500-P,87.55,0.013999999999999999,4.0,0,1559668542931,23230814,227
2019-06-04 17:15:46.294,5.0,sell,7782.64,BTC-7JUN19-7500-P,86.19,0.013999999999999999,5.0,1,1559668546294,23230991,228
2019-06-04 17:19:35.007,2.0,buy,7833.26,BTC-7JUN19-7500-P,89.43,0.013,2.0,2,1559668775007,23233687,229
2019-06-04 17:24:58.725,1.0,buy,7802.39,BTC-7JUN19-7500-P,99.24,0.017,1.0,0,1559669098725,23236404,230
2019-06-04 17:27:25.937,1.0,buy,7829.41,BTC-7JUN19-7500-P,89.02,0.013,1.0,2,1559669245937,23237448,231
2019-06-04 17:42:05.540,20.0,sell,7668.74,BTC-7JUN19-7500-P,97.16,0.0225,20.0,0,1559670125540,23247307,232
2019-06-04 17:42:51.141,1.0,buy,7630.16,BTC-7JUN19-7500-P,92.31,0.023,1.0,0,1559670171141,23248586,233
2019-06-04 17:42:52.662,1.0,buy,7626.32,BTC-7JUN19-7500-P,91.66,0.023,1.0,1,1559670172662,23248635,234
2019-06-04 17:42:56.080,1.0,buy,7622.7,BTC-7JUN19-7500-P,91.04,0.023,1.0,1,1559670176080,23248774,235
2019-06-04 17:43:00.327,1.0,buy,7617.87,BTC-7JUN19-7500-P,90.22,0.023,1.0,1,1559670180327,23249037,236
2019-06-04 17:43:04.278,1.0,buy,7610.23,BTC-7JUN19-7500-P,88.9,0.023,1.0,1,1559670184278,23249341,237
2019-06-04 17:43:07.252,0.3,buy,7599.88,BTC-7JUN19-7500-P,87.1,0.023,0.3,1,1559670187252,23249490,238
2019-06-04 17:43:10.240,1.0,buy,7600.61,BTC-7JUN19-7500-P,105.44,0.028999999999999998,1.0,0,1559670190240,23249697,239
2019-06-04 17:45:05.881,1.0,buy,7583.69,BTC-7JUN19-7500-P,103.91,0.0295,1.0,0,1559670305881,23253101,240
2019-06-04 17:45:16.179,1.0,buy,7577.83,BTC-7JUN19-7500-P,104.33,0.03,1.0,0,1559670316179,23253218,241
2019-06-04 17:47:21.133,1.0,buy,7638.47,BTC-7JUN19-7500-P,87.58,0.021,1.0,2,1559670441133,23255306,242
2019-06-04 17:49:36.433,0.1,buy,7624.04,BTC-7JUN19-7500-P,97.49,0.025,0.1,0,1559670576433,23257121,243
2019-06-04 18:59:40.761,0.1,sell,7659.33,BTC-7JUN19-7500-P,84.0,0.0185,0.1,2,1559674780761,23270561,244
2019-06-04 19:08:13.818,0.1,buy,7616.17,BTC-7JUN19-7500-P,86.32,0.0215,0.1,0,1559675293818,23271766,245
2019-06-04 19:09:37.382,0.7000000000000001,sell,7570.27,BTC-7JUN19-7500-P,91.94,0.026000000000000002,0.7000000000000001,0,1559675377382,23273208,246
2019-06-04 19:10:15.200,5.0,buy,7583.67,BTC-7JUN19-7500-P,94.41,0.026000000000000002,5.0,1,1559675415200,23273818,247
2019-06-04 19:11:02.081,5.0,buy,7531.81,BTC-7JUN19-7500-P,87.64,0.027000000000000003,5.0,0,1559675462081,23274772,248
2019-06-04 19:15:19.458,0.6,buy,7585.86,BTC-7JUN19-7500-P,88.75,0.024,0.6,2,1559675719458,23279198,249
2019-06-04 19:15:20.732,0.6,buy,7585.04,BTC-7JUN19-7500-P,88.6,0.024,0.6,3,1559675720732,23279243,250
2019-06-04 19:26:00.358,2.0,buy,7561.44,BTC-7JUN19-7500-P,85.91,0.0245,2.0,0,1559676360358,23282975,251
2019-06-04 19:26:34.439,3.0,buy,7570.66,BTC-7JUN19-7500-P,87.64,0.0245,3.0,1,1559676394439,23283302,252
2019-06-04 19:31:49.381,1.0,sell,7589.47,BTC-7JUN19-7500-P,91.15,0.0245,1.0,1,1559676709381,23284213,253
2019-06-04 19:35:43.898,1.0,sell,7603.3,BTC-7JUN19-7500-P,93.69,0.0245,1.0,1,1559676943898,23285138,254
2019-06-04 19:38:49.527,0.1,sell,7643.06,BTC-7JUN19-7500-P,83.38,0.019,0.1,2,1559677129527,23286587,255
2019-06-04 19:39:45.189,0.9,buy,7653.18,BTC-7JUN19-7500-P,85.05,0.019,0.9,3,1559677185189,23286846,256
2019-06-04 19:42:54.286,0.5,sell,7648.02,BTC-7JUN19-7500-P,84.24,0.019,0.5,3,1559677374286,23287414,257
2019-06-04 19:58:52.040,5.0,buy,7598.76,BTC-7JUN19-7500-P,85.43,0.022000000000000002,5.0,0,1559678332040,23289223,258
2019-06-04 20:04:06.627,0.3,buy,7584.08,BTC-7JUN19-7500-P,93.66,0.0255,0.3,0,1559678646627,23289976,259
2019-06-04 20:15:52.394,3.0,buy,7631.1,BTC-7JUN19-7500-P,91.28,0.022000000000000002,3.0,2,1559679352394,23291491,260
2019-06-04 20:22:30.332,0.6,sell,7648.07,BTC-7JUN19-7500-P,84.71,0.019,0.6,2,1559679750332,23292428,261
2019-06-04 20:54:22.553,0.5,sell,7659.51,BTC-7JUN19-7500-P,90.2,0.02,0.5,0,1559681662553,23294692,262
2019-06-04 21:08:15.535,5.0,buy,7676.06,BTC-7JUN19-7500-P,89.85,0.019,5.0,2,1559682495535,23295441,263
2019-06-04 21:17:57.647,0.8,buy,7650.16,BTC-7JUN19-7500-P,85.73,0.019,0.8,3,1559683077647,23296473,264
2019-06-04 21:32:35.534,0.1,buy,7603.99,BTC-7JUN19-7500-P,85.93,0.0215,0.1,0,1559683955534,23297768,265
2019-06-04 22:02:57.991,4.0,sell,7497.96,BTC-7JUN19-7500-P,95.13,0.031,4.0,0,1559685777991,23307668,266
2019-06-04 22:53:26.092,0.1,sell,7644.69,BTC-7JUN19-7500-P,92.48,0.021,0.1,2,1559688806092,23317519,267
2019-06-04 23:09:35.635,4.9,sell,7662.66,BTC-7JUN19-7500-P,95.78,0.021,4.9,3,1559689775635,23319103,268
2019-06-04 23:40:28.730,5.0,sell,7629.74,BTC-7JUN19-7500-P,84.01,0.019,5.0,2,1559691628730,23320499,269
2019-06-04 23:40:38.262,5.0,sell,7631.32,BTC-7JUN19-7500-P,81.03,0.018000000000000002,5.0,2,1559691638262,23320513,270
2019-06-05 00:07:38.543,5.0,buy,7744.1,BTC-7JUN19-7500-P,101.47,0.0185,5.0,0,1559693258543,23322744,271
2019-06-05 00:07:38.543,6.0,buy,7744.1,BTC-7JUN19-7500-P,101.47,0.0185,6.0,1,1559693258543,23322746,273
2019-06-05 00:07:38.543,4.0,buy,7744.1,BTC-7JUN19-7500-P,101.47,0.0185,4.0,1,1559693258543,23322745,272
2019-06-05 00:15:25.837,0.1,sell,7751.25,BTC-7JUN19-7500-P,90.42,0.015,0.1,2,1559693725837,23324689,274
2019-06-05 00:18:37.166,4.0,sell,7775.33,BTC-7JUN19-7500-P,94.04,0.015,4.0,3,1559693917166,23324948,276
2019-06-05 00:18:37.166,4.9,sell,7775.33,BTC-7JUN19-7500-P,94.04,0.015,4.9,3,1559693917166,23324947,275
2019-06-05 00:29:51.646,0.1,buy,7760.24,BTC-7JUN19-7500-P,88.38,0.013999999999999999,0.1,2,1559694591646,23325637,277
2019-06-05 01:05:30.027,0.2,sell,7751.44,BTC-7JUN19-7500-P,80.26,0.012,0.2,2,1559696730027,23327389,278
2019-06-05 02:36:30.344,1.0,buy,7842.58,BTC-7JUN19-7500-P,90.28,0.011000000000000001,1.0,2,1559702190344,23331878,279
2019-06-05 05:08:25.666,0.5,sell,7792.74,BTC-7JUN19-7500-P,93.38,0.013000000000000001,0.5,0,1559711305666,23335218,280
2019-06-05 05:46:27.748,0.4,sell,7778.12,BTC-7JUN19-7500-P,91.79,0.013000000000000001,0.4,1,1559713587748,23336219,281
2019-06-05 06:38:57.663,0.4,buy,7725.42,BTC-7JUN19-7500-P,90.11,0.0145,0.4,0,1559716737663,23338603,282
2019-06-05 06:52:22.073,0.2,buy,7751.01,BTC-7JUN19-7500-P,92.49,0.013999999999999999,0.2,2,1559717542073,23338865,283
2019-06-05 07:16:59.266,0.6,buy,7750.51,BTC-7JUN19-7500-P,90.89,0.0135,0.6,2,1559719019266,23339278,284
2019-06-05 07:17:20.380,0.4,sell,7749.38,BTC-7JUN19-7500-P,90.71,0.0135,0.4,3,1559719040380,23339280,285
2019-06-05 07:31:24.405,0.2,sell,7784.11,BTC-7JUN19-7500-P,86.33,0.011000000000000001,0.2,2,1559719884405,23340112,286
2019-06-05 09:16:25.086,9.2,sell,7800.57,BTC-7JUN19-7500-P,86.16,0.01,9.2,3,1559726185086,23344114,288
2019-06-05 09:16:25.086,0.8,sell,7800.57,BTC-7JUN19-7500-P,86.16,0.01,0.8,2,1559726185086,23344113,287
2019-06-05 10:09:43.433,0.2,buy,7809.14,BTC-7JUN19-7500-P,86.09,0.0095,0.2,2,1559729383433,23346478,289
2019-06-05 10:18:36.409,1.0,sell,7799.35,BTC-7JUN19-7500-P,82.63,0.009000000000000001,1.0,2,1559729916409,23347303,290
2019-06-05 10:28:40.868,3.8,sell,7801.36,BTC-7JUN19-7500-P,83.07,0.009000000000000001,3.8,3,1559730520868,23347495,291
2019-06-05 10:28:40.868,10.0,sell,7801.36,BTC-7JUN19-7500-P,83.07,0.009000000000000001,10.0,3,1559730520868,23347496,292
2019-06-05 10:53:20.853,0.6,sell,7883.61,BTC-7JUN19-7500-P,90.26,0.008,0.6,2,1559732000853,23349461,293
2019-06-05 11:02:48.628,0.2,buy,7860.89,BTC-7JUN19-7500-P,94.33,0.0095,0.2,0,1559732568628,23350812,294
2019-06-05 12:58:15.671,1.0,sell,7774.72,BTC-7JUN19-7500-P,85.85,0.01,1.0,0,1559739495671,23359386,295
2019-06-05 13:22:25.076,1.0,buy,7772.44,BTC-7JUN19-7500-P,92.37,0.0115,1.0,0,1559740945076,23360742,296
2019-06-05 13:25:59.437,0.5,sell,7776.0,BTC-7JUN19-7500-P,84.31,0.0095,0.5,2,1559741159437,23360864,297
2019-06-05 14:18:58.010,1.0,buy,7757.9,BTC-7JUN19-7500-P,91.06,0.0115,1.0,0,1559744338010,23363456,298
2019-06-05 14:18:58.010,19.0,buy,7757.9,BTC-7JUN19-7500-P,93.19,0.012,19.0,0,1559744338010,23363457,299
2019-06-05 14:20:26.465,0.1,buy,7759.4,BTC-7JUN19-7500-P,93.45,0.012,0.1,1,1559744426465,23363767,300
2019-06-05 14:20:56.705,4.9,sell,7754.84,BTC-7JUN19-7500-P,92.72,0.012,4.9,1,1559744456705,23363872,301
2019-06-05 15:01:47.958,6.0,sell,7711.67,BTC-7JUN19-7500-P,82.0,0.011000000000000001,6.0,2,1559746907958,23370708,302
2019-06-05 15:01:47.995,3.0,buy,7711.67,BTC-7JUN19-7500-P,82.0,0.011000000000000001,3.0,3,1559746907995,23370709,303
2019-06-05 15:44:55.145,6.0,sell,7648.56,BTC-7JUN19-7500-P,79.62,0.013000000000000001,6.0,0,1559749495145,23376905,304
2019-06-05 15:44:55.145,4.0,sell,7648.56,BTC-7JUN19-7500-P,79.62,0.013000000000000001,4.0,1,1559749495145,23376906,305
2019-06-05 15:44:55.147,10.2,buy,7648.56,BTC-7JUN19-7500-P,79.62,0.013000000000000001,10.2,1,1559749495147,23376907,306
2019-06-05 15:44:55.171,4.8,buy,7648.56,BTC-7JUN19-7500-P,79.62,0.013000000000000001,4.8,1,1559749495171,23376908,307
2019-06-05 15:44:55.302,6.0,buy,7648.56,BTC-7JUN19-7500-P,79.62,0.013000000000000001,6.0,1,1559749495302,23376909,308
2019-06-05 15:45:00.028,2.0,buy,7648.72,BTC-7JUN19-7500-P,79.65,0.013000000000000001,2.0,1,1559749500028,23376911,309
2019-06-05 15:46:01.743,6.0,buy,7659.02,BTC-7JUN19-7500-P,81.6,0.013,6.0,1,1559749561743,23377105,310
2019-06-05 17:24:31.573,8.0,sell,7777.15,BTC-7JUN19-7500-P,91.06,0.01,8.0,2,1559755471573,23384410,311
2019-06-05 17:45:37.736,0.4,sell,7837.48,BTC-7JUN19-7500-P,91.24,0.008,0.4,2,1559756737736,23386855,312
2019-06-05 20:21:27.425,2.5,sell,7904.38,BTC-7JUN19-7500-P,93.23,0.006,2.5,2,1559766087425,23398583,313
2019-06-05 20:21:34.625,2.6,sell,7912.42,BTC-7JUN19-7500-P,94.38,0.006,2.6,3,1559766094625,23398765,314
2019-06-05 20:21:41.649,2.3000000000000003,sell,7923.97,BTC-7JUN19-7500-P,95.99,0.006,2.3000000000000003,3,1559766101649,23398945,315
2019-06-05 20:23:16.601,1.0,sell,7891.8,BTC-7JUN19-7500-P,91.49,0.006,1.0,3,1559766196601,23399646,316
2019-06-05 20:38:29.396,0.1,buy,7746.32,BTC-7JUN19-7500-P,89.82,0.01,0.1,0,1559767109396,23406233,317
2019-06-05 20:58:15.648,0.1,buy,7714.76,BTC-7JUN19-7500-P,89.24,0.011000000000000001,0.1,0,1559768295648,23411116,318
2019-06-05 21:25:16.750,0.8,buy,7666.43,BTC-7JUN19-7500-P,87.31,0.0125,0.8,0,1559769916750,23415076,319
2019-06-05 21:30:28.816,0.1,sell,7678.08,BTC-7JUN19-7500-P,73.99,0.009000000000000001,0.1,2,1559770228816,23415964,320
2019-06-05 22:59:52.069,1.0,sell,7786.82,BTC-7JUN19-7500-P,79.08,0.006,1.0,2,1559775592069,23426260,321
2019-06-06 01:36:51.086,1.0,sell,7815.96,BTC-7JUN19-7500-P,87.15,0.006,1.0,3,1559785011086,23434710,322
2019-06-06 01:42:29.472,20.6,sell,7857.29,BTC-7JUN19-7500-P,93.84,0.006,20.6,3,1559785349472,23435168,323
2019-06-06 06:48:45.190,1.0,sell,7814.55,BTC-7JUN19-7500-P,77.77,0.0035,1.0,2,1559803725190,23443378,324
2019-06-06 07:48:23.090,0.1,sell,7780.47,BTC-7JUN19-7500-P,77.45,0.004,0.1,0,1559807303090,23444890,325
2019-06-06 09:06:10.310,0.8,sell,7819.73,BTC-7JUN19-7500-P,78.23,0.003,0.8,2,1559811970310,23447908,326
2019-06-06 10:08:25.280,0.1,sell,7792.66,BTC-7JUN19-7500-P,83.66,0.004,0.1,0,1559815705280,23449531,327
2019-06-06 10:21:13.165,0.1,sell,7806.88,BTC-7JUN19-7500-P,86.61,0.004,0.1,1,1559816473165,23449772,328
2019-06-06 10:21:42.491,0.2,sell,7805.13,BTC-7JUN19-7500-P,86.34,0.004,0.2,1,1559816502491,23449781,329
2019-06-06 11:18:42.907,0.1,buy,7840.77,BTC-7JUN19-7500-P,94.69,0.004,0.1,1,1559819922907,23451628,330
2019-06-06 11:52:54.561,0.6,sell,7835.65,BTC-7JUN19-7500-P,86.2,0.003,0.6,2,1559821974561,23452669,331
2019-06-06 12:07:05.483,0.8,buy,7743.1,BTC-7JUN19-7500-P,82.09,0.0045,0.8,0,1559822825483,23456421,332
2019-06-06 12:41:55.263,0.2,buy,7749.58,BTC-7JUN19-7500-P,88.38,0.005,0.2,0,1559824915263,23461120,333
2019-06-06 13:21:40.289,0.4,buy,7663.14,BTC-7JUN19-7500-P,84.35,0.006999999999999999,0.4,0,1559827300289,23468442,334
2019-06-06 13:21:40.289,9.6,buy,7663.14,BTC-7JUN19-7500-P,90.69,0.008,9.6,0,1559827300289,23468443,335
2019-06-06 13:21:57.945,10.0,buy,7665.44,BTC-7JUN19-7500-P,88.1,0.0075,10.0,2,1559827317945,23468565,336
2019-06-06 13:49:00.192,0.4,buy,7748.36,BTC-7JUN19-7500-P,86.93,0.0045,0.4,2,1559828940192,23471680,337
2019-06-06 13:49:00.353,0.6,sell,7748.36,BTC-7JUN19-7500-P,90.8,0.005,0.6,0,1559828940353,23471698,338
2019-06-06 14:14:00.961,2.5,sell,7675.19,BTC-7JUN19-7500-P,86.02,0.0065,2.5,0,1559830440961,23474987,339
2019-06-06 14:14:33.142,0.5,sell,7675.61,BTC-7JUN19-7500-P,86.16,0.0065,0.5,1,1559830473142,23475093,340
2019-06-06 14:49:02.252,3.3000000000000003,buy,7628.85,BTC-7JUN19-7500-P,94.73,0.0095,3.3000000000000003,0,1559832542252,23480220,341
2019-06-06 14:49:02.252,6.7,buy,7628.85,BTC-7JUN19-7500-P,94.73,0.0095,6.7,1,1559832542252,23480221,342
2019-06-06 16:07:57.932,0.5,sell,7702.1,BTC-7JUN19-7500-P,86.52,0.005,0.5,2,1559837277932,23488495,343
2019-06-06 16:31:33.160,1.0,sell,7718.98,BTC-7JUN19-7500-P,91.64,0.005,1.0,3,1559838693160,23490035,344
2019-06-06 17:35:59.482,1.0,sell,7670.09,BTC-7JUN19-7500-P,90.43,0.006,1.0,0,1559842559482,23494707,345
2019-06-06 17:57:51.021,0.1,buy,7655.25,BTC-7JUN19-7500-P,94.98,0.006999999999999999,0.1,0,1559843871021,23496582,346
2019-06-06 18:13:42.998,2.5,sell,7525.59,BTC-7JUN19-7500-P,76.8,0.0105,2.5,0,1559844822998,23501417,347
2019-06-06 18:24:31.055,0.1,buy,7498.73,BTC-7JUN19-7500-P,91.7,0.0145,0.1,0,1559845471055,23506869,348
2019-06-06 18:28:50.078,2.5,sell,7457.16,BTC-7JUN19-7500-P,72.53,0.0145,2.5,1,1559845730078,23509536,349
2019-06-06 18:29:26.312,3.0,buy,7494.85,BTC-7JUN19-7500-P,67.96,0.011000000000000001,3.0,2,1559845766312,23510013,350
2019-06-06 18:37:19.176,0.5,buy,7527.69,BTC-7JUN19-7500-P,75.48,0.01,0.5,2,1559846239176,23513246,351
2019-06-06 18:47:33.485,5.0,sell,7569.72,BTC-7JUN19-7500-P,91.67,0.01,5.0,3,1559846853485,23515256,352
2019-06-06 18:47:40.217,5.0,sell,7573.75,BTC-7JUN19-7500-P,93.1,0.01,5.0,3,1559846860217,23515282,353
2019-06-06 18:47:40.217,5.0,sell,7573.75,BTC-7JUN19-7500-P,93.1,0.01,5.0,3,1559846860217,23515283,354
2019-06-06 20:08:00.120,7.0,sell,7610.81,BTC-7JUN19-7500-P,77.68,0.0055,7.0,2,1559851680120,23523857,355
2019-06-06 20:14:57.569,0.8,sell,7649.56,BTC-7JUN19-7500-P,89.89,0.0055,0.8,3,1559852097569,23525176,356
2019-06-06 20:19:22.592,7.2,sell,7666.12,BTC-7JUN19-7500-P,95.02,0.0055,7.2,3,1559852362592,23526066,357
2019-06-06 20:47:23.753,1.0,sell,7708.86,BTC-7JUN19-7500-P,95.26,0.004,1.0,2,1559854043753,23529471,358
2019-06-06 20:48:15.997,4.0,sell,7714.26,BTC-7JUN19-7500-P,96.77,0.004,4.0,3,1559854095997,23529584,359
2019-06-06 20:51:12.421,5.0,sell,7715.06,BTC-7JUN19-7500-P,97.2,0.004,5.0,3,1559854272421,23529741,360
2019-06-06 21:08:31.981,10.0,sell,7701.75,BTC-7JUN19-7500-P,94.85,0.004,10.0,3,1559855311981,23530620,361
2019-06-06 21:12:09.541,0.3,sell,7706.73,BTC-7JUN19-7500-P,96.5,0.004,0.3,3,1559855529541,23530762,362
2019-06-06 21:18:04.856,1.7,sell,7705.12,BTC-7JUN19-7500-P,96.51,0.004,1.7,3,1559855884856,23531075,363
2019-06-06 21:22:17.212,3.0,sell,7710.45,BTC-7JUN19-7500-P,98.27,0.004,3.0,3,1559856137212,23531273,364
2019-06-06 21:28:46.791,1.0,sell,7726.98,BTC-7JUN19-7500-P,98.04,0.0035,1.0,2,1559856526791,23531650,365
2019-06-06 21:33:13.699,1.0,sell,7729.73,BTC-7JUN19-7500-P,99.08,0.0035,1.0,3,1559856793699,23531986,366
2019-06-06 22:00:17.720,3.0,sell,7743.17,BTC-7JUN19-7500-P,99.1,0.003,3.0,2,1559858417720,23533655,367
2019-06-06 23:07:47.392,10.0,buy,7760.33,BTC-7JUN19-7500-P,103.28,0.0025,10.0,2,1559862467392,23537349,368
2019-06-06 23:36:30.988,0.4,sell,7738.24,BTC-7JUN19-7500-P,100.1,0.0025,0.4,3,1559864190988,23538733,369
2019-06-07 02:58:34.273,4.0,sell,7774.91,BTC-7JUN19-7500-P,93.49,0.0005,4.0,2,1559876314273,23550567,370
2019-06-07 04:11:56.611,1.0,sell,7814.52,BTC-7JUN19-7500-P,119.38,0.0005,1.0,3,1559880716611,23554681,371
2019-06-07 04:22:33.069,5.0,sell,7800.72,BTC-7JUN19-7500-P,118.13,0.0005,5.0,3,1559881353069,23555090,372
2019-06-07 04:28:21.878,1.0,sell,7807.53,BTC-7JUN19-7500-P,121.63,0.0005,1.0,3,1559881701878,23555217,373
2019-06-07 04:35:11.782,0.1,buy,7811.27,BTC-7JUN19-7500-P,145.56,0.001,0.1,0,1559882111782,23555531,374
