date_utc,amount,direction,indexPrice,instrument,iv,price,quantity,tickDirection,timeStamp,tradeId,tradeSeq
2019-04-02 10:49:03.745,0.1,buy,4771.37,BTC-12APR19-5375-C,71.15,0.01,0.1,1,1554202143745,17105563,1
2019-04-02 11:08:17.041,0.9,sell,4794.71,BTC-12APR19-5375-C,69.32,0.01,0.9,1,1554203297041,17106302,2
2019-04-02 11:08:43.215,0.1,buy,4791.82,BTC-12APR19-5375-C,69.55,0.01,0.1,1,1554203323215,17106399,3
2019-04-02 11:08:43.215,4.9,buy,4791.82,BTC-12APR19-5375-C,71.9,0.011,4.9,0,1554203323215,17106400,4
2019-04-02 11:14:03.176,1.0,buy,4794.17,BTC-12APR19-5375-C,71.72,0.011,1.0,1,1554203643176,17106738,5
2019-04-02 14:00:41.304,0.5,sell,4803.33,BTC-12APR19-5375-C,64.08,0.008,0.5,2,1554213641304,17112590,6
2019-04-02 17:09:48.479,1.9,buy,4725.4,BTC-12APR19-5375-C,70.63,0.008,1.9,3,1554224988479,17123519,7
2019-04-02 20:12:18.413,1.1,buy,4798.85,BTC-12APR19-5375-C,70.34,0.01,1.1,0,1554235938413,17129528,8
2019-04-02 23:29:49.610,1.1,buy,4894.87,BTC-12APR19-5375-C,74.66,0.0155,1.1,0,1554247789610,17147928,9
2019-04-02 23:59:42.335,0.5,buy,4901.47,BTC-12APR19-5375-C,77.15,0.017,0.5,0,1554249582335,17153312,10
2019-04-03 00:27:22.719,35.0,buy,4992.84,BTC-12APR19-5375-C,77.87,0.022,35.0,0,1554251242719,17157145,11
2019-04-03 01:08:58.396,4.2,buy,4947.64,BTC-12APR19-5375-C,75.92,0.0185,4.2,2,1554253738396,17163704,12
2019-04-03 01:12:28.787,0.8,sell,4941.4,BTC-12APR19-5375-C,76.52,0.0185,0.8,3,1554253948787,17163904,13
2019-04-03 01:21:24.509,1.1,buy,4953.84,BTC-12APR19-5375-C,76.31,0.019,1.1,0,1554254484509,17165050,14
2019-04-03 04:16:12.078,6.0,sell,4946.6,BTC-12APR19-5375-C,90.47,0.026,6.0,0,1554264972078,17182210,15
2019-04-03 08:10:35.134,0.2,sell,4947.87,BTC-12APR19-5375-C,82.85,0.0215,0.2,2,1554279035134,17191672,16
2019-04-03 10:35:14.052,4.8,sell,4956.11,BTC-12APR19-5375-C,82.48,0.0215,4.8,3,1554287714052,17193710,17
2019-04-03 11:26:24.139,4.0,buy,4968.87,BTC-12APR19-5375-C,81.36,0.0215,4.0,3,1554290784139,17194420,18
2019-04-03 11:48:14.454,1.0,sell,4969.43,BTC-12APR19-5375-C,80.43,0.021,1.0,2,1554292094454,17194915,19
2019-04-03 12:11:59.395,1.2,buy,4993.34,BTC-12APR19-5375-C,79.02,0.0215,1.2,0,1554293519395,17195355,20
2019-04-03 16:55:09.689,2.0,buy,5123.73,BTC-12APR19-5375-C,87.73,0.034,2.0,0,1554310509689,17214590,21
2019-04-03 17:04:46.405,0.3,sell,5162.24,BTC-12APR19-5375-C,82.37,0.0335,0.3,2,1554311086405,17215982,22
2019-04-03 18:08:16.565,1.5,buy,5130.98,BTC-12APR19-5375-C,84.58,0.0325,1.5,2,1554314896565,17221712,23
2019-04-03 19:36:09.200,6.9,sell,5165.41,BTC-12APR19-5375-C,84.19,0.0345,6.9,0,1554320169200,17226431,24
2019-04-03 21:42:12.441,2.0,sell,5306.64,BTC-12APR19-5375-C,83.94,0.045,2.0,0,1554327732441,17242236,25
2019-04-03 21:58:58.094,0.1,sell,5224.81,BTC-12APR19-5375-C,86.54,0.04,0.1,2,1554328738094,17244565,26
2019-04-03 22:44:05.470,0.9,buy,5064.08,BTC-12APR19-5375-C,86.26,0.0285,0.9,2,1554331445470,17251954,27
2019-04-04 02:45:18.895,15.0,sell,5006.05,BTC-12APR19-5375-C,83.4,0.023,15.0,2,1554345918895,17288140,28
2019-04-04 03:45:04.891,5.0,sell,4952.12,BTC-12APR19-5375-C,83.46,0.02,5.0,2,1554349504891,17289978,29
2019-04-04 07:18:49.647,10.0,buy,5024.03,BTC-12APR19-5375-C,87.15,0.0255,10.0,0,1554362329647,17295317,30
2019-04-04 11:05:29.474,1.0,sell,4957.83,BTC-12APR19-5375-C,84.46,0.02,1.0,2,1554375929474,17302557,31
2019-04-04 20:36:43.323,1.0,sell,4823.15,BTC-12APR19-5375-C,82.23,0.012,1.0,2,1554410203323,17333027,32
2019-04-04 21:20:44.917,0.1,buy,4899.77,BTC-12APR19-5375-C,76.18,0.0125,0.1,0,1554412844917,17335974,33
2019-04-05 01:26:09.502,3.0,sell,4937.68,BTC-12APR19-5375-C,76.79,0.013999999999999999,3.0,0,1554427569502,17344305,34
2019-04-05 02:23:29.988,1.0,sell,4926.47,BTC-12APR19-5375-C,74.6,0.0125,1.0,2,1554431009988,17344976,35
2019-04-05 03:06:05.173,24.0,buy,4922.6,BTC-12APR19-5375-C,83.33,0.016,24.0,0,1554433565173,17346062,36
2019-04-05 05:23:07.888,2.0,sell,4978.4,BTC-12APR19-5375-C,80.13,0.017,2.0,0,1554441787888,17350232,37
2019-04-05 08:01:39.082,15.0,sell,4941.54,BTC-12APR19-5375-C,82.51,0.016,15.0,2,1554451299082,17354677,38
2019-04-05 08:30:27.242,3.0,buy,4966.07,BTC-12APR19-5375-C,84.43,0.018000000000000002,3.0,0,1554453027242,17355811,39
2019-04-05 08:31:29.816,3.0,buy,4966.88,BTC-12APR19-5375-C,84.35,0.018000000000000002,3.0,1,1554453089816,17355837,40
2019-04-05 10:20:02.949,24.0,sell,4959.59,BTC-12APR19-5375-C,79.99,0.0155,24.0,2,1554459602949,17357622,41
2019-04-05 12:33:23.630,0.9,buy,5023.57,BTC-12APR19-5375-C,78.97,0.018000000000000002,0.9,0,1554467603630,17362304,42
2019-04-05 12:40:52.807,2.0,buy,5035.29,BTC-12APR19-5375-C,77.66,0.018000000000000002,2.0,1,1554468052807,17362701,43
2019-04-05 13:27:02.396,3.1,buy,5046.55,BTC-12APR19-5375-C,76.55,0.018000000000000002,3.1,1,1554470822396,17364074,44
2019-04-05 20:20:27.171,1.0,buy,5053.21,BTC-12APR19-5375-C,81.76,0.02,1.0,0,1554495627171,17380966,45
2019-04-05 20:43:11.674,24.0,sell,5009.79,BTC-12APR19-5375-C,79.26,0.0165,24.0,2,1554496991674,17382360,46
2019-04-06 08:39:57.605,3.0,sell,4975.24,BTC-12APR19-5375-C,72.73,0.011000000000000001,3.0,2,1554539997605,17391467,47
2019-04-06 08:42:51.694,2.0,sell,4985.07,BTC-12APR19-5375-C,71.66,0.011,2.0,3,1554540171694,17391591,48
2019-04-06 12:46:45.211,2.0,sell,5020.71,BTC-12APR19-5375-C,72.55,0.0125,2.0,0,1554554805211,17393982,49
2019-04-06 13:02:07.750,1.0,sell,5011.1,BTC-12APR19-5375-C,72.44,0.012,1.0,2,1554555727750,17394171,50
2019-04-06 15:49:33.111,0.3,buy,5064.24,BTC-12APR19-5375-C,79.06,0.017,0.3,0,1554565773111,17400381,51
2019-04-06 16:26:39.819,0.3,sell,5164.71,BTC-12APR19-5375-C,72.78,0.02,0.3,0,1554567999819,17405771,52
2019-04-06 19:20:30.584,1.0,buy,5182.27,BTC-12APR19-5375-C,74.37,0.0215,1.0,0,1554578430584,17419587,53
2019-04-06 20:06:09.570,1.0,sell,5164.31,BTC-12APR19-5375-C,71.62,0.019,1.0,2,1554581169570,17421344,54
2019-04-06 21:58:35.797,2.0,buy,5007.11,BTC-12APR19-5375-C,79.33,0.0135,2.0,2,1554587915797,17434796,55
2019-04-06 23:06:33.817,4.0,buy,5030.46,BTC-12APR19-5375-C,78.1,0.013999999999999999,4.0,0,1554591993817,17445106,56
2019-04-06 23:08:32.490,2.0,buy,5018.25,BTC-12APR19-5375-C,82.17,0.015,2.0,0,1554592112490,17445156,57
2019-04-07 08:11:42.196,2.0,sell,5126.7,BTC-12APR19-5375-C,76.95,0.0175,2.0,0,1554624702196,17460326,58
2019-04-07 08:54:02.567,1.0,buy,5147.87,BTC-12APR19-5375-C,84.76,0.022,1.0,0,1554627242567,17461022,59
2019-04-07 09:05:10.177,10.0,buy,5165.06,BTC-12APR19-5375-C,86.86,0.024,10.0,0,1554627910177,17461887,60
2019-04-07 11:18:11.659,0.1,sell,5119.0,BTC-12APR19-5375-C,76.6,0.0165,0.1,2,1554635891659,17465164,61
2019-04-07 16:24:42.164,3.0,sell,5069.97,BTC-12APR19-5375-C,77.3,0.0135,3.0,2,1554654282164,17472672,62
2019-04-07 17:38:00.775,3.1,buy,5134.14,BTC-12APR19-5375-C,85.27,0.02,3.1,1,1554658680775,17474696,64
2019-04-07 17:38:00.775,0.4,buy,5134.14,BTC-12APR19-5375-C,85.27,0.02,0.4,0,1554658680775,17474695,63
2019-04-07 18:18:13.329,0.2,buy,5135.66,BTC-12APR19-5375-C,80.35,0.018000000000000002,0.2,2,1554661093329,17475342,65
2019-04-07 22:26:19.286,0.2,buy,5193.11,BTC-12APR19-5375-C,76.77,0.0195,0.2,0,1554675979286,17483714,66
2019-04-07 22:26:39.993,4.2,sell,5192.74,BTC-12APR19-5375-C,79.27,0.0205,4.2,0,1554675999993,17484017,67
2019-04-07 22:33:16.182,1.7,buy,5213.82,BTC-12APR19-5375-C,77.11,0.021,1.7,0,1554676396182,17484906,68
2019-04-07 22:37:25.159,1.0,sell,5208.19,BTC-12APR19-5375-C,74.43,0.0195,1.0,2,1554676645159,17485395,69
2019-04-07 22:39:40.003,3.3000000000000003,buy,5227.41,BTC-12APR19-5375-C,74.92,0.021,3.3000000000000003,0,1554676780003,17485629,70
2019-04-07 22:51:00.922,3.0,buy,5217.45,BTC-12APR19-5375-C,84.98,0.0245,3.0,0,1554677460922,17487933,71
2019-04-07 22:53:25.167,3.0,buy,5201.58,BTC-12APR19-5375-C,79.23,0.021,3.0,2,1554677605167,17490220,72
2019-04-08 01:11:05.080,0.5,buy,5300.68,BTC-12APR19-5375-C,81.76,0.028999999999999998,0.5,0,1554685865080,17500776,73
2019-04-08 01:11:06.807,0.4,buy,5303.44,BTC-12APR19-5375-C,82.4,0.0295,0.4,0,1554685866807,17500820,74
2019-04-08 01:11:09.295,0.1,buy,5311.66,BTC-12APR19-5375-C,82.01,0.03,0.1,0,1554685869295,17500887,75
2019-04-08 01:12:31.333,0.1,sell,5305.13,BTC-12APR19-5375-C,87.91,0.032,0.1,0,1554685951333,17501283,76
2019-04-08 02:06:34.709,6.0,sell,5303.25,BTC-12APR19-5375-C,82.82,0.0295,6.0,2,1554689194709,17504767,77
2019-04-08 02:06:44.073,6.0,buy,5305.03,BTC-12APR19-5375-C,84.82,0.0305,6.0,0,1554689204073,17504771,78
2019-04-08 02:09:06.139,0.5,buy,5332.81,BTC-12APR19-5375-C,87.62,0.034,0.5,0,1554689346139,17505162,79
2019-04-08 03:02:42.128,5.0,sell,5266.66,BTC-12APR19-5375-C,86.45,0.028,5.0,2,1554692562128,17509516,80
2019-04-08 06:47:24.490,0.4,sell,5274.14,BTC-12APR19-5375-C,79.46,0.025,0.4,2,1554706044490,17516101,81
2019-04-08 06:58:36.528,1.0,sell,5270.96,BTC-12APR19-5375-C,78.91,0.0245,1.0,2,1554706716528,17516248,82
2019-04-08 11:27:28.435,3.0,sell,5159.15,BTC-12APR19-5375-C,80.99,0.017,3.0,2,1554722848435,17526943,83
2019-04-08 12:48:56.296,16.0,sell,5186.64,BTC-12APR19-5375-C,81.06,0.0185,16.0,0,1554727736296,17530602,84
2019-04-08 13:12:52.483,0.1,buy,5205.78,BTC-12APR19-5375-C,85.82,0.0215,0.1,0,1554729172483,17531007,85
2019-04-08 13:59:30.468,10.1,sell,5188.04,BTC-12APR19-5375-C,84.01,0.0195,10.1,2,1554731970468,17531898,86
2019-04-08 13:59:35.660,1.6,sell,5185.94,BTC-12APR19-5375-C,84.37,0.0195,1.6,3,1554731975660,17531916,87
2019-04-08 14:05:41.373,0.2,sell,5192.83,BTC-12APR19-5375-C,77.92,0.0175,0.2,2,1554732341373,17532160,88
2019-04-08 14:50:23.789,10.0,buy,5233.77,BTC-12APR19-5375-C,80.28,0.021,10.0,0,1554735023789,17533332,89
2019-04-08 17:38:13.533,6.0,sell,5205.97,BTC-12APR19-5375-C,77.21,0.0175,6.0,2,1554745093533,17537766,90
2019-04-08 20:47:19.732,0.4,buy,5245.28,BTC-12APR19-5375-C,79.6,0.0205,0.4,0,1554756439732,17541892,91
2019-04-08 20:47:31.230,0.4,buy,5250.06,BTC-12APR19-5375-C,78.7,0.0205,0.4,1,1554756451230,17542004,92
2019-04-08 20:47:41.249,4.2,buy,5256.22,BTC-12APR19-5375-C,77.53,0.0205,4.2,1,1554756461249,17542034,93
2019-04-08 21:47:55.319,0.1,sell,5261.91,BTC-12APR19-5375-C,80.9,0.022000000000000002,0.1,0,1554760075319,17544330,94
2019-04-09 05:25:44.562,0.1,sell,5210.79,BTC-12APR19-5375-C,82.19,0.0175,0.1,2,1554787544562,17559151,95
2019-04-09 08:56:09.877,2.0,sell,5232.29,BTC-12APR19-5375-C,74.07,0.0155,2.0,2,1554800169877,17565949,96
2019-04-09 09:57:38.759,3.0,sell,5184.09,BTC-12APR19-5375-C,71.17,0.0115,3.0,2,1554803858759,17567734,97
2019-04-09 10:13:02.705,10.0,sell,5167.26,BTC-12APR19-5375-C,70.95,0.0105,10.0,2,1554804782705,17568693,98
2019-04-09 10:13:10.389,5.2,sell,5168.0,BTC-12APR19-5375-C,69.15,0.01,5.2,2,1554804790389,17568699,99
2019-04-09 10:13:10.389,8.8,sell,5168.0,BTC-12APR19-5375-C,69.15,0.01,8.8,3,1554804790389,17568700,100
2019-04-09 11:55:07.205,1.0,sell,5199.88,BTC-12APR19-5375-C,67.69,0.011000000000000001,1.0,0,1554810907205,17572122,101
2019-04-09 15:32:45.151,0.1,buy,5220.79,BTC-12APR19-5375-C,70.53,0.0125,0.1,0,1554823965151,17577589,102
2019-04-09 15:32:56.942,0.1,buy,5220.8,BTC-12APR19-5375-C,70.53,0.0125,0.1,1,1554823976942,17577590,103
2019-04-09 15:34:16.110,0.2,buy,5220.84,BTC-12APR19-5375-C,70.53,0.0125,0.2,1,1554824056110,17577597,104
2019-04-09 15:40:48.596,0.1,sell,5211.37,BTC-12APR19-5375-C,69.15,0.0115,0.1,2,1554824448596,17577652,105
2019-04-09 15:41:36.393,0.6,sell,5210.05,BTC-12APR19-5375-C,66.08,0.0105,0.6,2,1554824496393,17577656,106
2019-04-09 16:53:42.696,4.6000000000000005,buy,5229.2,BTC-12APR19-5375-C,69.63,0.0125,4.6000000000000005,0,1554828822696,17578326,107
2019-04-09 19:33:37.403,10.0,sell,5211.74,BTC-12APR19-5375-C,62.59,0.009000000000000001,10.0,2,1554838417403,17580452,108
2019-04-09 19:33:37.417,6.0,buy,5211.74,BTC-12APR19-5375-C,60.81,0.0085,6.0,2,1554838417417,17580453,109
2019-04-09 19:34:32.252,1.0,buy,5212.25,BTC-12APR19-5375-C,66.0,0.01,1.0,0,1554838472252,17580467,110
2019-04-09 20:24:42.108,10.0,buy,5217.16,BTC-12APR19-5375-C,62.0,0.009000000000000001,10.0,2,1554841482108,17580827,111
2019-04-09 22:38:27.466,0.5,sell,5195.24,BTC-12APR19-5375-C,53.8,0.0055,0.5,2,1554849507466,17583555,112
2019-04-09 22:52:08.506,2.0,buy,5173.89,BTC-12APR19-5375-C,69.65,0.0085,2.0,0,1554850328506,17585091,113
2019-04-10 00:40:34.764,1.0,buy,5209.54,BTC-12APR19-5375-C,63.98,0.0085,1.0,1,1554856834764,17588713,114
2019-04-10 01:27:26.658,10.0,buy,5225.14,BTC-12APR19-5375-C,61.36,0.0085,10.0,1,1554859646658,17589219,115
2019-04-10 03:00:09.539,6.6000000000000005,buy,5232.91,BTC-12APR19-5375-C,58.8,0.008,6.6000000000000005,2,1554865209539,17590990,116
2019-04-10 05:45:27.679,0.2,sell,5242.47,BTC-12APR19-5375-C,60.31,0.0085,0.2,0,1554875127679,17592059,117
2019-04-10 05:45:32.793,0.1,sell,5242.31,BTC-12APR19-5375-C,60.35,0.0085,0.1,1,1554875132793,17592062,118
2019-04-10 08:28:49.939,10.0,sell,5243.94,BTC-12APR19-5375-C,59.74,0.008,10.0,2,1554884929939,17595565,119
2019-04-10 09:10:25.748,10.0,buy,5250.28,BTC-12APR19-5375-C,56.82,0.0075,10.0,2,1554887425748,17595779,120
2019-04-10 10:00:49.630,10.0,buy,5248.21,BTC-12APR19-5375-C,55.77,0.006999999999999999,10.0,2,1554890449630,17596123,121
2019-04-10 10:32:23.457,10.0,buy,5238.19,BTC-12APR19-5375-C,54.03,0.006,10.0,2,1554892343457,17596357,122
2019-04-10 10:35:49.182,9.3,buy,5237.82,BTC-12APR19-5375-C,54.14,0.006,9.3,3,1554892549182,17596376,123
2019-04-10 10:57:25.953,4.7,sell,5240.93,BTC-12APR19-5375-C,57.92,0.006999999999999999,4.7,0,1554893845953,17596532,124
2019-04-10 11:02:05.435,5.6000000000000005,sell,5244.78,BTC-12APR19-5375-C,57.14,0.006999999999999999,5.6000000000000005,1,1554894125435,17596641,125
2019-04-10 11:40:32.482,0.5,sell,5244.65,BTC-12APR19-5375-C,51.19,0.0055,0.5,2,1554896432482,17597422,126
