date_utc,amount,direction,indexPrice,instrument,iv,price,quantity,tickDirection,timeStamp,tradeId,tradeSeq
2019-04-19 10:11:10.579,4.0,buy,173.24,ETH-3MAY19-170-C,75.52,0.07200000000000001,4.0,1,1555668670579,1091201,1
2019-04-19 19:09:14.542,1.0,sell,172.56,ETH-3MAY19-170-C,60.72,0.057999999999999996,1.0,2,1555700954542,1100434,2
2019-04-20 01:13:48.891,1.0,sell,173.74,ETH-3MAY19-170-C,58.99,0.06,1.0,0,1555722828891,1105602,3
2019-04-20 23:41:18.219,40.0,buy,173.61,ETH-3MAY19-170-C,76.38,0.07,40.0,0,1555803678219,1128095,4
2019-04-21 09:52:52.348,150.0,buy,168.77,ETH-3MAY19-170-C,74.04,0.053,150.0,2,1555840372348,1136458,5
2019-04-23 08:12:25.338,1.0,buy,175.97,ETH-3MAY19-170-C,78.91,0.073,1.0,0,1556007145338,1179829,6
2019-04-23 15:31:10.680,4.0,sell,173.5,ETH-3MAY19-170-C,75.27,0.062,4.0,2,1556033470680,1186103,7
2019-04-23 15:31:10.680,1.0,sell,173.5,ETH-3MAY19-170-C,75.27,0.062,1.0,3,1556033470680,1186104,8
2019-04-23 19:35:56.500,3.0,buy,172.07,ETH-3MAY19-170-C,65.57,0.051,3.0,2,1556048156500,1189612,9
2019-04-23 19:54:04.135,179.0,buy,172.94,ETH-3MAY19-170-C,64.44,0.053,179.0,0,1556049244135,1189814,10
2019-04-24 01:22:40.814,15.0,buy,167.41,ETH-3MAY19-170-C,75.11,0.043,15.0,2,1556068960814,1197667,11
2019-04-24 07:57:29.993,1.0,buy,164.31,ETH-3MAY19-170-C,76.08,0.035,1.0,2,1556092649993,1207562,12
2019-04-24 09:56:35.752,5.0,buy,164.45,ETH-3MAY19-170-C,69.39,0.031,5.0,2,1556099795752,1209747,13
2019-04-24 11:08:39.353,10.0,buy,164.05,ETH-3MAY19-170-C,69.49,0.03,10.0,2,1556104119353,1210622,14
2019-04-24 11:12:32.758,30.0,buy,163.91,ETH-3MAY19-170-C,70.04,0.03,30.0,3,1556104352758,1210682,15
2019-04-24 12:06:17.219,2.0,buy,164.96,ETH-3MAY19-170-C,69.42,0.032,2.0,0,1556107577219,1211484,16
2019-04-24 12:06:17.219,8.0,buy,164.96,ETH-3MAY19-170-C,69.42,0.032,8.0,1,1556107577219,1211485,17
2019-04-24 12:10:21.984,6.0,buy,165.35,ETH-3MAY19-170-C,69.52,0.033,6.0,0,1556107821984,1211531,18
2019-04-24 13:26:08.204,10.0,buy,164.92,ETH-3MAY19-170-C,68.17,0.031,10.0,2,1556112368204,1212175,19
2019-04-24 13:44:31.399,10.0,buy,164.28,ETH-3MAY19-170-C,69.07,0.03,10.0,2,1556113471399,1212405,20
2019-04-24 14:42:24.782,1.0,sell,164.68,ETH-3MAY19-170-C,69.34,0.031,1.0,0,1556116944782,1213322,21
2019-04-24 14:45:36.874,1.0,sell,164.46,ETH-3MAY19-170-C,68.56,0.03,1.0,2,1556117136874,1213356,22
2019-04-24 14:45:36.874,1.0,sell,164.46,ETH-3MAY19-170-C,68.56,0.03,1.0,3,1556117136874,1213357,23
2019-04-24 16:04:20.921,200.0,buy,164.38,ETH-3MAY19-170-C,77.12,0.033,200.0,0,1556121860921,1213994,24
2019-04-24 16:25:02.005,1.0,sell,162.83,ETH-3MAY19-170-C,76.26,0.028999999999999998,1.0,2,1556123102005,1214586,25
2019-04-24 16:43:16.952,2.0,sell,162.14,ETH-3MAY19-170-C,71.9,0.025,2.0,2,1556124196952,1215660,26
2019-04-24 16:44:04.762,10.0,sell,162.5,ETH-3MAY19-170-C,70.62,0.025,10.0,3,1556124244762,1215698,27
2019-04-24 17:22:33.684,3.0,buy,162.63,ETH-3MAY19-170-C,73.73,0.027000000000000003,3.0,0,1556126553684,1216419,28
2019-04-24 17:45:07.986,5.0,sell,161.46,ETH-3MAY19-170-C,76.24,0.026000000000000002,5.0,2,1556127907986,1216842,29
2019-04-24 18:24:13.389,10.0,buy,160.6,ETH-3MAY19-170-C,75.82,0.024,10.0,2,1556130253389,1218934,30
2019-04-24 18:59:29.555,4.0,buy,162.13,ETH-3MAY19-170-C,74.08,0.026000000000000002,4.0,0,1556132369555,1220259,31
2019-04-24 19:00:57.289,4.0,buy,162.37,ETH-3MAY19-170-C,73.22,0.026000000000000002,4.0,1,1556132457289,1220363,32
2019-04-24 22:41:54.225,11.0,sell,164.89,ETH-3MAY19-170-C,69.6,0.028999999999999998,11.0,0,1556145714225,1223020,33
2019-04-24 23:11:01.812,3.0,sell,165.13,ETH-3MAY19-170-C,70.44,0.03,3.0,0,1556147461812,1223218,34
2019-04-24 23:38:30.324,10.0,sell,164.88,ETH-3MAY19-170-C,66.38,0.027000000000000003,10.0,2,1556149110324,1223565,35
2019-04-25 08:15:23.583,15.0,sell,162.88,ETH-3MAY19-170-C,59.18,0.018000000000000002,15.0,2,1556180123583,1228928,36
2019-04-25 10:50:57.647,1.0,buy,164.08,ETH-3MAY19-170-C,73.25,0.028,1.0,0,1556189457647,1231109,37
2019-04-25 11:31:13.170,5.0,buy,163.79,ETH-3MAY19-170-C,70.95,0.026000000000000002,5.0,2,1556191873170,1231573,38
2019-04-25 13:57:41.270,155.0,buy,163.78,ETH-3MAY19-170-C,71.45,0.026000000000000002,155.0,0,1556200661270,1232640,40
2019-04-25 13:57:41.270,45.0,buy,163.78,ETH-3MAY19-170-C,66.02,0.023,45.0,2,1556200661270,1232639,39
2019-04-25 14:13:49.863,5.0,sell,163.92,ETH-3MAY19-170-C,63.7,0.022000000000000002,5.0,2,1556201629863,1232813,41
2019-04-25 16:05:44.702,28.0,buy,164.45,ETH-3MAY19-170-C,72.81,0.027999999999999997,28.0,0,1556208344702,1233803,42
2019-04-25 20:21:36.890,10.0,buy,164.56,ETH-3MAY19-170-C,64.11,0.023,10.0,2,1556223696890,1237611,43
2019-04-25 21:37:18.463,1.0,sell,163.73,ETH-3MAY19-170-C,61.99,0.02,1.0,2,1556228238463,1238402,44
2019-04-25 21:37:41.023,1.0,sell,163.75,ETH-3MAY19-170-C,61.91,0.02,1.0,3,1556228261023,1238412,45
2019-04-25 21:59:34.184,30.0,sell,160.57,ETH-3MAY19-170-C,69.78,0.018000000000000002,30.0,2,1556229574184,1240405,46
2019-04-25 22:02:17.053,1.0,buy,158.16,ETH-3MAY19-170-C,71.78,0.015,1.0,2,1556229737053,1241877,47
2019-04-25 22:24:24.339,60.0,buy,152.64,ETH-3MAY19-170-C,71.51,0.008,60.0,2,1556231064339,1254678,48
2019-04-25 22:24:36.286,50.0,buy,152.47,ETH-3MAY19-170-C,71.99,0.008,50.0,3,1556231076286,1254746,49
2019-04-25 22:24:47.425,50.0,buy,152.18,ETH-3MAY19-170-C,72.82,0.008,50.0,3,1556231087425,1254787,50
2019-04-25 22:37:11.717,2.0,buy,153.34,ETH-3MAY19-170-C,75.09,0.01,2.0,0,1556231831717,1256510,51
2019-04-25 23:38:08.926,2.0,sell,152.21,ETH-3MAY19-170-C,69.95,0.006999999999999999,2.0,2,1556235488926,1259583,52
2019-04-26 00:07:10.579,38.0,sell,151.13,ETH-3MAY19-170-C,73.06,0.006999999999999999,38.0,3,1556237230579,1260324,53
2019-04-26 05:33:07.122,1.0,sell,153.47,ETH-3MAY19-170-C,70.57,0.008,1.0,0,1556256787122,1268865,54
2019-04-26 06:34:24.310,4.0,buy,152.16,ETH-3MAY19-170-C,80.41,0.01,4.0,0,1556260464310,1269981,55
2019-04-26 06:53:12.036,50.0,sell,152.66,ETH-3MAY19-170-C,73.22,0.008,50.0,2,1556261592036,1270292,56
2019-04-26 07:11:49.976,2.0,buy,152.41,ETH-3MAY19-170-C,79.8,0.01,2.0,0,1556262709976,1270500,57
2019-04-26 08:10:39.844,1.0,sell,152.57,ETH-3MAY19-170-C,73.77,0.008,1.0,2,1556266239844,1271543,58
2019-04-26 08:13:53.525,200.0,sell,152.4,ETH-3MAY19-170-C,74.28,0.008,200.0,3,1556266433525,1271568,59
2019-04-26 08:42:00.041,1.0,sell,152.84,ETH-3MAY19-170-C,70.01,0.006999999999999999,1.0,2,1556268120041,1271908,60
2019-04-26 15:24:04.434,7.0,buy,151.9,ETH-3MAY19-170-C,77.41,0.008,7.0,0,1556292244434,1276626,61
2019-04-26 16:30:01.137,2.0,buy,149.93,ETH-3MAY19-170-C,83.56,0.008,2.0,1,1556296201137,1278070,62
2019-04-27 05:29:30.314,30.0,sell,153.6,ETH-3MAY19-170-C,72.47,0.006999999999999999,30.0,2,1556342970314,1283995,63
2019-04-27 06:38:23.101,4.0,buy,153.64,ETH-3MAY19-170-C,78.97,0.009000000000000001,4.0,0,1556347103101,1284237,64
2019-04-27 08:44:53.268,1.0,sell,153.18,ETH-3MAY19-170-C,71.12,0.006,1.0,2,1556354693268,1284975,65
2019-04-27 08:55:34.038,1.0,sell,153.02,ETH-3MAY19-170-C,71.65,0.006,1.0,3,1556355334038,1285081,66
2019-04-27 08:56:03.632,1.0,sell,153.08,ETH-3MAY19-170-C,71.47,0.006,1.0,3,1556355363632,1285095,67
2019-04-27 12:33:59.809,2.0,sell,153.12,ETH-3MAY19-170-C,72.27,0.006,2.0,3,1556368439809,1287032,68
2019-04-27 15:12:53.998,1.0,buy,154.21,ETH-3MAY19-170-C,73.05,0.006999999999999999,1.0,0,1556377973998,1288745,69
2019-04-27 16:58:05.377,119.0,buy,154.8,ETH-3MAY19-170-C,71.61,0.006999999999999999,119.0,1,1556384285377,1289573,70
2019-04-27 17:25:46.230,108.0,buy,155.72,ETH-3MAY19-170-C,71.95,0.008,108.0,0,1556385946230,1290338,71
2019-04-27 19:57:43.777,16.0,sell,157.83,ETH-3MAY19-170-C,65.44,0.008,16.0,1,1556395063777,1295387,72
2019-04-27 21:21:07.896,4.0,sell,157.63,ETH-3MAY19-170-C,66.48,0.008,4.0,1,1556400067896,1296413,73
2019-04-27 21:56:34.143,119.0,buy,157.13,ETH-3MAY19-170-C,68.36,0.008,119.0,1,1556402194143,1296838,74
2019-04-28 01:38:24.336,2.0,sell,155.5,ETH-3MAY19-170-C,71.68,0.006999999999999999,2.0,2,1556415504336,1300398,75
2019-04-28 14:16:14.175,1.0,sell,154.56,ETH-3MAY19-170-C,66.67,0.004,1.0,2,1556460974175,1310492,76
2019-04-28 17:50:31.502,3.0,sell,154.46,ETH-3MAY19-170-C,68.07,0.004,3.0,3,1556473831502,1314090,77
2019-04-28 21:25:07.116,2.0,buy,153.49,ETH-3MAY19-170-C,81.36,0.006,2.0,0,1556486707116,1318023,78
2019-04-29 11:36:56.965,1.0,sell,151.6,ETH-3MAY19-170-C,78.58,0.003,1.0,2,1556537816965,1326249,79
2019-04-29 12:26:46.746,1.0,sell,149.8,ETH-3MAY19-170-C,85.02,0.003,1.0,3,1556540806746,1327110,80
2019-04-29 13:42:57.677,1.0,buy,150.58,ETH-3MAY19-170-C,89.07,0.004,1.0,0,1556545377677,1330296,81
2019-04-29 16:03:52.542,1.0,buy,151.73,ETH-3MAY19-170-C,86.11,0.004,1.0,1,1556553832542,1332191,82
2019-04-29 17:33:20.986,2.0,buy,154.33,ETH-3MAY19-170-C,82.38,0.005,2.0,0,1556559200986,1334542,83
2019-04-29 18:09:40.904,82.0,sell,153.02,ETH-3MAY19-170-C,82.43,0.004,82.0,2,1556561380904,1335385,84
2019-04-29 19:54:43.771,2.0,sell,152.5,ETH-3MAY19-170-C,79.19,0.003,2.0,2,1556567683771,1337272,85
2019-04-30 08:18:55.835,100.0,buy,155.28,ETH-3MAY19-170-C,86.47,0.005,100.0,0,1556612335835,1347649,86
2019-04-30 13:16:26.220,8.0,sell,156.35,ETH-3MAY19-170-C,73.41,0.003,8.0,2,1556630186220,1354217,87
2019-04-30 22:17:54.860,1.0,buy,160.41,ETH-3MAY19-170-C,76.44,0.006,1.0,0,1556662674860,1363964,88
2019-04-30 22:17:59.369,9.0,buy,160.5,ETH-3MAY19-170-C,80.5,0.006999999999999999,9.0,0,1556662679369,1363976,89
2019-04-30 22:18:32.164,10.0,buy,160.78,ETH-3MAY19-170-C,83.34,0.008,10.0,0,1556662712164,1364045,90
2019-04-30 22:28:08.163,10.0,buy,159.74,ETH-3MAY19-170-C,79.97,0.006,10.0,2,1556663288163,1365212,91
2019-04-30 22:28:16.504,10.0,buy,159.79,ETH-3MAY19-170-C,79.72,0.006,10.0,3,1556663296504,1365216,92
2019-04-30 23:27:39.565,4.0,buy,159.81,ETH-3MAY19-170-C,80.32,0.006,4.0,3,1556666859565,1366511,93
2019-05-01 00:22:44.360,73.0,sell,162.28,ETH-3MAY19-170-C,72.29,0.006999999999999999,73.0,0,1556670164360,1367917,94
2019-05-01 01:38:28.220,1.0,sell,161.19,ETH-3MAY19-170-C,69.8,0.005,1.0,2,1556674708220,1369770,95
2019-05-01 09:24:31.707,2.0,buy,158.65,ETH-3MAY19-170-C,83.28,0.004,2.0,2,1556702671707,1375297,96
2019-05-01 12:12:56.282,10.0,sell,158.69,ETH-3MAY19-170-C,78.77,0.003,10.0,2,1556712776282,1376886,97
2019-05-02 00:58:57.658,5.0,sell,157.72,ETH-3MAY19-170-C,76.78,0.001,5.0,2,1556758737658,1387590,98
2019-05-02 09:01:17.235,2.0,sell,159.47,ETH-3MAY19-170-C,78.72,0.001,2.0,3,1556787677235,1391867,99
2019-05-02 09:54:38.915,8.0,sell,158.48,ETH-3MAY19-170-C,86.37,0.001,8.0,3,1556790878915,1392586,100
2019-05-02 13:13:27.129,120.0,sell,156.94,ETH-3MAY19-170-C,103.79,0.001,120.0,3,1556802807129,1394798,101
