date_utc,amount,direction,indexPrice,instrument,iv,price,quantity,tickDirection,timeStamp,tradeId,tradeSeq
2019-05-24 08:23:02.273,15.0,buy,251.38,ETH-7JUN19-330-C,109.82,0.012,15.0,1,1558686182273,3451052,1
2019-05-24 08:24:24.814,5.0,buy,251.64,ETH-7JUN19-330-C,111.99,0.013,5.0,0,1558686264814,3451128,2
2019-05-24 11:29:15.468,10.0,buy,253.42,ETH-7JUN19-330-C,110.5,0.013,10.0,1,1558697355468,3460777,3
2019-05-24 20:00:52.334,1.0,sell,252.5,ETH-7JUN19-330-C,102.42,0.009000000000000001,1.0,2,1558728052334,3488534,4
2019-05-24 21:30:45.161,1.0,buy,252.73,ETH-7JUN19-330-C,110.5,0.012,1.0,0,1558733445161,3492172,5
2019-05-24 22:14:55.208,5.0,sell,251.08,ETH-7JUN19-330-C,107.17,0.01,5.0,2,1558736095208,3494056,6
2019-05-24 23:48:53.725,10.0,sell,249.19,ETH-7JUN19-330-C,109.52,0.01,10.0,3,1558741733725,3499393,7
2019-05-25 00:53:12.402,20.0,buy,249.52,ETH-7JUN19-330-C,114.74,0.012,20.0,0,1558745592402,3501602,8
2019-05-25 04:38:29.984,5.0,buy,251.58,ETH-7JUN19-330-C,113.06,0.012,5.0,1,1558759109984,3509027,9
2019-05-25 05:04:21.833,5.0,buy,251.67,ETH-7JUN19-330-C,113.03,0.012,5.0,1,1558760661833,3509289,10
2019-05-25 06:30:37.171,1.0,buy,251.49,ETH-7JUN19-330-C,113.5,0.012,1.0,1,1558765837171,3511193,11
2019-05-25 09:12:06.298,2.0,buy,253.35,ETH-7JUN19-330-C,114.38,0.013,2.0,0,1558775526298,3514983,12
2019-05-25 10:12:29.944,6.0,buy,258.02,ETH-7JUN19-330-C,116.11,0.016,6.0,0,1558779149944,3519189,13
2019-05-25 11:31:05.805,3.0,sell,257.74,ETH-7JUN19-330-C,109.68,0.013,3.0,2,1558783865805,3522490,14
2019-05-25 13:31:50.227,2.0,sell,252.07,ETH-7JUN19-330-C,114.12,0.012,2.0,2,1558791110227,3529279,15
2019-05-25 16:22:56.881,1.0,sell,251.25,ETH-7JUN19-330-C,112.92,0.011,1.0,2,1558801376881,3535510,16
2019-05-25 19:36:30.905,3.0,sell,250.85,ETH-7JUN19-330-C,111.17,0.01,3.0,2,1558812990905,3541494,17
2019-05-26 02:41:02.517,4.0,buy,250.99,ETH-7JUN19-330-C,123.12,0.014,4.0,0,1558838462517,3549926,18
2019-05-26 05:36:28.443,3.0,buy,247.83,ETH-7JUN19-330-C,122.3,0.012,3.0,2,1558848988443,3556000,19
2019-05-26 12:05:05.696,3.0,sell,246.29,ETH-7JUN19-330-C,116.61,0.009000000000000001,3.0,2,1558872305696,3567247,20
2019-05-26 18:38:30.402,10.0,buy,250.85,ETH-7JUN19-330-C,115.69,0.01,10.0,0,1558895910402,3576227,21
2019-05-26 19:55:52.021,2.0,buy,263.09,ETH-7JUN19-330-C,106.81,0.012,2.0,0,1558900552021,3590245,22
2019-05-27 08:21:58.088,14.0,sell,267.85,ETH-7JUN19-330-C,108.37,0.014,14.0,0,1558945318088,3661924,23
2019-05-27 12:59:47.722,117.0,buy,270.83,ETH-7JUN19-330-C,114.66,0.018000000000000002,117.0,0,1558961987722,3674556,24
2019-05-27 12:59:54.852,8.0,buy,271.02,ETH-7JUN19-330-C,114.41,0.018000000000000002,8.0,1,1558961994852,3674621,25
2019-05-27 16:07:14.265,200.0,sell,272.61,ETH-7JUN19-330-C,123.45,0.023,200.0,0,1558973234265,3687453,26
2019-05-27 16:27:36.334,10.0,buy,274.98,ETH-7JUN19-330-C,120.21,0.023,10.0,1,1558974456334,3689441,27
2019-05-27 23:52:13.060,1.0,buy,273.69,ETH-7JUN19-330-C,119.69,0.021,1.0,2,1559001133060,3723900,28
2019-05-27 23:52:29.435,1.0,buy,273.89,ETH-7JUN19-330-C,119.41,0.021,1.0,3,1559001149435,3723909,29
2019-05-27 23:52:33.610,1.0,buy,273.89,ETH-7JUN19-330-C,119.41,0.021,1.0,3,1559001153610,3723910,30
2019-05-27 23:52:39.535,1.0,buy,273.92,ETH-7JUN19-330-C,119.37,0.021,1.0,3,1559001159535,3723911,31
2019-05-27 23:52:47.292,6.0,buy,274.0,ETH-7JUN19-330-C,119.26,0.021,6.0,3,1559001167292,3723912,32
2019-05-28 22:30:55.191,2.0,buy,272.7,ETH-7JUN19-330-C,124.78,0.02,2.0,2,1559082655191,3787428,33
2019-05-29 08:31:25.043,125.0,sell,265.95,ETH-7JUN19-330-C,111.0,0.01,125.0,2,1559118685043,3820877,34
2019-05-30 02:06:57.348,1.0,sell,269.96,ETH-7JUN19-330-C,110.23,0.01,1.0,3,1559182017348,3874097,35
2019-05-30 20:37:48.103,94.0,sell,264.51,ETH-7JUN19-330-C,112.66,0.006999999999999999,94.0,2,1559248668103,3972268,36
2019-05-30 21:37:43.628,2.0,buy,245.98,ETH-7JUN19-330-C,116.69,0.003,2.0,2,1559252263628,4004445,37
2019-05-31 02:47:32.167,2.0,buy,255.92,ETH-7JUN19-330-C,131.05,0.008,2.0,0,1559270852167,4030365,38
2019-05-31 08:39:19.224,1.0,buy,255.62,ETH-7JUN19-330-C,124.87,0.006,1.0,2,1559291959224,4049944,39
2019-05-31 23:47:35.130,10.0,buy,267.15,ETH-7JUN19-330-C,103.69,0.004,10.0,2,1559346455130,4090171,40
2019-05-31 23:47:35.130,50.0,buy,267.15,ETH-7JUN19-330-C,103.69,0.004,50.0,3,1559346455130,4090172,41
2019-06-01 00:46:19.381,3.0,buy,270.36,ETH-7JUN19-330-C,104.75,0.005,3.0,0,1559349979381,4095622,42
2019-06-01 00:46:19.381,50.0,buy,270.36,ETH-7JUN19-330-C,104.75,0.005,50.0,1,1559349979381,4095623,43
2019-06-02 05:48:09.616,9.0,buy,268.1,ETH-7JUN19-330-C,114.24,0.004,9.0,2,1559454489616,4164547,44
2019-06-04 00:10:29.924,1.0,buy,239.95,ETH-7JUN19-330-C,155.79,0.001,1.0,2,1559607029924,4283913,45
