date_utc,amount,direction,indexPrice,instrument,iv,price,quantity,tickDirection,timeStamp,tradeId,tradeSeq
2019-02-17 10:45:35.947,0.1,buy,3581.56,BTC-26APR19-3750-P,55.1,0.12300000000000001,0.1,1,1550400335947,15439832,1
2019-02-18 22:21:30.109,1.0,sell,3856.93,BTC-26APR19-3750-P,56.05,0.0805,1.0,2,1550528490109,15583964,2
2019-02-19 00:21:00.062,4.0,sell,3904.3,BTC-26APR19-3750-P,57.86,0.077,4.0,2,1550535660062,15589712,3
2019-02-20 17:20:56.003,1.0,sell,3925.31,BTC-26APR19-3750-P,58.51,0.0745,1.0,2,1550683256003,15706455,4
2019-02-20 19:58:14.919,5.0,sell,3924.0,BTC-26APR19-3750-P,57.09,0.07200000000000001,5.0,3,1550692694919,15709408,7
2019-02-20 19:58:14.919,2.0,sell,3924.0,BTC-26APR19-3750-P,57.09,0.07200000000000001,2.0,2,1550692694919,15709407,6
2019-02-20 19:58:14.919,3.6,sell,3924.0,BTC-26APR19-3750-P,58.97,0.075,3.6,0,1550692694919,15709406,5
2019-02-20 19:58:15.191,1.4,buy,3924.0,BTC-26APR19-3750-P,51.44,0.063,1.4,2,1550692695191,15709425,8
2019-02-20 19:58:21.285,4.3,buy,3924.21,BTC-26APR19-3750-P,54.61,0.068,4.3,0,1550692701285,15709508,9
2019-02-21 17:17:01.332,1.0,buy,3890.81,BTC-26APR19-3750-P,58.35,0.076,1.0,0,1550769421332,15747354,10
2019-02-21 20:18:52.895,1.0,sell,3895.49,BTC-26APR19-3750-P,55.89,0.0715,1.0,2,1550780332895,15749966,11
2019-02-22 15:23:44.722,4.1,buy,3925.97,BTC-26APR19-3750-P,58.09,0.071,4.1,2,1550849024722,15780258,12
2019-02-22 20:29:12.316,4.1,buy,3935.25,BTC-26APR19-3750-P,58.84,0.0715,4.1,0,1550867352316,15787260,13
2019-02-22 20:29:12.316,1.9,buy,3935.25,BTC-26APR19-3750-P,59.48,0.0725,1.9,0,1550867352316,15787261,14
2019-02-22 21:21:03.068,6.0,sell,3936.16,BTC-26APR19-3750-P,56.14,0.067,6.0,2,1550870463068,15787698,15
2019-02-23 04:20:44.883,5.0,sell,3932.61,BTC-26APR19-3750-P,57.01,0.069,5.0,0,1550895644883,15793589,16
2019-02-23 17:07:14.514,0.2,sell,3996.28,BTC-26APR19-3750-P,61.59,0.0705,0.2,0,1550941634514,15810708,17
2019-02-23 18:01:35.885,2.0,sell,4099.05,BTC-26APR19-3750-P,62.05,0.06,2.0,2,1550944895885,15830351,18
2019-02-23 18:38:57.583,0.2,sell,4091.2,BTC-26APR19-3750-P,58.99,0.055999999999999994,0.2,2,1550947137583,15837937,19
2019-02-24 04:44:12.753,1.4,buy,4147.57,BTC-26APR19-3750-P,60.6,0.0535,1.4,2,1550983452753,15867468,20
2019-02-24 09:30:35.298,1.0,buy,4132.27,BTC-26APR19-3750-P,62.28,0.0565,1.0,0,1551000635298,15874343,22
2019-02-24 09:30:35.298,5.0,buy,4132.27,BTC-26APR19-3750-P,61.58,0.0555,5.0,0,1551000635298,15874342,21
2019-02-24 11:40:53.342,3.0,sell,4132.84,BTC-26APR19-3750-P,58.55,0.051,3.0,2,1551008453342,15877738,23
2019-02-24 11:42:33.624,1.0,sell,4134.21,BTC-26APR19-3750-P,58.25,0.0505,1.0,2,1551008553624,15877753,24
2019-02-24 14:05:23.030,1.4,sell,4019.03,BTC-26APR19-3750-P,59.05,0.0615,1.4,0,1551017123030,15888195,25
2019-02-24 14:12:37.906,4.1,sell,3886.96,BTC-26APR19-3750-P,58.9,0.0805,4.1,0,1551017557906,15894560,26
2019-02-24 14:16:28.385,4.7,buy,3739.75,BTC-26APR19-3750-P,58.31,0.1055,4.7,0,1551017788385,15901318,27
2019-02-24 14:35:21.189,2.0,sell,3787.66,BTC-26APR19-3750-P,61.81,0.0995,2.0,2,1551018921189,15918831,28
2019-02-24 14:48:27.857,4.1,sell,3813.79,BTC-26APR19-3750-P,60.85,0.09300000000000001,4.1,2,1551019707857,15925024,29
2019-02-24 14:57:34.175,4.1,buy,3788.5,BTC-26APR19-3750-P,61.49,0.098,4.1,0,1551020254175,15928618,30
2019-02-24 16:34:19.991,4.2,buy,3735.8,BTC-26APR19-3750-P,61.78,0.1055,4.2,0,1551026059991,15946774,31
2019-02-24 16:34:29.446,0.6,buy,3738.22,BTC-26APR19-3750-P,62.66,0.1065,0.6,0,1551026069446,15946795,32
2019-02-24 21:09:07.535,3.8,sell,3786.2,BTC-26APR19-3750-P,57.99,0.0925,3.8,2,1551042547535,15957468,34
2019-02-24 21:09:07.535,0.2,sell,3786.2,BTC-26APR19-3750-P,58.62,0.0935,0.2,2,1551042547535,15957467,33
2019-02-24 21:42:20.047,4.8,buy,3800.52,BTC-26APR19-3750-P,60.17,0.0935,4.8,0,1551044540047,15958971,35
2019-02-24 22:04:55.020,4.2,buy,3770.61,BTC-26APR19-3750-P,60.27,0.098,4.2,0,1551045895020,15961334,36
2019-02-24 23:49:11.213,4.5,buy,3737.93,BTC-26APR19-3750-P,59.75,0.101,4.5,0,1551052151213,15965751,37
2019-02-25 02:47:16.282,1.0,buy,3767.38,BTC-26APR19-3750-P,59.77,0.0965,1.0,2,1551062836282,15971583,38
2019-02-25 02:54:35.689,4.7,buy,3769.78,BTC-26APR19-3750-P,61.48,0.099,4.7,0,1551063275689,15971862,39
2019-02-25 14:55:24.622,4.4,buy,3778.92,BTC-26APR19-3750-P,60.24,0.0955,4.4,2,1551106524622,15990442,40
2019-02-26 01:43:14.066,4.4,buy,3819.1,BTC-26APR19-3750-P,60.53,0.09,4.4,2,1551145394066,16014179,41
2019-02-26 16:50:21.431,5.6000000000000005,sell,3796.82,BTC-26APR19-3750-P,58.12,0.08900000000000001,5.6000000000000005,2,1551199821431,16036502,42
2019-02-27 20:35:45.124,4.1,buy,3666.2,BTC-26APR19-3750-P,58.53,0.106,4.1,0,1551299745124,16069639,43
2019-02-28 12:17:54.251,1.0,buy,3824.53,BTC-26APR19-3750-P,59.82,0.0855,1.0,2,1551356274251,16102463,44
2019-02-28 12:25:10.100,2.0,buy,3822.47,BTC-26APR19-3750-P,60.06,0.086,2.0,0,1551356710100,16102547,45
2019-03-01 07:27:14.036,4.0,buy,3796.31,BTC-26APR19-3750-P,59.06,0.087,4.0,0,1551425234036,16143698,46
2019-03-01 15:31:46.902,1.0,sell,3815.81,BTC-26APR19-3750-P,56.75,0.0805,1.0,2,1551454306902,16151470,47
2019-03-01 22:05:46.604,500.0,sell,3829.1,BTC-26APR19-3750-P,55.8,0.0765,500.0,2,1551477946604,16156774,48
2019-03-02 21:21:03.406,0.1,buy,3809.44,BTC-26APR19-3750-P,57.01,0.081,0.1,0,1551561663406,16181550,49
2019-03-04 06:28:59.267,0.1,buy,3723.53,BTC-26APR19-3750-P,57.92,0.093,0.1,0,1551680939267,16220455,50
2019-03-05 15:44:04.550,1.0,sell,3827.04,BTC-26APR19-3750-P,55.54,0.073,1.0,2,1551800644550,16282619,51
2019-03-05 16:08:16.972,6.5,sell,3851.13,BTC-26APR19-3750-P,55.6,0.071,6.5,2,1551802096972,16284955,52
2019-03-05 16:15:29.718,1.0,sell,3856.65,BTC-26APR19-3750-P,55.25,0.069,1.0,2,1551802529718,16286689,53
2019-03-05 16:45:16.707,7.0,sell,3852.39,BTC-26APR19-3750-P,55.53,0.07,7.0,0,1551804316707,16288667,54
2019-03-05 16:45:16.707,5.0,sell,3852.39,BTC-26APR19-3750-P,55.53,0.07,5.0,1,1551804316707,16288668,55
2019-03-05 16:45:29.386,1.5,sell,3852.99,BTC-26APR19-3750-P,54.96,0.069,1.5,3,1551804329386,16288683,57
2019-03-05 16:45:29.386,6.5,sell,3852.99,BTC-26APR19-3750-P,54.96,0.069,6.5,2,1551804329386,16288682,56
2019-03-05 18:22:14.727,2.5,buy,3829.2,BTC-26APR19-3750-P,57.29,0.075,2.5,0,1551810134727,16292605,58
2019-03-05 18:27:02.027,0.5,buy,3832.9,BTC-26APR19-3750-P,57.52,0.075,0.5,1,1551810422027,16292685,59
2019-03-05 18:28:20.176,1.0,buy,3837.23,BTC-26APR19-3750-P,57.16,0.07400000000000001,1.0,2,1551810500176,16292789,60
2019-03-05 19:40:47.487,1.0,buy,3844.59,BTC-26APR19-3750-P,57.15,0.073,1.0,2,1551814847487,16293678,61
2019-03-06 00:03:20.049,1.0,buy,3845.62,BTC-26APR19-3750-P,57.33,0.0725,1.0,2,1551830600049,16297679,62
2019-03-07 19:01:13.690,0.2,sell,3869.26,BTC-26APR19-3750-P,51.97,0.0605,0.2,2,1551985273690,16361305,63
2019-03-08 00:07:47.823,1.0,sell,3858.71,BTC-26APR19-3750-P,51.81,0.061,1.0,0,1552003667823,16364325,64
2019-03-08 13:38:02.547,2.0,sell,3884.51,BTC-26APR19-3750-P,51.67,0.0585,2.0,2,1552052282547,16384492,65
2019-03-08 14:10:13.685,1.0,buy,3885.25,BTC-26APR19-3750-P,52.15,0.059,1.0,0,1552054213685,16385832,66
2019-03-08 15:43:55.677,10.0,sell,3889.21,BTC-26APR19-3750-P,52.01,0.058,10.0,2,1552059835677,16388443,67
2019-03-08 16:29:23.782,7.3,buy,3878.22,BTC-26APR19-3750-P,51.61,0.0585,7.3,0,1552062563782,16389438,68
2019-03-08 18:26:52.723,1.0,buy,3888.01,BTC-26APR19-3750-P,53.13,0.0595,1.0,0,1552069612723,16390958,69
2019-03-08 18:34:18.541,1.0,sell,3885.62,BTC-26APR19-3750-P,50.7,0.0565,1.0,2,1552070058541,16391086,70
2019-03-08 19:19:41.867,2.0,buy,3888.06,BTC-26APR19-3750-P,52.73,0.059000000000000004,2.0,0,1552072781867,16391489,71
2019-03-08 20:02:31.506,4.0,sell,3909.63,BTC-26APR19-3750-P,52.84,0.0565,4.0,2,1552075351506,16392552,72
2019-03-08 22:04:16.072,7.0,sell,3775.67,BTC-26APR19-3750-P,51.65,0.0715,7.0,0,1552082656072,16400336,73
2019-03-08 22:05:57.787,4.6000000000000005,sell,3808.88,BTC-26APR19-3750-P,52.6,0.069,4.6000000000000005,2,1552082757787,16401626,74
2019-03-08 22:23:59.934,5.0,buy,3822.79,BTC-26APR19-3750-P,54.02,0.069,5.0,3,1552083839934,16404011,75
2019-03-08 22:40:48.665,5.0,sell,3821.88,BTC-26APR19-3750-P,51.59,0.0655,5.0,2,1552084848665,16405069,76
2019-03-09 00:18:55.907,1.0,sell,3838.74,BTC-26APR19-3750-P,51.0,0.0625,1.0,2,1552090735907,16408397,77
2019-03-09 10:07:53.357,1.0,buy,3898.37,BTC-26APR19-3750-P,53.2,0.057999999999999996,1.0,2,1552126073357,16422946,78
2019-03-10 03:49:31.489,1.0,buy,3896.54,BTC-26APR19-3750-P,52.73,0.0575,1.0,2,1552189771489,16451840,79
2019-03-11 00:25:14.617,0.1,sell,3903.42,BTC-26APR19-3750-P,51.77,0.0545,0.1,2,1552263914617,16469388,80
2019-03-11 00:25:14.617,0.9,sell,3903.42,BTC-26APR19-3750-P,51.03,0.0535,0.9,2,1552263914617,16469389,81
2019-03-11 06:00:41.000,0.5,sell,3863.94,BTC-26APR19-3750-P,50.72,0.057999999999999996,0.5,0,1552284041000,16476772,82
2019-03-12 12:58:12.105,5.4,sell,3870.99,BTC-26APR19-3750-P,51.44,0.057,5.4,2,1552395492105,16519432,83
2019-03-12 14:27:30.215,5.8,sell,3864.21,BTC-26APR19-3750-P,50.65,0.057,5.8,3,1552400850215,16521159,84
2019-03-12 17:37:05.450,6.0,buy,3859.49,BTC-26APR19-3750-P,51.96,0.059,6.0,0,1552412225450,16524241,85
2019-03-12 17:37:05.450,6.0,buy,3859.49,BTC-26APR19-3750-P,51.96,0.059,6.0,1,1552412225450,16524242,86
2019-03-12 19:30:16.249,6.5,buy,3850.73,BTC-26APR19-3750-P,51.74,0.0595,6.5,0,1552419016249,16524794,87
2019-03-12 19:32:46.948,6.5,buy,3850.36,BTC-26APR19-3750-P,51.7,0.0595,6.5,1,1552419166948,16524827,88
2019-03-12 20:18:35.048,1.0,sell,3866.32,BTC-26APR19-3750-P,51.12,0.057,1.0,2,1552421915048,16525409,89
2019-03-12 20:59:16.700,6.8,buy,3865.78,BTC-26APR19-3750-P,50.65,0.0565,6.8,2,1552424356700,16525542,90
2019-03-12 21:23:12.835,6.8,buy,3864.2,BTC-26APR19-3750-P,51.05,0.057,6.8,0,1552425792835,16525679,91
2019-03-12 21:23:51.624,6.8,buy,3864.05,BTC-26APR19-3750-P,51.06,0.057,6.8,1,1552425831624,16525691,92
2019-03-12 21:29:29.783,6.7,buy,3862.72,BTC-26APR19-3750-P,51.16,0.0575,6.7,0,1552426169783,16525721,93
2019-03-12 21:29:52.449,6.7,sell,3862.79,BTC-26APR19-3750-P,51.18,0.0575,6.7,1,1552426192449,16525727,94
2019-03-12 22:10:32.020,6.7,buy,3860.98,BTC-26APR19-3750-P,50.97,0.0575,6.7,1,1552428632020,16525821,95
2019-03-12 22:11:01.655,6.7,buy,3861.48,BTC-26APR19-3750-P,51.02,0.0575,6.7,1,1552428661655,16525824,96
2019-03-12 22:28:21.115,6.7,buy,3863.83,BTC-26APR19-3750-P,51.37,0.0575,6.7,1,1552429701115,16525930,97
2019-03-12 22:28:24.823,6.7,sell,3863.83,BTC-26APR19-3750-P,51.37,0.0575,6.7,1,1552429704823,16525931,98
2019-03-12 22:47:17.163,6.7,buy,3865.17,BTC-26APR19-3750-P,51.08,0.057,6.7,2,1552430837163,16525984,99
2019-03-12 23:02:25.085,6.8,buy,3865.25,BTC-26APR19-3750-P,50.86,0.057,6.8,3,1552431745085,16526111,100
2019-03-12 23:02:37.073,7.8,sell,3865.42,BTC-26APR19-3750-P,50.51,0.0565,7.8,2,1552431757073,16526116,101
2019-03-12 23:02:37.073,5.1000000000000005,sell,3865.42,BTC-26APR19-3750-P,50.51,0.0565,5.1000000000000005,3,1552431757073,16526117,102
2019-03-12 23:03:15.800,7.7,sell,3865.56,BTC-26APR19-3750-P,50.49,0.0565,7.7,3,1552431795800,16526119,103
2019-03-13 00:55:38.094,7.0,sell,3861.91,BTC-26APR19-3750-P,50.31,0.0565,7.0,3,1552438538094,16527235,104
2019-03-13 01:10:27.075,6.7,sell,3860.77,BTC-26APR19-3750-P,50.67,0.057,6.7,0,1552439427075,16527291,105
2019-03-13 01:10:32.162,1.3,sell,3860.77,BTC-26APR19-3750-P,50.66,0.057,1.3,1,1552439432162,16527293,106
2019-03-13 01:10:37.335,6.7,sell,3860.77,BTC-26APR19-3750-P,50.65,0.057,6.7,1,1552439437335,16527294,107
2019-03-13 01:19:23.051,6.7,buy,3858.95,BTC-26APR19-3750-P,50.92,0.0575,6.7,0,1552439963051,16527379,108
2019-03-13 01:19:24.386,1.3,sell,3858.95,BTC-26APR19-3750-P,50.92,0.0575,1.3,1,1552439964386,16527380,109
2019-03-13 01:19:26.075,6.7,buy,3858.95,BTC-26APR19-3750-P,50.92,0.0575,6.7,1,1552439966075,16527381,110
2019-03-13 03:38:23.363,7.0,sell,3867.34,BTC-26APR19-3750-P,49.75,0.055,7.0,2,1552448303363,16528672,111
2019-03-14 01:03:15.334,1.0,sell,3858.87,BTC-26APR19-3750-P,50.71,0.057,1.0,0,1552525395334,16547758,112
2019-03-14 02:51:16.460,5.0,buy,3857.59,BTC-26APR19-3750-P,50.87,0.0575,5.0,0,1552531876460,16548698,113
2019-03-14 02:51:22.874,5.0,buy,3857.35,BTC-26APR19-3750-P,50.86,0.0575,5.0,1,1552531882874,16548699,114
2019-03-14 10:10:11.366,12.0,buy,3844.23,BTC-26APR19-3750-P,50.96,0.0585,12.0,0,1552558211366,16552106,115
2019-03-14 22:13:51.240,1.0,buy,3853.52,BTC-26APR19-3750-P,51.58,0.0575,1.0,2,1552601631240,16573921,116
2019-03-15 08:17:34.971,50.0,buy,3854.32,BTC-26APR19-3750-P,49.65,0.054000000000000006,50.0,2,1552637854971,16581190,117
2019-03-15 11:40:49.158,1.0,buy,3886.1,BTC-26APR19-3750-P,52.04,0.0535,1.0,2,1552650049158,16586194,118
2019-03-15 12:30:49.369,0.2,sell,3885.53,BTC-26APR19-3750-P,49.7,0.0505,0.2,2,1552653049369,16589458,119
2019-03-15 12:30:49.369,0.5,sell,3885.53,BTC-26APR19-3750-P,49.7,0.0505,0.5,3,1552653049369,16589459,120
2019-03-15 12:36:04.602,7.3,sell,3879.57,BTC-26APR19-3750-P,48.76,0.05,7.3,2,1552653364602,16589885,121
2019-03-15 15:26:29.419,0.5,sell,3895.64,BTC-26APR19-3750-P,49.32,0.049,0.5,2,1552663589419,16593969,122
2019-03-15 15:26:42.886,3.5,sell,3894.68,BTC-26APR19-3750-P,48.51,0.048,3.5,2,1552663602886,16593998,123
2019-03-16 05:49:23.106,2.0,buy,3999.8,BTC-26APR19-3750-P,53.69,0.0435,2.0,2,1552715363106,16631811,124
2019-03-16 07:46:43.544,10.0,buy,4004.79,BTC-26APR19-3750-P,54.22,0.0435,10.0,3,1552722403544,16635415,125
2019-03-16 07:46:45.422,13.0,sell,4004.79,BTC-26APR19-3750-P,52.98,0.042,13.0,2,1552722405422,16635418,126
2019-03-16 08:05:13.242,0.5,buy,3999.62,BTC-26APR19-3750-P,55.01,0.045,0.5,0,1552723513242,16635780,127
2019-03-16 08:05:13.242,0.5,buy,3999.62,BTC-26APR19-3750-P,55.01,0.045,0.5,1,1552723513242,16635781,128
2019-03-16 08:48:29.330,1.0,buy,3995.0,BTC-26APR19-3750-P,53.49,0.0435,1.0,2,1552726109330,16636558,129
2019-03-16 17:47:27.557,0.1,sell,3985.21,BTC-26APR19-3750-P,51.91,0.042,0.1,2,1552758447557,16647853,130
2019-03-16 18:35:16.715,0.1,buy,3981.96,BTC-26APR19-3750-P,53.07,0.0435,0.1,0,1552761316715,16647952,131
2019-03-16 23:22:05.717,1.0,sell,3989.16,BTC-26APR19-3750-P,52.51,0.042,1.0,3,1552778525717,16649815,133
2019-03-16 23:22:05.717,0.2,sell,3989.16,BTC-26APR19-3750-P,52.51,0.042,0.2,2,1552778525717,16649814,132
2019-03-17 05:07:25.716,1.0,buy,3945.68,BTC-26APR19-3750-P,52.06,0.0455,1.0,0,1552799245716,16657850,134
2019-03-17 07:08:45.137,3.0,sell,3954.37,BTC-26APR19-3750-P,49.38,0.0415,3.0,2,1552806525137,16658834,135
2019-03-17 19:43:50.021,0.5,buy,3973.12,BTC-26APR19-3750-P,50.25,0.0405,0.5,2,1552851830021,16666570,136
2019-03-18 01:18:57.947,1.0,buy,3993.8,BTC-26APR19-3750-P,50.59,0.039,1.0,2,1552871937947,16671727,137
2019-03-18 05:59:42.230,1.0,buy,3947.43,BTC-26APR19-3750-P,48.35,0.0405,1.0,0,1552888782230,16680470,138
2019-03-18 06:01:08.327,0.1,buy,3943.51,BTC-26APR19-3750-P,49.77,0.0425,0.1,0,1552888868327,16681298,139
2019-03-18 08:19:24.513,0.5,buy,3954.35,BTC-26APR19-3750-P,48.75,0.04,0.5,2,1552897164513,16684170,140
2019-03-18 10:34:43.889,0.1,sell,3948.21,BTC-26APR19-3750-P,47.93,0.0395,0.1,2,1552905283889,16686482,141
2019-03-18 11:24:06.677,4.0,sell,3950.64,BTC-26APR19-3750-P,50.25,0.042,4.0,0,1552908246677,16687915,142
2019-03-18 23:01:10.107,0.3,buy,3975.05,BTC-26APR19-3750-P,49.94,0.039,0.3,2,1552950070107,16694337,143
2019-03-19 13:28:47.807,0.3,buy,3970.1,BTC-26APR19-3750-P,49.04,0.0375,0.3,2,1553002127807,16704902,144
2019-03-19 21:25:44.544,9.5,buy,3984.69,BTC-26APR19-3750-P,49.04,0.0365,9.5,3,1553030744544,16716246,146
2019-03-19 21:25:44.544,0.5,buy,3984.69,BTC-26APR19-3750-P,49.04,0.0365,0.5,2,1553030744544,16716245,145
2019-03-20 07:43:04.877,0.3,sell,3985.25,BTC-26APR19-3750-P,46.16,0.0325,0.3,2,1553067784877,16726480,147
2019-03-20 07:43:04.877,0.5,sell,3985.25,BTC-26APR19-3750-P,46.16,0.0325,0.5,3,1553067784877,16726481,148
2019-03-20 07:43:31.907,0.2,buy,3985.25,BTC-26APR19-3750-P,46.16,0.0325,0.2,3,1553067811907,16726495,149
2019-03-20 07:47:08.092,0.5,sell,3984.92,BTC-26APR19-3750-P,46.15,0.0325,0.5,3,1553068028092,16726528,150
2019-03-20 11:41:41.286,10.0,sell,3991.94,BTC-26APR19-3750-P,46.22,0.032,10.0,2,1553082101286,16730798,151
2019-03-20 15:55:24.820,5.0,buy,4000.34,BTC-26APR19-3750-P,47.82,0.033,5.0,0,1553097324820,16734369,152
2019-03-20 16:17:46.694,6.0,sell,4012.53,BTC-26APR19-3750-P,48.88,0.033,6.0,1,1553098666694,16735201,153
2019-03-20 16:53:19.103,10.0,buy,4004.08,BTC-26APR19-3750-P,48.99,0.034,10.0,0,1553100799103,16736465,154
2019-03-20 16:53:29.793,8.0,buy,4003.43,BTC-26APR19-3750-P,48.96,0.034,8.0,1,1553100809793,16736466,155
2019-03-20 17:26:14.926,0.3,buy,4000.18,BTC-26APR19-3750-P,49.11,0.0345,0.3,0,1553102774926,16737063,156
2019-03-20 17:26:47.960,6.0,buy,3999.27,BTC-26APR19-3750-P,49.43,0.035,6.0,0,1553102807960,16737073,157
2019-03-20 17:26:47.960,10.6,buy,3999.27,BTC-26APR19-3750-P,49.43,0.035,10.6,1,1553102807960,16737074,158
2019-03-20 17:26:48.026,6.0,sell,3999.27,BTC-26APR19-3750-P,49.43,0.035,6.0,1,1553102808026,16737075,159
2019-03-20 18:32:36.000,6.0,sell,4005.6,BTC-26APR19-3750-P,48.89,0.034,6.0,2,1553106756000,16737912,160
2019-03-20 18:33:01.404,6.0,sell,4005.8,BTC-26APR19-3750-P,48.89,0.034,6.0,3,1553106781404,16737918,161
2019-03-20 18:33:05.452,6.0,sell,4005.8,BTC-26APR19-3750-P,48.88,0.034,6.0,3,1553106785452,16737919,162
2019-03-20 18:33:08.156,6.0,sell,4005.8,BTC-26APR19-3750-P,48.88,0.034,6.0,3,1553106788156,16737922,163
2019-03-20 18:33:11.716,6.0,sell,4005.81,BTC-26APR19-3750-P,48.89,0.034,6.0,3,1553106791716,16737924,164
2019-03-20 22:18:36.975,16.4,sell,4020.27,BTC-26APR19-3750-P,49.24,0.033,16.4,2,1553120316975,16741027,165
2019-03-20 22:35:33.937,5.0,sell,4026.72,BTC-26APR19-3750-P,48.87,0.032,5.0,2,1553121333937,16741654,166
2019-03-21 00:17:42.427,1.0,sell,4036.67,BTC-26APR19-3750-P,47.56,0.0295,1.0,2,1553127462427,16745701,167
2019-03-21 03:02:10.077,12.0,sell,4028.92,BTC-26APR19-3750-P,47.32,0.03,12.0,0,1553137330077,16748084,168
2019-03-21 03:08:31.356,1.8,sell,4028.62,BTC-26APR19-3750-P,46.79,0.0295,1.8,2,1553137711356,16748106,169
2019-03-21 03:40:09.946,2.0,sell,4029.81,BTC-26APR19-3750-P,46.94,0.0295,2.0,3,1553139609946,16748167,170
2019-03-21 12:32:17.192,2.5,buy,4038.89,BTC-26APR19-3750-P,47.6,0.028999999999999998,2.5,2,1553171537192,16753820,171
2019-03-21 14:47:55.351,0.3,sell,3984.61,BTC-26APR19-3750-P,47.09,0.033,0.3,0,1553179675351,16760313,172
2019-03-21 14:57:41.528,1.0,buy,3962.58,BTC-26APR19-3750-P,47.18,0.0355,1.0,0,1553180261528,16761479,173
2019-03-21 14:57:58.029,0.3,buy,3955.2,BTC-26APR19-3750-P,47.88,0.037000000000000005,0.3,0,1553180278029,16761884,174
2019-03-21 14:58:58.082,6.0,sell,3917.13,BTC-26APR19-3750-P,47.16,0.04,6.0,0,1553180338082,16763139,175
2019-03-21 14:58:58.442,5.8,buy,3917.13,BTC-26APR19-3750-P,47.59,0.0405,5.8,0,1553180338442,16763201,176
2019-03-21 14:58:58.718,0.2,sell,3917.13,BTC-26APR19-3750-P,47.16,0.04,0.2,2,1553180338718,16763219,177
2019-03-21 14:59:56.271,0.1,sell,3931.48,BTC-26APR19-3750-P,47.42,0.0385,0.1,2,1553180396271,16764309,178
2019-03-21 15:01:15.900,3.0,buy,3953.79,BTC-26APR19-3750-P,47.23,0.036000000000000004,3.0,2,1553180475900,16764872,179
2019-03-21 17:30:37.720,0.5,sell,3959.51,BTC-26APR19-3750-P,46.86,0.035,0.5,3,1553189437720,16769820,181
2019-03-21 17:30:37.720,12.8,sell,3959.51,BTC-26APR19-3750-P,46.86,0.035,12.8,2,1553189437720,16769819,180
2019-03-21 17:31:06.414,0.3,sell,3958.91,BTC-26APR19-3750-P,46.88,0.035,0.3,3,1553189466414,16769828,182
2019-03-21 18:45:29.945,50.0,sell,3963.24,BTC-26APR19-3750-P,46.42,0.034,50.0,3,1553193929945,16770313,184
2019-03-21 18:45:29.945,6.0,sell,3963.24,BTC-26APR19-3750-P,46.42,0.034,6.0,2,1553193929945,16770312,183
2019-03-21 18:45:29.945,12.8,sell,3963.24,BTC-26APR19-3750-P,46.42,0.034,12.8,3,1553193929945,16770314,185
2019-03-21 20:50:36.737,0.3,buy,3973.1,BTC-26APR19-3750-P,47.18,0.034,0.3,3,1553201436737,16771099,186
2019-03-22 09:08:19.822,2.0,sell,3978.35,BTC-26APR19-3750-P,45.46,0.031,2.0,2,1553245699822,16776408,187
2019-03-22 10:57:25.751,0.3,buy,3979.59,BTC-26APR19-3750-P,47.28,0.033,0.3,0,1553252245751,16777061,188
2019-03-22 10:57:25.751,0.5,buy,3979.59,BTC-26APR19-3750-P,47.73,0.0335,0.5,0,1553252245751,16777062,189
2019-03-22 10:57:25.751,0.2,buy,3979.59,BTC-26APR19-3750-P,47.73,0.0335,0.2,1,1553252245751,16777063,190
2019-03-22 13:43:26.370,0.3,sell,3989.54,BTC-26APR19-3750-P,46.39,0.031,0.3,2,1553262206370,16778505,191
2019-03-22 13:43:26.370,0.3,sell,3989.54,BTC-26APR19-3750-P,46.39,0.031,0.3,3,1553262206370,16778506,192
2019-03-22 13:49:56.330,1.4,sell,3989.02,BTC-26APR19-3750-P,46.34,0.031,1.4,3,1553262596330,16778615,193
2019-03-22 16:21:52.198,0.3,buy,3980.03,BTC-26APR19-3750-P,48.04,0.0335,0.3,1,1553271712198,16779986,195
2019-03-22 16:21:52.198,0.3,buy,3980.03,BTC-26APR19-3750-P,48.04,0.0335,0.3,0,1553271712198,16779985,194
2019-03-22 16:22:32.060,0.4,buy,3980.43,BTC-26APR19-3750-P,48.51,0.034,0.4,0,1553271752060,16779987,196
2019-03-22 18:33:26.524,0.3,sell,3994.18,BTC-26APR19-3750-P,46.82,0.031,0.3,2,1553279606524,16780933,197
2019-03-22 18:33:26.524,0.1,sell,3994.18,BTC-26APR19-3750-P,46.82,0.031,0.1,3,1553279606524,16780934,198
2019-03-23 08:15:57.523,0.1,sell,3989.46,BTC-26APR19-3750-P,47.25,0.031,0.1,3,1553328957523,16789596,199
2019-03-23 11:35:00.989,0.1,sell,3979.99,BTC-26APR19-3750-P,46.6,0.031,0.1,3,1553340900989,16791708,201
2019-03-23 11:35:00.989,0.1,sell,3979.99,BTC-26APR19-3750-P,46.6,0.031,0.1,3,1553340900989,16791707,200
2019-03-23 12:15:35.734,0.3,buy,3984.36,BTC-26APR19-3750-P,48.29,0.0325,0.3,1,1553343335734,16791911,203
2019-03-23 12:15:35.734,0.3,buy,3984.36,BTC-26APR19-3750-P,48.29,0.0325,0.3,0,1553343335734,16791910,202
2019-03-23 12:19:21.775,1.3,sell,3984.72,BTC-26APR19-3750-P,48.34,0.0325,1.3,1,1553343561775,16791916,204
2019-03-23 12:22:03.842,0.1,sell,3984.68,BTC-26APR19-3750-P,48.32,0.0325,0.1,1,1553343723842,16791918,205
2019-03-23 12:43:30.278,0.3,sell,3982.95,BTC-26APR19-3750-P,46.8,0.031,0.3,2,1553345010278,16792046,206
2019-03-23 12:43:30.278,0.3,sell,3982.95,BTC-26APR19-3750-P,46.8,0.031,0.3,3,1553345010278,16792047,207
2019-03-23 12:43:30.278,0.1,sell,3982.95,BTC-26APR19-3750-P,46.8,0.031,0.1,3,1553345010278,16792048,208
2019-03-24 02:30:24.993,0.2,sell,3968.91,BTC-26APR19-3750-P,46.46,0.0315,0.2,0,1553394624993,16797128,209
2019-03-24 09:12:41.427,2.0,sell,3967.6,BTC-26APR19-3750-P,46.68,0.0315,2.0,1,1553418761427,16799670,210
2019-03-24 13:20:48.395,0.1,sell,3971.48,BTC-26APR19-3750-P,46.46,0.031,0.1,2,1553433648395,16800919,211
2019-03-24 15:37:37.005,1.2,sell,3970.85,BTC-26APR19-3750-P,46.11,0.0305,1.2,2,1553441857005,16801454,212
2019-03-24 19:33:39.135,0.3,buy,3961.19,BTC-26APR19-3750-P,47.62,0.033,0.3,0,1553456019135,16803016,213
2019-03-24 19:34:01.282,0.3,buy,3961.19,BTC-26APR19-3750-P,47.62,0.033,0.3,1,1553456041282,16803023,214
2019-03-24 19:34:40.283,0.4,sell,3961.19,BTC-26APR19-3750-P,48.09,0.0335,0.4,0,1553456080283,16803025,215
2019-03-25 01:20:55.898,0.2,sell,3966.95,BTC-26APR19-3750-P,46.48,0.031,0.2,2,1553476855898,16807005,216
2019-03-25 02:15:38.550,0.1,sell,3974.79,BTC-26APR19-3750-P,47.04,0.031,0.1,3,1553480138550,16807507,217
2019-03-25 02:26:46.417,3.8,sell,3972.62,BTC-26APR19-3750-P,46.45,0.0305,3.8,2,1553480806417,16807612,218
2019-03-25 02:34:19.223,1.0,sell,3972.95,BTC-26APR19-3750-P,45.53,0.0295,1.0,2,1553481259223,16807620,219
2019-03-25 12:10:20.071,1.0,buy,3962.24,BTC-26APR19-3750-P,46.98,0.0315,1.0,0,1553515820071,16810459,220
2019-03-25 18:49:07.126,8.5,buy,3909.98,BTC-26APR19-3750-P,46.73,0.036000000000000004,8.5,0,1553539747126,16819104,221
2019-03-25 19:33:48.909,1.0,buy,3899.74,BTC-26APR19-3750-P,47.69,0.0385,1.0,0,1553542428909,16825786,222
2019-03-25 20:18:50.243,0.3,buy,3884.14,BTC-26APR19-3750-P,47.96,0.04,0.3,0,1553545130243,16826655,223
2019-03-25 20:18:50.243,0.7000000000000001,buy,3884.14,BTC-26APR19-3750-P,48.4,0.0405,0.7000000000000001,0,1553545130243,16826656,224
2019-03-25 20:18:57.973,1.0,buy,3884.55,BTC-26APR19-3750-P,48.41,0.0405,1.0,1,1553545137973,16826658,225
2019-03-25 20:19:13.881,1.0,buy,3885.65,BTC-26APR19-3750-P,49.39,0.0415,1.0,0,1553545153881,16826664,226
2019-03-25 20:20:33.978,1.0,buy,3883.06,BTC-26APR19-3750-P,49.05,0.0415,1.0,1,1553545233978,16826701,227
2019-03-25 20:28:31.041,1.0,buy,3881.73,BTC-26APR19-3750-P,48.91,0.0415,1.0,1,1553545711041,16827026,228
2019-03-25 20:28:34.980,1.0,buy,3881.73,BTC-26APR19-3750-P,48.91,0.0415,1.0,1,1553545714980,16827028,229
2019-03-25 20:29:09.237,3.0,buy,3881.79,BTC-26APR19-3750-P,48.93,0.0415,3.0,1,1553545749237,16827037,230
2019-03-25 20:31:59.942,2.0,buy,3879.67,BTC-26APR19-3750-P,48.81,0.0415,2.0,1,1553545919942,16827074,231
2019-03-25 20:32:08.197,3.0,buy,3879.27,BTC-26APR19-3750-P,48.78,0.0415,3.0,1,1553545928197,16827077,232
2019-03-25 21:26:01.139,0.3,sell,3886.4,BTC-26APR19-3750-P,46.71,0.0385,0.3,2,1553549161139,16828039,233
2019-03-25 21:26:01.139,0.3,sell,3886.4,BTC-26APR19-3750-P,46.71,0.0385,0.3,3,1553549161139,16828040,234
2019-03-25 23:40:41.100,6.0,sell,3905.45,BTC-26APR19-3750-P,45.2,0.035,6.0,2,1553557241100,16829915,235
2019-03-26 00:43:14.861,8.5,buy,3912.45,BTC-26APR19-3750-P,46.49,0.0355,8.5,1,1553560994861,16830874,237
2019-03-26 00:43:14.861,6.0,buy,3912.45,BTC-26APR19-3750-P,46.49,0.0355,6.0,0,1553560994861,16830873,236
2019-03-26 00:47:41.503,0.3,buy,3912.29,BTC-26APR19-3750-P,46.51,0.0355,0.3,1,1553561261503,16830902,238
2019-03-26 01:27:55.991,0.1,sell,3910.53,BTC-26APR19-3750-P,45.84,0.035,0.1,2,1553563675991,16831244,239
2019-03-26 01:41:24.776,5.0,buy,3910.72,BTC-26APR19-3750-P,46.37,0.0355,5.0,0,1553564484776,16831372,240
2019-03-26 02:14:32.935,1.0,buy,3913.72,BTC-26APR19-3750-P,46.35,0.035,1.0,2,1553566472935,16831618,241
2019-03-26 02:15:06.861,8.5,buy,3913.67,BTC-26APR19-3750-P,46.83,0.0355,8.5,0,1553566506861,16831626,242
2019-03-26 03:43:22.208,6.0,sell,3918.06,BTC-26APR19-3750-P,46.48,0.035,6.0,2,1553571802208,16832144,243
2019-03-26 03:47:50.407,8.6,buy,3917.08,BTC-26APR19-3750-P,46.83,0.0355,8.6,0,1553572070407,16832207,244
2019-03-26 03:47:50.407,3.4,buy,3917.08,BTC-26APR19-3750-P,46.83,0.0355,3.4,1,1553572070407,16832208,245
2019-03-26 03:47:51.708,2.6,buy,3917.08,BTC-26APR19-3750-P,46.82,0.0355,2.6,1,1553572071708,16832209,246
2019-03-26 03:47:52.279,6.0,sell,3917.08,BTC-26APR19-3750-P,46.82,0.0355,6.0,1,1553572072279,16832210,247
2019-03-26 03:57:03.824,8.0,buy,3911.0,BTC-26APR19-3750-P,46.79,0.036000000000000004,8.0,0,1553572623824,16832362,248
2019-03-26 03:57:05.562,6.0,sell,3911.0,BTC-26APR19-3750-P,46.79,0.036000000000000004,6.0,1,1553572625562,16832363,249
2019-03-26 03:57:08.222,2.0,sell,3911.02,BTC-26APR19-3750-P,46.79,0.036000000000000004,2.0,1,1553572628222,16832365,250
2019-03-26 03:57:08.222,6.4,sell,3911.02,BTC-26APR19-3750-P,46.79,0.036000000000000004,6.4,1,1553572628222,16832366,251
2019-03-26 03:57:09.527,1.6,sell,3911.02,BTC-26APR19-3750-P,46.79,0.036000000000000004,1.6,1,1553572629527,16832368,252
2019-03-26 03:57:09.527,6.8,sell,3911.02,BTC-26APR19-3750-P,46.79,0.036000000000000004,6.8,1,1553572629527,16832369,253
2019-03-26 03:57:29.630,4.8,sell,3911.12,BTC-26APR19-3750-P,46.81,0.036000000000000004,4.8,1,1553572649630,16832374,255
2019-03-26 03:57:29.630,1.2,sell,3911.12,BTC-26APR19-3750-P,46.81,0.036000000000000004,1.2,1,1553572649630,16832373,254
2019-03-26 06:05:40.616,5.0,buy,3910.65,BTC-26APR19-3750-P,45.79,0.035,5.0,2,1553580340616,16833091,256
2019-03-26 12:37:33.314,6.0,buy,3895.59,BTC-26APR19-3750-P,47.33,0.038,6.0,0,1553603853314,16836225,257
2019-03-26 12:37:33.485,6.0,sell,3895.59,BTC-26APR19-3750-P,47.33,0.038,6.0,1,1553603853485,16836226,258
2019-03-26 12:37:46.500,6.0,sell,3895.08,BTC-26APR19-3750-P,47.27,0.038,6.0,1,1553603866500,16836230,259
2019-03-26 12:38:28.934,2.0,buy,3894.44,BTC-26APR19-3750-P,47.76,0.0385,2.0,0,1553603908934,16836241,260
2019-03-26 13:49:42.562,1.0,buy,3888.06,BTC-26APR19-3750-P,47.8,0.039,1.0,0,1553608182562,16837353,261
2019-03-26 14:06:15.591,2.0,sell,3894.03,BTC-26APR19-3750-P,46.45,0.037000000000000005,2.0,3,1553609175591,16837651,263
2019-03-26 14:06:15.591,3.0,sell,3894.03,BTC-26APR19-3750-P,46.45,0.037000000000000005,3.0,2,1553609175591,16837650,262
2019-03-26 14:14:53.661,2.0,buy,3898.77,BTC-26APR19-3750-P,45.97,0.036000000000000004,2.0,2,1553609693661,16837786,264
2019-03-26 14:14:53.661,8.1,buy,3898.77,BTC-26APR19-3750-P,45.97,0.036000000000000004,8.1,3,1553609693661,16837787,265
2019-03-26 14:15:12.985,2.0,sell,3898.9,BTC-26APR19-3750-P,45.98,0.036000000000000004,2.0,3,1553609712985,16837794,267
2019-03-26 14:15:12.985,0.3,sell,3898.9,BTC-26APR19-3750-P,45.98,0.036000000000000004,0.3,3,1553609712985,16837793,266
2019-03-26 14:39:52.241,8.0,sell,3904.08,BTC-26APR19-3750-P,46.04,0.0355,8.0,2,1553611192241,16838161,268
2019-03-26 14:39:52.241,0.2,sell,3904.08,BTC-26APR19-3750-P,46.04,0.0355,0.2,3,1553611192241,16838162,269
2019-03-26 14:39:59.852,8.2,sell,3903.74,BTC-26APR19-3750-P,46.01,0.0355,8.2,3,1553611199852,16838163,270
2019-03-26 14:48:35.615,2.0,buy,3905.27,BTC-26APR19-3750-P,46.2,0.0355,2.0,3,1553611715615,16838298,271
2019-03-26 14:48:35.615,8.3,buy,3905.27,BTC-26APR19-3750-P,46.2,0.0355,8.3,3,1553611715615,16838299,272
2019-03-26 14:49:01.765,0.6,sell,3905.84,BTC-26APR19-3750-P,46.29,0.0355,0.6,3,1553611741765,16838301,274
2019-03-26 14:49:01.765,7.7,sell,3905.84,BTC-26APR19-3750-P,46.29,0.0355,7.7,3,1553611741765,16838300,273
2019-03-26 14:49:29.854,8.4,sell,3907.42,BTC-26APR19-3750-P,45.4,0.0345,8.4,2,1553611769854,16838331,275
2019-03-26 14:49:37.512,8.4,buy,3907.42,BTC-26APR19-3750-P,45.37,0.0345,8.4,3,1553611777512,16838340,276
2019-03-26 14:53:54.490,0.1,sell,3907.57,BTC-26APR19-3750-P,45.35,0.0345,0.1,3,1553612034490,16838402,277
2019-03-26 14:53:58.929,0.1,sell,3907.6,BTC-26APR19-3750-P,45.35,0.0345,0.1,3,1553612038929,16838403,278
2019-03-26 14:54:02.965,0.1,sell,3907.6,BTC-26APR19-3750-P,45.35,0.0345,0.1,3,1553612042965,16838404,279
2019-03-26 15:00:08.245,2.0,sell,3908.71,BTC-26APR19-3750-P,45.96,0.035,2.0,0,1553612408245,16838478,280
2019-03-26 15:00:28.475,1.7,buy,3908.83,BTC-26APR19-3750-P,46.04,0.035,1.7,1,1553612428475,16838487,282
2019-03-26 15:00:28.475,0.3,buy,3908.83,BTC-26APR19-3750-P,46.04,0.035,0.3,1,1553612428475,16838486,281
2019-03-26 15:00:29.638,2.0,buy,3908.83,BTC-26APR19-3750-P,46.04,0.035,2.0,1,1553612429638,16838488,283
2019-03-26 15:31:48.448,6.0,buy,3910.57,BTC-26APR19-3750-P,46.52,0.0355,6.0,0,1553614308448,16838936,284
2019-03-26 15:53:25.949,0.3,sell,3918.72,BTC-26APR19-3750-P,45.62,0.0335,0.3,2,1553615605949,16839602,285
2019-03-26 15:53:29.945,8.0,buy,3918.75,BTC-26APR19-3750-P,45.62,0.0335,8.0,3,1553615609945,16839603,286
2019-03-26 15:53:31.754,0.4,buy,3918.75,BTC-26APR19-3750-P,45.62,0.0335,0.4,3,1553615611754,16839604,287
2019-03-26 15:58:59.504,0.8,buy,3915.64,BTC-26APR19-3750-P,45.87,0.034,0.8,0,1553615939504,16839766,288
2019-03-26 16:11:40.979,8.0,buy,3915.53,BTC-26APR19-3750-P,46.2,0.0345,8.0,0,1553616700979,16839892,289
2019-03-26 16:11:43.648,0.3,buy,3915.53,BTC-26APR19-3750-P,46.21,0.0345,0.3,1,1553616703648,16839895,290
2019-03-26 16:59:43.621,0.1,buy,3912.66,BTC-26APR19-3750-P,46.86,0.0355,0.1,0,1553619583621,16840324,291
2019-03-26 18:07:55.529,6.0,buy,3912.88,BTC-26APR19-3750-P,46.48,0.035,6.0,2,1553623675529,16840672,292
2019-03-26 18:26:46.091,1.0,sell,3914.38,BTC-26APR19-3750-P,45.7,0.034,1.0,2,1553624806091,16840826,293
2019-03-26 19:05:30.632,6.0,sell,3918.96,BTC-26APR19-3750-P,46.17,0.034,6.0,3,1553627130632,16841355,294
2019-03-26 19:07:06.882,6.0,sell,3918.44,BTC-26APR19-3750-P,46.15,0.034,6.0,3,1553627226882,16841374,295
2019-03-26 19:44:14.376,1.1,buy,3914.83,BTC-26APR19-3750-P,46.24,0.0345,1.1,0,1553629454376,16841716,296
2019-03-26 20:08:21.320,1.0,sell,3915.24,BTC-26APR19-3750-P,45.86,0.034,1.0,2,1553630901320,16841814,297
2019-03-26 20:27:02.131,5.0,sell,3915.15,BTC-26APR19-3750-P,45.89,0.034,5.0,3,1553632022131,16841863,298
2019-03-26 20:27:02.131,3.4,sell,3915.15,BTC-26APR19-3750-P,45.89,0.034,3.4,3,1553632022131,16841864,299
2019-03-26 21:38:40.889,0.1,buy,3911.03,BTC-26APR19-3750-P,47.34,0.036000000000000004,0.1,0,1553636320889,16842157,300
2019-03-27 00:13:46.731,8.5,sell,3916.4,BTC-26APR19-3750-P,45.7,0.0335,8.5,2,1553645626731,16843315,301
2019-03-27 01:01:52.421,1.0,sell,3944.17,BTC-26APR19-3750-P,45.48,0.0305,1.0,2,1553648512421,16845595,302
2019-03-27 01:02:23.037,1.0,sell,3939.73,BTC-26APR19-3750-P,45.58,0.031,1.0,0,1553648543037,16845745,303
2019-03-27 01:18:17.314,1.5,sell,3944.31,BTC-26APR19-3750-P,46.6,0.0315,1.5,0,1553649497314,16847062,304
2019-03-27 03:04:28.164,2.5,sell,3976.02,BTC-26APR19-3750-P,45.27,0.0275,2.5,2,1553655868164,16851197,305
2019-03-27 03:07:09.984,9.2,sell,3975.87,BTC-26APR19-3750-P,45.26,0.0275,9.2,3,1553656029984,16851241,306
2019-03-27 03:15:25.098,1.0,sell,3970.55,BTC-26APR19-3750-P,44.98,0.0275,1.0,3,1553656525098,16851552,307
2019-03-27 03:35:04.813,6.0,buy,3970.27,BTC-26APR19-3750-P,46.41,0.028999999999999998,6.0,0,1553657704813,16851759,308
2019-03-27 03:35:04.813,12.8,buy,3970.27,BTC-26APR19-3750-P,46.9,0.0295,12.8,0,1553657704813,16851760,309
2019-03-27 03:35:04.813,5.0,buy,3970.27,BTC-26APR19-3750-P,47.88,0.0305,5.0,0,1553657704813,16851761,310
2019-03-27 03:35:04.813,1.2,buy,3970.27,BTC-26APR19-3750-P,47.88,0.0305,1.2,1,1553657704813,16851762,311
2019-03-27 03:35:09.215,5.0,buy,3970.34,BTC-26APR19-3750-P,46.91,0.0295,5.0,2,1553657709215,16851770,312
2019-03-27 05:33:19.381,7.4,sell,3979.66,BTC-26APR19-3750-P,44.62,0.0265,7.4,2,1553664799381,16853222,313
2019-03-27 05:33:19.381,2.6,sell,3979.66,BTC-26APR19-3750-P,44.62,0.0265,2.6,3,1553664799381,16853223,314
2019-03-27 06:22:16.497,0.8,sell,3983.61,BTC-26APR19-3750-P,44.48,0.026000000000000002,0.8,2,1553667736497,16854366,315
2019-03-27 08:27:34.486,6.9,buy,3983.03,BTC-26APR19-3750-P,44.54,0.026000000000000002,6.9,3,1553675254486,16855031,316
2019-03-27 08:28:44.307,1.5,buy,3982.64,BTC-26APR19-3750-P,44.53,0.026000000000000002,1.5,3,1553675324307,16855034,317
2019-03-27 08:32:58.006,2.7,buy,3982.8,BTC-26APR19-3750-P,44.55,0.026000000000000002,2.7,3,1553675578006,16855042,318
2019-03-27 09:12:00.434,5.0,sell,3987.45,BTC-26APR19-3750-P,43.9,0.025,5.0,2,1553677920434,16855643,319
2019-03-27 09:15:28.695,0.3,sell,3986.05,BTC-26APR19-3750-P,43.82,0.025,0.3,3,1553678128695,16855702,320
2019-03-27 09:15:28.695,3.2,sell,3986.05,BTC-26APR19-3750-P,43.82,0.025,3.2,3,1553678128695,16855703,321
2019-03-27 12:21:48.620,0.3,buy,4019.93,BTC-26APR19-3750-P,44.99,0.0235,0.3,2,1553689308620,16862586,322
2019-03-27 12:31:30.503,2.0,sell,4020.65,BTC-26APR19-3750-P,44.14,0.0225,2.0,2,1553689890503,16862676,323
2019-03-27 12:32:23.698,1.0,sell,4020.54,BTC-26APR19-3750-P,43.59,0.022000000000000002,1.0,2,1553689943698,16862680,324
2019-03-27 16:19:22.078,5.0,sell,4007.11,BTC-26APR19-3750-P,44.75,0.024,5.0,0,1553703562078,16866144,325
2019-03-27 16:19:32.292,500.0,sell,4007.14,BTC-26APR19-3750-P,44.23,0.0235,500.0,2,1553703572292,16866146,326
