date_utc,amount,direction,indexPrice,instrument,iv,price,quantity,tickDirection,timeStamp,tradeId,tradeSeq
2019-02-17 10:45:35.947,0.1,buy,3581.56,BTC-26APR19-3750-P,55.1,0.12300000000000001,0.1,1,1550400335947,15439832,1
2019-02-18 22:21:30.109,1.0,sell,3856.93,BTC-26APR19-3750-P,56.05,0.0805,1.0,2,1550528490109,15583964,2
2019-02-19 00:21:00.062,4.0,sell,3904.3,BTC-26APR19-3750-P,57.86,0.077,4.0,2,1550535660062,15589712,3
2019-02-20 17:20:56.003,1.0,sell,3925.31,BTC-26APR19-3750-P,58.51,0.0745,1.0,2,1550683256003,15706455,4
2019-02-20 19:58:14.919,5.0,sell,3924.0,BTC-26APR19-3750-P,57.09,0.07200000000000001,5.0,3,1550692694919,15709408,7
2019-02-20 19:58:14.919,2.0,sell,3924.0,BTC-26APR19-3750-P,57.09,0.07200000000000001,2.0,2,1550692694919,15709407,6
2019-02-20 19:58:14.919,3.6,sell,3924.0,BTC-26APR19-3750-P,58.97,0.075,3.6,0,1550692694919,15709406,5
2019-02-20 19:58:15.191,1.4,buy,3924.0,BTC-26APR19-3750-P,51.44,0.063,1.4,2,1550692695191,15709425,8
2019-02-20 19:58:21.285,4.3,buy,3924.21,BTC-26APR19-3750-P,54.61,0.068,4.3,0,1550692701285,15709508,9
2019-02-21 17:17:01.332,1.0,buy,3890.81,BTC-26APR19-3750-P,58.35,0.076,1.0,0,1550769421332,15747354,10
2019-02-21 20:18:52.895,1.0,sell,3895.49,BTC-26APR19-3750-P,55.89,0.0715,1.0,2,1550780332895,15749966,11
2019-02-22 15:23:44.722,4.1,buy,3925.97,BTC-26APR19-3750-P,58.09,0.071,4.1,2,1550849024722,15780258,12
2019-02-22 20:29:12.316,4.1,buy,3935.25,BTC-26APR19-3750-P,58.84,0.0715,4.1,0,1550867352316,15787260,13
2019-02-22 20:29:12.316,1.9,buy,3935.25,BTC-26APR19-3750-P,59.48,0.0725,1.9,0,1550867352316,15787261,14
2019-02-22 21:21:03.068,6.0,sell,3936.16,BTC-26APR19-3750-P,56.14,0.067,6.0,2,1550870463068,15787698,15
2019-02-23 04:20:44.883,5.0,sell,3932.61,BTC-26APR19-3750-P,57.01,0.069,5.0,0,1550895644883,15793589,16
2019-02-23 17:07:14.514,0.2,sell,3996.28,BTC-26APR19-3750-P,61.59,0.0705,0.2,0,1550941634514,15810708,17
2019-02-23 18:01:35.885,2.0,sell,4099.05,BTC-26APR19-3750-P,62.05,0.06,2.0,2,1550944895885,15830351,18
2019-02-23 18:38:57.583,0.2,sell,4091.2,BTC-26APR19-3750-P,58.99,0.055999999999999994,0.2,2,1550947137583,15837937,19
2019-02-24 04:44:12.753,1.4,buy,4147.57,BTC-26APR19-3750-P,60.6,0.0535,1.4,2,1550983452753,15867468,20
2019-02-24 09:30:35.298,5.0,buy,4132.27,BTC-26APR19-3750-P,61.58,0.0555,5.0,0,1551000635298,15874342,21
2019-02-24 09:30:35.298,1.0,buy,4132.27,BTC-26APR19-3750-P,62.28,0.0565,1.0,0,1551000635298,15874343,22
2019-02-24 11:40:53.342,3.0,sell,4132.84,BTC-26APR19-3750-P,58.55,0.051,3.0,2,1551008453342,15877738,23
2019-02-24 11:42:33.624,1.0,sell,4134.21,BTC-26APR19-3750-P,58.25,0.0505,1.0,2,1551008553624,15877753,24
2019-02-24 14:05:23.030,1.4,sell,4019.03,BTC-26APR19-3750-P,59.05,0.0615,1.4,0,1551017123030,15888195,25
2019-02-24 14:12:37.906,4.1,sell,3886.96,BTC-26APR19-3750-P,58.9,0.0805,4.1,0,1551017557906,15894560,26
2019-02-24 14:16:28.385,4.7,buy,3739.75,BTC-26APR19-3750-P,58.31,0.1055,4.7,0,1551017788385,15901318,27
2019-02-24 14:35:21.189,2.0,sell,3787.66,BTC-26APR19-3750-P,61.81,0.0995,2.0,2,1551018921189,15918831,28
2019-02-24 14:48:27.857,4.1,sell,3813.79,BTC-26APR19-3750-P,60.85,0.09300000000000001,4.1,2,1551019707857,15925024,29
2019-02-24 14:57:34.175,4.1,buy,3788.5,BTC-26APR19-3750-P,61.49,0.098,4.1,0,1551020254175,15928618,30
2019-02-24 16:34:19.991,4.2,buy,3735.8,BTC-26APR19-3750-P,61.78,0.1055,4.2,0,1551026059991,15946774,31
2019-02-24 16:34:29.446,0.6,buy,3738.22,BTC-26APR19-3750-P,62.66,0.1065,0.6,0,1551026069446,15946795,32
2019-02-24 21:09:07.535,0.2,sell,3786.2,BTC-26APR19-3750-P,58.62,0.0935,0.2,2,1551042547535,15957467,33
2019-02-24 21:09:07.535,3.8,sell,3786.2,BTC-26APR19-3750-P,57.99,0.0925,3.8,2,1551042547535,15957468,34
2019-02-24 21:42:20.047,4.8,buy,3800.52,BTC-26APR19-3750-P,60.17,0.0935,4.8,0,1551044540047,15958971,35
2019-02-24 22:04:55.020,4.2,buy,3770.61,BTC-26APR19-3750-P,60.27,0.098,4.2,0,1551045895020,15961334,36
2019-02-24 23:49:11.213,4.5,buy,3737.93,BTC-26APR19-3750-P,59.75,0.101,4.5,0,1551052151213,15965751,37
2019-02-25 02:47:16.282,1.0,buy,3767.38,BTC-26APR19-3750-P,59.77,0.0965,1.0,2,1551062836282,15971583,38
2019-02-25 02:54:35.689,4.7,buy,3769.78,BTC-26APR19-3750-P,61.48,0.099,4.7,0,1551063275689,15971862,39
2019-02-25 14:55:24.622,4.4,buy,3778.92,BTC-26APR19-3750-P,60.24,0.0955,4.4,2,1551106524622,15990442,40
2019-02-26 01:43:14.066,4.4,buy,3819.1,BTC-26APR19-3750-P,60.53,0.09,4.4,2,1551145394066,16014179,41
2019-02-26 16:50:21.431,5.6000000000000005,sell,3796.82,BTC-26APR19-3750-P,58.12,0.08900000000000001,5.6000000000000005,2,1551199821431,16036502,42
2019-02-27 20:35:45.124,4.1,buy,3666.2,BTC-26APR19-3750-P,58.53,0.106,4.1,0,1551299745124,16069639,43
2019-02-28 12:17:54.251,1.0,buy,3824.53,BTC-26APR19-3750-P,59.82,0.0855,1.0,2,1551356274251,16102463,44
2019-02-28 12:25:10.100,2.0,buy,3822.47,BTC-26APR19-3750-P,60.06,0.086,2.0,0,1551356710100,16102547,45
