date_utc,amount,direction,indexPrice,instrument,iv,price,quantity,tickDirection,timeStamp,tradeId,tradeSeq
2019-02-15 02:02:37.348,0.1,sell,3569.66,BTC-29MAR19-3750-P,53.95,0.106,0.1,0,1550196157348,15377223,263
2019-02-15 02:02:37.348,1.5,sell,3569.66,BTC-29MAR19-3750-P,53.57,0.1055,1.5,2,1550196157348,15377224,264
2019-02-15 04:51:35.515,1.5,buy,3579.69,BTC-29MAR19-3750-P,56.0,0.1065,1.5,0,1550206295515,15379930,266
2019-02-15 04:51:35.515,0.8,buy,3579.69,BTC-29MAR19-3750-P,55.63,0.106,0.8,0,1550206295515,15379929,265
2019-02-15 04:51:35.515,2.7,buy,3579.69,BTC-29MAR19-3750-P,56.37,0.107,2.7,0,1550206295515,15379931,267
2019-02-15 04:52:15.868,0.8,buy,3578.89,BTC-29MAR19-3750-P,56.61,0.1075,0.8,0,1550206335868,15379943,268
2019-02-15 04:52:15.868,1.5,buy,3578.89,BTC-29MAR19-3750-P,56.99,0.108,1.5,0,1550206335868,15379944,269
2019-02-15 04:52:15.868,2.7,buy,3578.89,BTC-29MAR19-3750-P,56.99,0.108,2.7,1,1550206335868,15379945,270
2019-02-15 05:04:19.401,5.0,sell,3580.43,BTC-29MAR19-3750-P,53.07,0.1025,5.0,2,1550207059401,15380164,271
2019-02-15 05:04:39.337,0.1,sell,3580.06,BTC-29MAR19-3750-P,52.7,0.102,0.1,2,1550207079337,15380185,272
2019-02-15 05:04:39.337,4.9,sell,3580.06,BTC-29MAR19-3750-P,52.7,0.102,4.9,3,1550207079337,15380186,273
2019-02-15 06:23:13.482,3.2,sell,3577.64,BTC-29MAR19-3750-P,53.99,0.1045,3.2,0,1550211793482,15380867,274
2019-02-15 06:26:21.996,0.1,buy,3578.91,BTC-29MAR19-3750-P,54.35,0.1045,0.1,1,1550211981996,15380912,275
2019-02-15 07:05:19.345,0.1,buy,3572.49,BTC-29MAR19-3750-P,53.89,0.1045,0.1,1,1550214319345,15381737,276
2019-02-15 16:57:03.978,0.1,buy,3560.54,BTC-29MAR19-3750-P,53.33,0.1065,0.1,0,1550249823978,15400285,277
2019-02-16 06:34:39.247,0.1,buy,3584.52,BTC-29MAR19-3750-P,56.38,0.104,0.1,2,1550298879247,15409658,278
2019-02-17 08:31:54.214,0.1,buy,3596.03,BTC-29MAR19-3750-P,55.87,0.0995,0.1,2,1550392314214,15429271,279
2019-02-17 09:46:48.716,1.0,buy,3598.56,BTC-29MAR19-3750-P,55.99,0.0995,1.0,3,1550396808716,15429592,280
2019-02-17 10:25:58.866,0.1,sell,3610.86,BTC-29MAR19-3750-P,55.91,0.0965,0.1,2,1550399158866,15430614,281
2019-02-17 11:02:00.094,0.3,buy,3591.65,BTC-29MAR19-3750-P,55.97,0.101,0.3,0,1550401320094,15442439,282
2019-02-17 11:04:36.538,0.3,buy,3592.09,BTC-29MAR19-3750-P,56.2,0.101,0.3,1,1550401476538,15442540,283
2019-02-17 11:22:48.297,0.1,sell,3593.87,BTC-29MAR19-3750-P,53.28,0.0965,0.1,2,1550402568297,15442917,284
2019-02-17 11:44:42.538,0.3,buy,3585.41,BTC-29MAR19-3750-P,56.35,0.1025,0.3,0,1550403882538,15443257,285
2019-02-17 11:45:26.059,0.4,buy,3585.07,BTC-29MAR19-3750-P,56.36,0.1025,0.4,1,1550403926059,15443292,286
2019-02-17 16:19:02.965,3.2,buy,3569.16,BTC-29MAR19-3750-P,55.49,0.104,3.2,0,1550420342965,15450038,287
2019-02-17 16:26:55.138,1.0,sell,3572.16,BTC-29MAR19-3750-P,55.71,0.104,1.0,1,1550420815138,15450133,288
2019-02-18 03:09:45.401,0.5,buy,3686.84,BTC-29MAR19-3750-P,53.68,0.08,0.5,2,1550459385401,15486522,289
2019-02-18 04:18:42.241,4.0,buy,3670.36,BTC-29MAR19-3750-P,53.67,0.083,4.0,0,1550463522241,15490429,290
2019-02-18 07:21:17.532,1.0,sell,3713.95,BTC-29MAR19-3750-P,54.97,0.0775,1.0,2,1550474477532,15500108,291
2019-02-18 07:43:04.780,0.5,sell,3699.25,BTC-29MAR19-3750-P,53.97,0.0785,0.5,0,1550475784780,15503792,292
2019-02-18 07:44:29.224,0.5,sell,3699.68,BTC-29MAR19-3750-P,54.22,0.0785,0.5,1,1550475869224,15503810,293
2019-02-18 07:51:33.470,1.0,buy,3694.6,BTC-29MAR19-3750-P,56.05,0.08199999999999999,1.0,0,1550476293470,15504159,294
2019-02-18 08:18:58.185,4.6000000000000005,buy,3689.99,BTC-29MAR19-3750-P,55.96,0.0825,4.6000000000000005,0,1550477938185,15505126,295
2019-02-18 08:18:58.185,0.4,buy,3689.99,BTC-29MAR19-3750-P,56.34,0.083,0.4,0,1550477938185,15505127,296
2019-02-18 08:23:34.797,3.0,sell,3692.18,BTC-29MAR19-3750-P,54.11,0.0795,3.0,2,1550478214797,15505298,297
2019-02-18 08:23:49.750,1.0,sell,3692.79,BTC-29MAR19-3750-P,52.26,0.077,1.0,2,1550478229750,15505341,298
2019-02-18 08:40:04.976,0.5,buy,3699.67,BTC-29MAR19-3750-P,55.91,0.081,0.5,0,1550479204976,15505784,299
2019-02-18 08:47:42.184,2.5,sell,3710.07,BTC-29MAR19-3750-P,55.72,0.079,2.5,2,1550479662184,15506130,300
2019-02-18 11:34:37.055,1.0,sell,3694.0,BTC-29MAR19-3750-P,53.91,0.079,1.0,3,1550489677055,15511746,301
2019-02-18 11:35:09.018,2.0,buy,3694.01,BTC-29MAR19-3750-P,53.94,0.079,2.0,3,1550489709018,15511761,302
2019-02-18 12:48:16.863,1.0,sell,3722.4,BTC-29MAR19-3750-P,56.14,0.0775,1.0,2,1550494096863,15517273,303
2019-02-18 13:00:39.262,5.0,sell,3733.83,BTC-29MAR19-3750-P,52.99,0.07200000000000001,5.0,2,1550494839262,15520309,304
2019-02-18 13:01:08.096,5.0,buy,3730.48,BTC-29MAR19-3750-P,53.23,0.0725,5.0,0,1550494868096,15520386,305
2019-02-18 13:23:40.678,5.6000000000000005,buy,3755.5,BTC-29MAR19-3750-P,53.39,0.0695,5.6000000000000005,2,1550496220678,15524096,306
2019-02-18 13:23:42.754,4.4,buy,3755.41,BTC-29MAR19-3750-P,53.37,0.0695,4.4,3,1550496222754,15524155,307
2019-02-18 13:51:05.140,1.0,sell,3805.09,BTC-29MAR19-3750-P,55.71,0.066,1.0,2,1550497865140,15532816,308
2019-02-18 13:55:02.888,0.3,sell,3811.07,BTC-29MAR19-3750-P,53.96,0.063,0.3,2,1550498102888,15534162,309
2019-02-18 14:29:36.908,0.3,buy,3816.09,BTC-29MAR19-3750-P,54.65,0.0625,0.3,2,1550500176908,15541261,310
2019-02-18 14:29:59.619,1.0,buy,3814.1,BTC-29MAR19-3750-P,55.29,0.0635,1.0,0,1550500199619,15541294,311
2019-02-18 14:56:39.837,0.7000000000000001,buy,3800.96,BTC-29MAR19-3750-P,55.98,0.066,0.7000000000000001,0,1550501799837,15543599,312
2019-02-18 14:57:04.088,1.0,sell,3799.83,BTC-29MAR19-3750-P,53.5,0.063,1.0,2,1550501824088,15543610,313
2019-02-18 14:57:11.938,1.0,sell,3799.81,BTC-29MAR19-3750-P,53.88,0.0635,1.0,0,1550501831938,15543618,314
2019-02-18 16:01:37.655,1.6,sell,3811.14,BTC-29MAR19-3750-P,55.3,0.064,1.6,0,1550505697655,15547346,315
2019-02-18 16:06:58.621,2.5,buy,3825.84,BTC-29MAR19-3750-P,55.2,0.062,2.5,2,1550506018621,15548399,316
2019-02-18 16:07:23.763,0.5,sell,3827.05,BTC-29MAR19-3750-P,55.37,0.062,0.5,3,1550506043763,15548434,317
2019-02-18 16:35:08.273,1.0,sell,3911.58,BTC-29MAR19-3750-P,54.22,0.05,1.0,2,1550507708273,15557080,318
2019-02-18 16:38:08.131,0.3,buy,3891.59,BTC-29MAR19-3750-P,54.79,0.053,0.3,0,1550507888131,15558447,319
2019-02-18 16:38:08.131,0.7000000000000001,buy,3891.59,BTC-29MAR19-3750-P,54.79,0.053,0.7000000000000001,1,1550507888131,15558448,320
2019-02-18 16:52:59.504,0.4,buy,3870.32,BTC-29MAR19-3750-P,54.84,0.0555,0.4,0,1550508779504,15563944,321
2019-02-18 18:23:10.324,0.3,sell,3889.62,BTC-29MAR19-3750-P,56.54,0.056,0.3,1,1550514190324,15572905,323
2019-02-18 18:23:10.324,2.4,sell,3889.62,BTC-29MAR19-3750-P,56.54,0.056,2.4,1,1550514190324,15572906,324
2019-02-18 18:23:10.324,0.3,sell,3889.62,BTC-29MAR19-3750-P,56.54,0.056,0.3,0,1550514190324,15572904,322
2019-02-18 19:09:11.246,0.3,buy,3884.94,BTC-29MAR19-3750-P,57.44,0.0575,0.3,0,1550516951246,15574475,325
2019-02-18 20:13:37.777,1.0,sell,3863.16,BTC-29MAR19-3750-P,55.66,0.0575,1.0,1,1550520817777,15578317,326
2019-02-18 22:10:55.547,0.2,buy,3846.66,BTC-29MAR19-3750-P,56.53,0.0605,0.2,0,1550527855547,15583239,327
2019-02-18 22:11:05.858,0.2,buy,3846.85,BTC-29MAR19-3750-P,56.98,0.061,0.2,0,1550527865858,15583240,328
2019-02-18 22:11:24.183,0.1,buy,3847.02,BTC-29MAR19-3750-P,57.55,0.0615,0.1,0,1550527884183,15583248,329
2019-02-18 22:12:17.637,0.3,buy,3850.1,BTC-29MAR19-3750-P,58.34,0.062,0.3,0,1550527937637,15583272,330
2019-02-18 22:12:17.637,1.3,buy,3850.1,BTC-29MAR19-3750-P,59.13,0.063,1.3,0,1550527937637,15583274,332
2019-02-18 22:12:17.637,3.4,buy,3850.1,BTC-29MAR19-3750-P,58.73,0.0625,3.4,0,1550527937637,15583273,331
2019-02-18 22:17:56.265,1.0,sell,3857.04,BTC-29MAR19-3750-P,56.8,0.0595,1.0,2,1550528276265,15583767,333
2019-02-18 22:34:49.543,0.1,sell,3849.57,BTC-29MAR19-3750-P,56.8,0.0595,0.1,3,1550529289543,15584521,334
2019-02-18 22:41:07.690,0.1,buy,3851.09,BTC-29MAR19-3750-P,56.71,0.0595,0.1,3,1550529667690,15584721,335
2019-02-18 23:02:48.582,0.2,sell,3869.77,BTC-29MAR19-3750-P,57.45,0.0585,0.2,2,1550530968582,15585141,336
2019-02-18 23:21:26.425,0.1,buy,3867.54,BTC-29MAR19-3750-P,59.33,0.0615,0.1,0,1550532086425,15585956,337
2019-02-19 00:20:26.066,0.3,sell,3902.26,BTC-29MAR19-3750-P,58.72,0.056,0.3,3,1550535626066,15589623,339
2019-02-19 00:20:26.066,4.4,sell,3902.26,BTC-29MAR19-3750-P,58.32,0.0555,4.4,2,1550535626066,15589624,340
2019-02-19 00:20:26.066,0.3,sell,3902.26,BTC-29MAR19-3750-P,58.72,0.056,0.3,2,1550535626066,15589622,338
2019-02-19 00:22:54.399,4.4,buy,3901.01,BTC-29MAR19-3750-P,60.16,0.0575,4.4,0,1550535774399,15589936,343
2019-02-19 00:22:54.399,0.3,buy,3901.01,BTC-29MAR19-3750-P,59.75,0.057,0.3,0,1550535774399,15589934,341
2019-02-19 00:22:54.399,0.3,buy,3901.01,BTC-29MAR19-3750-P,59.75,0.057,0.3,1,1550535774399,15589935,342
2019-02-19 00:24:05.457,0.3,sell,3887.86,BTC-29MAR19-3750-P,58.93,0.0575,0.3,1,1550535845457,15590208,344
2019-02-19 00:24:05.457,0.4,sell,3887.86,BTC-29MAR19-3750-P,58.52,0.057,0.4,2,1550535845457,15590210,346
2019-02-19 00:24:05.457,0.3,sell,3887.86,BTC-29MAR19-3750-P,58.93,0.0575,0.3,1,1550535845457,15590209,345
2019-02-19 00:24:46.664,1.0,sell,3893.78,BTC-29MAR19-3750-P,58.51,0.0565,1.0,2,1550535886664,15590274,347
2019-02-19 00:25:18.426,3.0,sell,3893.36,BTC-29MAR19-3750-P,58.59,0.0565,3.0,3,1550535918426,15590327,348
2019-02-19 00:29:43.996,4.0,sell,3899.52,BTC-29MAR19-3750-P,58.26,0.0555,4.0,2,1550536183996,15590659,349
2019-02-19 00:38:25.371,1.0,sell,3928.21,BTC-29MAR19-3750-P,60.92,0.0555,1.0,3,1550536705371,15592059,350
2019-02-19 01:02:14.050,0.3,buy,3911.12,BTC-29MAR19-3750-P,61.11,0.0575,0.3,0,1550538134050,15597512,351
2019-02-19 01:02:14.050,0.3,buy,3911.12,BTC-29MAR19-3750-P,61.11,0.0575,0.3,1,1550538134050,15597513,352
2019-02-19 03:01:29.387,1.0,buy,3856.14,BTC-29MAR19-3750-P,62.68,0.0655,1.0,0,1550545289387,15606345,353
2019-02-19 03:14:21.200,0.1,sell,3863.25,BTC-29MAR19-3750-P,61.3,0.0625,0.1,2,1550546061200,15606822,354
2019-02-19 03:50:38.214,2.0,buy,3866.65,BTC-29MAR19-3750-P,63.17,0.065,2.0,0,1550548238214,15607409,355
2019-02-19 13:47:32.777,0.5,sell,3938.45,BTC-29MAR19-3750-P,60.87,0.053,0.5,2,1550584052777,15631743,356
2019-02-19 14:24:13.955,2.0,buy,3929.56,BTC-29MAR19-3750-P,62.7,0.0565,2.0,0,1550586253955,15641861,358
2019-02-19 14:24:13.955,0.1,buy,3929.56,BTC-29MAR19-3750-P,62.29,0.056,0.1,0,1550586253955,15641860,357
2019-02-19 14:24:19.131,0.3,sell,3929.97,BTC-29MAR19-3750-P,59.84,0.053,0.3,2,1550586259131,15641871,359
2019-02-19 14:24:19.131,3.6,sell,3929.97,BTC-29MAR19-3750-P,59.42,0.0525,3.6,2,1550586259131,15641873,361
2019-02-19 14:24:19.131,0.3,sell,3929.97,BTC-29MAR19-3750-P,59.84,0.053,0.3,3,1550586259131,15641872,360
2019-02-19 15:36:54.291,1.0,sell,3937.54,BTC-29MAR19-3750-P,58.41,0.051,1.0,2,1550590614291,15649633,362
2019-02-19 17:08:03.897,5.0,sell,3939.93,BTC-29MAR19-3750-P,59.87,0.0525,5.0,0,1550596083897,15655507,363
2019-02-19 17:08:03.897,2.5,sell,3939.93,BTC-29MAR19-3750-P,59.04,0.0515,2.5,2,1550596083897,15655508,364
2019-02-19 20:21:30.495,0.2,buy,3939.5,BTC-29MAR19-3750-P,60.77,0.0535,0.2,0,1550607690495,15660975,365
2019-02-19 20:45:30.116,0.3,buy,3935.28,BTC-29MAR19-3750-P,60.46,0.0535,0.3,1,1550609130116,15661333,367
2019-02-19 20:45:30.116,0.1,buy,3935.28,BTC-29MAR19-3750-P,60.46,0.0535,0.1,1,1550609130116,15661332,366
2019-02-19 20:45:30.116,0.6,buy,3935.28,BTC-29MAR19-3750-P,60.87,0.054000000000000006,0.6,0,1550609130116,15661334,368
2019-02-19 21:09:00.173,9.7,sell,3935.66,BTC-29MAR19-3750-P,58.45,0.051,9.7,2,1550610540173,15661734,370
2019-02-19 21:09:00.173,0.3,sell,3935.66,BTC-29MAR19-3750-P,58.86,0.0515,0.3,2,1550610540173,15661733,369
2019-02-19 21:54:05.010,1.0,buy,3897.49,BTC-29MAR19-3750-P,58.55,0.055,1.0,0,1550613245010,15663902,371
2019-02-19 22:04:52.139,0.7000000000000001,sell,3896.14,BTC-29MAR19-3750-P,58.31,0.0545,0.7000000000000001,2,1550613892139,15665604,373
2019-02-19 22:04:52.139,0.3,sell,3896.14,BTC-29MAR19-3750-P,58.73,0.055,0.3,1,1550613892139,15665603,372
2019-02-19 22:09:05.515,0.3,buy,3902.02,BTC-29MAR19-3750-P,60.68,0.057,0.3,0,1550614145515,15665762,374
2019-02-19 22:09:05.515,0.3,buy,3902.02,BTC-29MAR19-3750-P,60.68,0.057,0.3,1,1550614145515,15665763,375
2019-02-20 10:28:00.845,0.1,sell,3940.84,BTC-29MAR19-3750-P,58.02,0.0485,0.1,2,1550658480845,15686605,376
2019-02-20 12:02:12.427,0.1,sell,3926.38,BTC-29MAR19-3750-P,58.18,0.05,0.1,0,1550664132427,15691330,377
2019-02-20 12:14:38.584,0.1,buy,3922.97,BTC-29MAR19-3750-P,57.8,0.05,0.1,1,1550664878584,15691500,378
2019-02-20 12:18:02.034,0.8,buy,3923.17,BTC-29MAR19-3750-P,57.85,0.05,0.8,1,1550665082034,15691551,379
2019-02-20 12:31:45.723,0.1,sell,3928.9,BTC-29MAR19-3750-P,57.8,0.0495,0.1,2,1550665905723,15691877,380
2019-02-20 12:32:50.329,30.0,sell,3931.42,BTC-29MAR19-3750-P,57.52,0.049,30.0,2,1550665970329,15691942,381
2019-02-20 13:02:36.649,2.0,sell,3953.79,BTC-29MAR19-3750-P,59.19,0.049,2.0,3,1550667756649,15693844,382
2019-02-20 15:40:06.820,3.0,buy,3908.58,BTC-29MAR19-3750-P,56.77,0.0515,3.0,0,1550677206820,15703792,383
2019-02-20 15:42:38.123,0.3,buy,3908.76,BTC-29MAR19-3750-P,58.54,0.0535,0.3,0,1550677358123,15703910,384
2019-02-20 19:11:40.044,5.0,buy,3916.85,BTC-29MAR19-3750-P,59.16,0.053,5.0,2,1550689900044,15708722,385
2019-02-20 19:14:04.966,5.0,buy,3915.04,BTC-29MAR19-3750-P,59.83,0.054000000000000006,5.0,1,1550690044966,15708757,387
2019-02-20 19:14:04.966,0.6,buy,3915.04,BTC-29MAR19-3750-P,59.83,0.054000000000000006,0.6,0,1550690044966,15708756,386
2019-02-20 19:25:53.897,0.6,sell,3919.12,BTC-29MAR19-3750-P,57.94,0.0515,0.6,2,1550690753897,15708988,388
2019-02-20 19:25:53.897,50.0,sell,3919.12,BTC-29MAR19-3750-P,57.52,0.051,50.0,2,1550690753897,15708989,389
2019-02-20 19:58:15.396,2.0,sell,3924.0,BTC-29MAR19-3750-P,54.94,0.047,2.0,2,1550692695396,15709449,392
2019-02-20 19:58:15.396,5.0,sell,3924.0,BTC-29MAR19-3750-P,55.78,0.048,5.0,2,1550692695396,15709448,391
2019-02-20 19:58:15.396,4.6000000000000005,sell,3924.0,BTC-29MAR19-3750-P,57.05,0.0495,4.6000000000000005,2,1550692695396,15709447,390
2019-02-20 19:58:15.406,6.2,buy,3924.0,BTC-29MAR19-3750-P,48.99,0.04,6.2,2,1550692695406,15709450,393
2019-02-20 19:58:21.563,0.6,buy,3924.21,BTC-29MAR19-3750-P,51.59,0.043,0.6,0,1550692701563,15709512,394
2019-02-20 19:58:21.563,4.1,buy,3924.21,BTC-29MAR19-3750-P,52.01,0.0435,4.1,0,1550692701563,15709513,395
2019-02-20 21:00:47.997,0.3,buy,3934.82,BTC-29MAR19-3750-P,60.25,0.052000000000000005,0.3,0,1550696447997,15711451,396
2019-02-20 22:39:29.663,0.6,sell,3932.03,BTC-29MAR19-3750-P,56.6,0.048,0.6,3,1550702369663,15713198,398
2019-02-20 22:39:29.663,0.6,sell,3932.03,BTC-29MAR19-3750-P,56.6,0.048,0.6,2,1550702369663,15713197,397
2019-02-20 22:39:29.976,2.0,buy,3932.03,BTC-29MAR19-3750-P,56.6,0.048,2.0,3,1550702369976,15713199,399
2019-02-20 22:39:31.196,2.0,buy,3932.03,BTC-29MAR19-3750-P,56.61,0.048,2.0,3,1550702371196,15713200,400
2019-02-20 22:39:31.879,2.0,buy,3932.08,BTC-29MAR19-3750-P,56.61,0.048,2.0,3,1550702371879,15713201,401
2019-02-20 22:41:12.894,2.0,sell,3929.27,BTC-29MAR19-3750-P,56.22,0.0475,2.0,2,1550702472894,15713208,402
2019-02-20 22:41:12.897,0.8,buy,3929.27,BTC-29MAR19-3750-P,56.22,0.0475,0.8,3,1550702472897,15713209,403
2019-02-21 00:04:20.003,0.6,buy,3933.91,BTC-29MAR19-3750-P,60.38,0.052000000000000005,0.6,0,1550707460003,15715805,404
2019-02-21 00:04:20.003,0.4,buy,3933.91,BTC-29MAR19-3750-P,60.81,0.0525,0.4,0,1550707460003,15715806,405
2019-02-21 00:12:22.692,1.0,buy,3920.89,BTC-29MAR19-3750-P,61.06,0.0545,1.0,0,1550707942692,15716644,406
2019-02-21 00:12:27.005,0.4,buy,3920.48,BTC-29MAR19-3750-P,61.07,0.0545,0.4,1,1550707947005,15716648,408
2019-02-21 00:12:27.005,0.6,buy,3920.48,BTC-29MAR19-3750-P,61.07,0.0545,0.6,1,1550707947005,15716647,407
2019-02-21 00:38:45.918,5.0,buy,3924.35,BTC-29MAR19-3750-P,60.92,0.054000000000000006,5.0,2,1550709525918,15717046,409
2019-02-21 02:37:29.463,6.0,buy,3920.39,BTC-29MAR19-3750-P,60.33,0.0535,6.0,2,1550716649463,15718651,410
2019-02-21 06:05:20.340,0.1,buy,3926.8,BTC-29MAR19-3750-P,57.97,0.05,0.1,2,1550729120340,15728082,411
2019-02-21 06:52:29.153,1.0,buy,3926.41,BTC-29MAR19-3750-P,60.16,0.0525,1.0,0,1550731949153,15730568,412
2019-02-21 08:06:28.688,0.4,sell,3930.45,BTC-29MAR19-3750-P,57.75,0.049,0.4,2,1550736388688,15731343,413
2019-02-21 08:06:28.691,2.6,buy,3930.45,BTC-29MAR19-3750-P,57.75,0.049,2.6,3,1550736388691,15731344,414
2019-02-21 08:55:09.690,0.2,sell,3916.96,BTC-29MAR19-3750-P,57.08,0.05,0.2,0,1550739309690,15732896,415
2019-02-21 09:04:30.976,0.5,sell,3891.96,BTC-29MAR19-3750-P,58.83,0.054000000000000006,0.5,0,1550739870976,15735021,416
2019-02-21 09:40:47.916,6.0,buy,3906.81,BTC-29MAR19-3750-P,58.91,0.053,6.0,2,1550742047916,15736636,417
2019-02-21 09:42:36.971,7.0,buy,3905.06,BTC-29MAR19-3750-P,59.62,0.054000000000000006,7.0,0,1550742156971,15736883,418
2019-02-21 11:25:52.907,3.0,buy,3880.65,BTC-29MAR19-3750-P,59.12,0.055,3.0,0,1550748352907,15741032,419
2019-02-21 17:14:33.496,0.3,buy,3891.46,BTC-29MAR19-3750-P,57.89,0.052000000000000005,0.3,0,1550769273496,15747346,421
2019-02-21 17:14:33.496,1.5,buy,3891.46,BTC-29MAR19-3750-P,57.89,0.052000000000000005,1.5,1,1550769273496,15747347,422
2019-02-21 17:14:33.496,0.2,buy,3891.46,BTC-29MAR19-3750-P,57.46,0.0515,0.2,2,1550769273496,15747345,420
2019-02-21 22:37:21.911,0.6,buy,3889.79,BTC-29MAR19-3750-P,57.82,0.052000000000000005,0.6,1,1550788641911,15750683,423
2019-02-22 02:12:22.425,3.4,buy,3916.32,BTC-29MAR19-3750-P,59.1,0.0505,3.4,2,1550801542425,15753859,424
2019-02-22 02:19:00.746,1.4,buy,3914.65,BTC-29MAR19-3750-P,58.09,0.0495,1.4,2,1550801940746,15753941,425
2019-02-22 11:21:54.237,0.6,sell,3925.57,BTC-29MAR19-3750-P,58.34,0.048,0.6,2,1550834514237,15767664,426
2019-02-22 11:47:37.481,0.3,sell,3924.41,BTC-29MAR19-3750-P,57.73,0.0475,0.3,2,1550836057481,15768386,427
2019-02-22 12:50:02.656,1.0,sell,3935.97,BTC-29MAR19-3750-P,57.03,0.045,1.0,2,1550839802656,15772014,428
2019-02-22 13:17:51.734,1.0,sell,3936.94,BTC-29MAR19-3750-P,57.03,0.045,1.0,3,1550841471734,15773168,429
2019-02-22 14:13:21.614,2.0,buy,3938.97,BTC-29MAR19-3750-P,59.28,0.047,2.0,0,1550844801614,15776695,430
2019-02-22 17:09:06.141,0.4,sell,3929.5,BTC-29MAR19-3750-P,59.97,0.0495,0.4,0,1550855346141,15784522,431
2019-02-22 17:16:24.954,4.7,buy,3929.11,BTC-29MAR19-3750-P,60.39,0.05,4.7,0,1550855784954,15784563,432
2019-02-22 17:16:24.967,4.9,sell,3929.11,BTC-29MAR19-3750-P,60.39,0.05,4.9,1,1550855784967,15784564,433
2019-02-22 18:03:52.872,5.0,sell,3942.74,BTC-29MAR19-3750-P,58.79,0.047,5.0,2,1550858632872,15785453,434
2019-02-22 20:29:47.734,8.0,buy,3934.86,BTC-29MAR19-3750-P,60.13,0.0495,8.0,0,1550867387734,15787266,435
2019-02-22 21:20:17.743,8.0,sell,3935.61,BTC-29MAR19-3750-P,58.12,0.047,8.0,2,1550870417743,15787680,436
2019-02-22 22:33:50.970,0.1,sell,3945.82,BTC-29MAR19-3750-P,57.91,0.0455,0.1,2,1550874830970,15788459,437
2019-02-23 03:56:02.926,5.0,buy,3941.61,BTC-29MAR19-3750-P,59.34,0.048,5.0,0,1550894162926,15793360,438
2019-02-23 04:01:00.285,7.0,sell,3943.13,BTC-29MAR19-3750-P,59.13,0.0475,7.0,2,1550894460285,15793414,439
2019-02-23 08:33:42.686,1.0,buy,3926.33,BTC-29MAR19-3750-P,62.1,0.0525,1.0,0,1550910822686,15797704,440
2019-02-23 13:30:08.450,0.1,buy,3929.02,BTC-29MAR19-3750-P,62.81,0.053,0.1,0,1550928608450,15803291,441
2019-02-23 13:31:50.576,0.9,buy,3930.08,BTC-29MAR19-3750-P,63.81,0.054000000000000006,0.9,0,1550928710576,15803320,442
2019-02-23 17:06:26.219,1.0,sell,3974.91,BTC-29MAR19-3750-P,62.43,0.0485,1.0,2,1550941586219,15809824,443
2019-02-23 17:51:55.522,2.0,sell,4074.44,BTC-29MAR19-3750-P,61.49,0.0385,2.0,2,1550944315522,15827400,444
2019-02-23 17:58:39.503,4.4,sell,4087.99,BTC-29MAR19-3750-P,61.81,0.0375,4.4,2,1550944719503,15829532,445
2019-02-23 17:58:39.503,0.6,sell,4087.99,BTC-29MAR19-3750-P,61.33,0.037000000000000005,0.6,2,1550944719503,15829533,446
2019-02-23 18:15:51.334,4.6000000000000005,sell,4100.78,BTC-29MAR19-3750-P,60.96,0.035,4.6000000000000005,2,1550945751334,15835589,448
2019-02-23 18:15:51.334,4.4,sell,4100.78,BTC-29MAR19-3750-P,61.45,0.0355,4.4,2,1550945751334,15835588,447
2019-02-23 18:17:41.414,7.0,sell,4098.76,BTC-29MAR19-3750-P,61.69,0.036000000000000004,7.0,0,1550945861414,15835843,449
2019-02-23 19:00:45.398,0.1,sell,4092.39,BTC-29MAR19-3750-P,60.81,0.036000000000000004,0.1,1,1550948445398,15838976,450
2019-02-23 19:35:07.918,3.0,buy,4109.39,BTC-29MAR19-3750-P,63.32,0.0375,3.0,0,1550950507918,15842100,451
2019-02-23 19:40:49.442,1.4,sell,4104.52,BTC-29MAR19-3750-P,60.1,0.0345,1.4,2,1550950849442,15842541,452
2019-02-23 19:41:31.998,0.4,sell,4101.2,BTC-29MAR19-3750-P,59.6,0.0345,0.4,3,1550950891998,15842617,453
2019-02-23 19:54:13.575,50.0,sell,4103.7,BTC-29MAR19-3750-P,60.42,0.0345,50.0,3,1550951653575,15843128,454
2019-02-23 20:18:55.487,4.0,sell,4122.83,BTC-29MAR19-3750-P,60.67,0.034,4.0,2,1550953135487,15843891,455
2019-02-23 20:50:41.046,3.0,buy,4132.23,BTC-29MAR19-3750-P,61.9,0.034,3.0,3,1550955041046,15847900,456
2019-02-23 20:50:50.072,3.0,buy,4129.51,BTC-29MAR19-3750-P,61.72,0.034,3.0,3,1550955050072,15847986,457
2019-02-23 20:55:30.646,0.4,buy,4134.13,BTC-29MAR19-3750-P,62.32,0.0345,0.4,0,1550955330646,15848576,458
2019-02-23 20:56:15.935,1.8,buy,4131.8,BTC-29MAR19-3750-P,62.21,0.0345,1.8,1,1550955375935,15848593,459
2019-02-23 21:14:45.185,1.8,buy,4115.43,BTC-29MAR19-3750-P,61.28,0.0345,1.8,1,1550956485185,15849626,460
2019-02-23 21:25:27.120,5.0,sell,4118.82,BTC-29MAR19-3750-P,61.18,0.034,5.0,2,1550957127120,15850173,461
2019-02-23 23:04:31.127,0.2,buy,4114.31,BTC-29MAR19-3750-P,62.55,0.0355,0.2,0,1550963071127,15853121,462
2019-02-24 00:58:22.292,3.0,buy,4126.55,BTC-29MAR19-3750-P,62.72,0.035,3.0,2,1550969902292,15856071,463
2019-02-24 01:11:55.585,1.0,sell,4131.25,BTC-29MAR19-3750-P,61.05,0.033,1.0,2,1550970715585,15856644,464
2019-02-24 01:11:55.585,4.0,sell,4131.25,BTC-29MAR19-3750-P,60.04,0.032,4.0,2,1550970715585,15856645,465
2019-02-24 01:17:58.277,1.4,buy,4121.38,BTC-29MAR19-3750-P,62.3,0.035,1.4,0,1550971078277,15856836,466
2019-02-24 03:24:15.964,2.0,buy,4175.06,BTC-29MAR19-3750-P,63.46,0.0325,2.0,2,1550978655964,15863049,467
2019-02-24 04:00:14.254,4.0,buy,4161.84,BTC-29MAR19-3750-P,63.57,0.0335,4.0,0,1550980814254,15865727,468
2019-02-24 05:18:53.668,1.0,sell,4153.41,BTC-29MAR19-3750-P,60.14,0.0305,1.0,2,1550985533668,15868802,469
2019-02-24 07:31:44.761,14.9,buy,4150.1,BTC-29MAR19-3750-P,62.0,0.0325,14.9,0,1550993504761,15871544,470
2019-02-24 07:33:58.824,5.0,sell,4152.84,BTC-29MAR19-3750-P,62.19,0.0325,5.0,1,1550993638824,15871632,471
2019-02-24 07:34:08.311,0.6,sell,4154.51,BTC-29MAR19-3750-P,62.32,0.0325,0.6,1,1550993648311,15871650,472
2019-02-24 07:48:44.654,0.5,sell,4156.64,BTC-29MAR19-3750-P,62.56,0.0325,0.5,1,1550994524654,15871861,473
2019-02-24 07:48:44.812,9.3,sell,4156.64,BTC-29MAR19-3750-P,62.56,0.0325,9.3,1,1550994524812,15871862,474
2019-02-24 08:37:17.865,1.0,sell,4155.47,BTC-29MAR19-3750-P,59.97,0.03,1.0,2,1550997437865,15872250,475
2019-02-24 09:30:53.808,2.0,buy,4131.87,BTC-29MAR19-3750-P,64.22,0.0355,2.0,0,1551000653808,15874375,476
2019-02-24 09:30:53.808,6.0,buy,4131.87,BTC-29MAR19-3750-P,64.22,0.0355,6.0,1,1551000653808,15874376,477
2019-02-24 09:48:25.398,0.3,buy,4129.5,BTC-29MAR19-3750-P,64.28,0.0355,0.3,1,1551001705398,15875333,478
2019-02-24 09:48:43.883,0.1,buy,4130.22,BTC-29MAR19-3750-P,64.3,0.0355,0.1,1,1551001723883,15875334,479
2019-02-24 09:56:04.498,1.0,sell,4130.84,BTC-29MAR19-3750-P,59.67,0.031,1.0,2,1551002164498,15875447,480
2019-02-24 11:37:24.034,8.0,sell,4137.4,BTC-29MAR19-3750-P,59.62,0.0305,8.0,2,1551008244034,15877546,481
2019-02-24 11:38:17.092,2.0,buy,4136.98,BTC-29MAR19-3750-P,64.22,0.035,2.0,0,1551008297092,15877560,482
2019-02-24 13:35:33.396,3.0,buy,4102.68,BTC-29MAR19-3750-P,64.06,0.0365,3.0,0,1551015333396,15882369,483
2019-02-24 14:11:10.412,0.1,buy,4005.4,BTC-29MAR19-3750-P,60.56,0.0415,0.1,0,1551017470412,15890874,484
2019-02-24 14:15:53.694,0.6,buy,3764.95,BTC-29MAR19-3750-P,61.02,0.0775,0.6,0,1551017753694,15900376,485
2019-02-24 14:15:54.262,0.4,sell,3764.95,BTC-29MAR19-3750-P,62.27,0.079,0.4,0,1551017754262,15900425,486
2019-02-24 14:16:09.641,1.0,buy,3759.6,BTC-29MAR19-3750-P,64.1,0.0835,1.0,0,1551017769641,15900835,487
2019-02-24 14:16:28.738,5.3,buy,3731.55,BTC-29MAR19-3750-P,58.64,0.08199999999999999,5.3,2,1551017788738,15901366,488
2019-02-24 14:16:31.550,1.0,sell,3735.29,BTC-29MAR19-3750-P,64.33,0.08800000000000001,1.0,0,1551017791550,15901440,489
2019-02-24 14:29:03.731,1.0,buy,3807.44,BTC-29MAR19-3750-P,62.69,0.0725,1.0,2,1551018543731,15914794,490
2019-02-24 14:30:29.797,0.3,buy,3788.06,BTC-29MAR19-3750-P,62.42,0.07400000000000001,0.3,0,1551018629797,15915817,491
2019-02-24 14:30:30.273,3.0,buy,3788.06,BTC-29MAR19-3750-P,62.42,0.07400000000000001,3.0,1,1551018630273,15915823,492
2019-02-24 14:44:22.821,0.6,sell,3816.98,BTC-29MAR19-3750-P,63.68,0.071,0.6,2,1551019462821,15923436,493
2019-02-24 14:44:25.430,4.5,sell,3817.21,BTC-29MAR19-3750-P,63.27,0.0705,4.5,2,1551019465430,15923451,494
2019-02-24 14:44:41.037,4.6000000000000005,sell,3817.44,BTC-29MAR19-3750-P,62.32,0.0695,4.6000000000000005,2,1551019481037,15923564,495
2019-02-24 16:05:46.031,0.6,buy,3771.88,BTC-29MAR19-3750-P,62.32,0.0755,0.6,0,1551024346031,15941868,496
2019-02-24 16:22:13.153,2.0,buy,3748.76,BTC-29MAR19-3750-P,59.42,0.075,2.0,2,1551025333153,15944362,497
2019-02-24 16:30:57.555,5.9,buy,3745.86,BTC-29MAR19-3750-P,63.1,0.079,5.9,0,1551025857555,15945675,498
2019-02-24 16:35:37.443,0.3,sell,3734.3,BTC-29MAR19-3750-P,61.88,0.079,0.3,1,1551026137443,15946949,499
2019-02-24 16:42:28.950,0.1,sell,3740.88,BTC-29MAR19-3750-P,62.12,0.0785,0.1,2,1551026548950,15948277,500
2019-02-24 18:46:03.594,5.0,sell,3775.48,BTC-29MAR19-3750-P,61.01,0.07200000000000001,5.0,2,1551033963594,15954377,501
2019-02-25 01:37:39.331,1.8,sell,3763.52,BTC-29MAR19-3750-P,60.12,0.0715,1.8,2,1551058659331,15970339,503
2019-02-25 01:37:39.331,0.2,sell,3763.52,BTC-29MAR19-3750-P,60.55,0.07200000000000001,0.2,3,1551058659331,15970338,502
2019-02-25 02:53:13.468,5.7,sell,3769.19,BTC-29MAR19-3750-P,61.53,0.0725,5.7,0,1551063193468,15971845,504
2019-02-25 02:53:27.874,0.3,buy,3769.12,BTC-29MAR19-3750-P,61.54,0.0725,0.3,1,1551063207874,15971847,505
2019-02-25 02:53:27.891,5.4,sell,3769.12,BTC-29MAR19-3750-P,61.97,0.073,5.4,0,1551063207891,15971848,506
2019-02-25 02:57:15.073,5.7,sell,3772.84,BTC-29MAR19-3750-P,61.86,0.0725,5.7,2,1551063435073,15971937,507
2019-02-25 03:07:42.726,1.0,buy,3772.02,BTC-29MAR19-3750-P,63.6,0.0745,1.0,0,1551064062726,15972888,508
2019-02-25 04:55:57.420,1.0,sell,3781.2,BTC-29MAR19-3750-P,61.12,0.0705,1.0,2,1551070557420,15974960,509
2019-02-25 09:33:16.258,0.1,sell,3779.27,BTC-29MAR19-3750-P,60.77,0.0695,0.1,2,1551087196258,15981653,510
2019-02-25 09:33:16.258,0.3,sell,3779.27,BTC-29MAR19-3750-P,60.77,0.0695,0.3,3,1551087196258,15981654,511
2019-02-25 12:03:48.729,2.0,sell,3779.41,BTC-29MAR19-3750-P,60.73,0.07,2.0,0,1551096228729,15986254,512
2019-02-25 12:03:50.591,2.0,sell,3779.41,BTC-29MAR19-3750-P,60.73,0.07,2.0,1,1551096230591,15986255,513
2019-02-25 12:03:54.295,0.9,sell,3779.41,BTC-29MAR19-3750-P,60.3,0.0695,0.9,3,1551096234295,15986264,515
2019-02-25 12:03:54.295,0.1,sell,3779.41,BTC-29MAR19-3750-P,60.3,0.0695,0.1,2,1551096234295,15986263,514
2019-02-25 12:08:08.521,5.9,sell,3779.68,BTC-29MAR19-3750-P,60.31,0.069,5.9,2,1551096488521,15986300,516
2019-02-25 12:11:58.848,5.9,sell,3779.8,BTC-29MAR19-3750-P,60.27,0.069,5.9,3,1551096718848,15986354,517
2019-02-25 12:13:25.311,1.1,sell,3780.05,BTC-29MAR19-3750-P,59.5,0.068,1.1,2,1551096805311,15986368,518
2019-02-25 12:18:37.537,3.8,sell,3792.12,BTC-29MAR19-3750-P,60.66,0.068,3.8,3,1551097117537,15986565,519
2019-02-25 12:19:48.529,4.7,sell,3799.26,BTC-29MAR19-3750-P,60.2,0.0665,4.7,2,1551097188529,15986802,520
2019-02-25 12:19:48.529,0.1,sell,3799.26,BTC-29MAR19-3750-P,60.2,0.0665,0.1,3,1551097188529,15986803,521
2019-02-25 12:19:48.529,6.1000000000000005,sell,3799.26,BTC-29MAR19-3750-P,59.77,0.066,6.1000000000000005,2,1551097188529,15986804,522
2019-02-25 12:27:27.602,4.8,sell,3788.9,BTC-29MAR19-3750-P,59.75,0.0675,4.8,0,1551097647602,15987309,523
2019-02-25 12:27:27.602,0.1,sell,3788.9,BTC-29MAR19-3750-P,59.75,0.0675,0.1,1,1551097647602,15987310,524
2019-02-25 12:27:27.602,5.1000000000000005,sell,3788.9,BTC-29MAR19-3750-P,59.75,0.0675,5.1000000000000005,1,1551097647602,15987311,525
2019-02-25 12:29:49.449,5.9,sell,3790.06,BTC-29MAR19-3750-P,59.77,0.0675,5.9,1,1551097789449,15987337,526
2019-02-25 12:56:45.842,6.0,sell,3787.34,BTC-29MAR19-3750-P,59.86,0.0675,6.0,1,1551099405842,15987964,527
