date_utc,amount,direction,indexPrice,instrument,iv,price,quantity,tickDirection,timeStamp,tradeId,tradeSeq
2019-02-15 02:02:37.348,0.1,sell,3569.66,BTC-29MAR19-3750-P,53.95,0.106,0.1,0,1550196157348,15377223,263
2019-02-15 02:02:37.348,1.5,sell,3569.66,BTC-29MAR19-3750-P,53.57,0.1055,1.5,2,1550196157348,15377224,264
2019-02-15 04:51:35.515,1.5,buy,3579.69,BTC-29MAR19-3750-P,56.0,0.1065,1.5,0,1550206295515,15379930,266
2019-02-15 04:51:35.515,0.8,buy,3579.69,BTC-29MAR19-3750-P,55.63,0.106,0.8,0,1550206295515,15379929,265
2019-02-15 04:51:35.515,2.7,buy,3579.69,BTC-29MAR19-3750-P,56.37,0.107,2.7,0,1550206295515,15379931,267
2019-02-15 04:52:15.868,0.8,buy,3578.89,BTC-29MAR19-3750-P,56.61,0.1075,0.8,0,1550206335868,15379943,268
2019-02-15 04:52:15.868,1.5,buy,3578.89,BTC-29MAR19-3750-P,56.99,0.10800000000000001,1.5,0,1550206335868,15379944,269
2019-02-15 04:52:15.868,2.7,buy,3578.89,BTC-29MAR19-3750-P,56.99,0.10800000000000001,2.7,1,1550206335868,15379945,270
2019-02-15 05:04:19.401,5.0,sell,3580.43,BTC-29MAR19-3750-P,53.07,0.1025,5.0,2,1550207059401,15380164,271
2019-02-15 05:04:39.337,0.1,sell,3580.06,BTC-29MAR19-3750-P,52.7,0.102,0.1,2,1550207079337,15380185,272
2019-02-15 05:04:39.337,4.9,sell,3580.06,BTC-29MAR19-3750-P,52.7,0.102,4.9,3,1550207079337,15380186,273
2019-02-15 06:23:13.482,3.2,sell,3577.64,BTC-29MAR19-3750-P,53.99,0.1045,3.2,0,1550211793482,15380867,274
2019-02-15 06:26:21.996,0.1,buy,3578.91,BTC-29MAR19-3750-P,54.35,0.1045,0.1,1,1550211981996,15380912,275
2019-02-15 07:05:19.345,0.1,buy,3572.49,BTC-29MAR19-3750-P,53.89,0.1045,0.1,1,1550214319345,15381737,276
2019-02-15 16:57:03.978,0.1,buy,3560.54,BTC-29MAR19-3750-P,53.33,0.1065,0.1,0,1550249823978,15400285,277
2019-02-16 06:34:39.247,0.1,buy,3584.52,BTC-29MAR19-3750-P,56.38,0.10400000000000001,0.1,2,1550298879247,15409658,278
2019-02-17 08:31:54.214,0.1,buy,3596.03,BTC-29MAR19-3750-P,55.87,0.0995,0.1,2,1550392314214,15429271,279
2019-02-17 09:46:48.716,1.0,buy,3598.56,BTC-29MAR19-3750-P,55.99,0.0995,1.0,3,1550396808716,15429592,280
2019-02-17 10:25:58.866,0.1,sell,3610.86,BTC-29MAR19-3750-P,55.91,0.0965,0.1,2,1550399158866,15430614,281
2019-02-17 11:02:00.094,0.3,buy,3591.65,BTC-29MAR19-3750-P,55.97,0.10099999999999999,0.3,0,1550401320094,15442439,282
2019-02-17 11:04:36.538,0.3,buy,3592.09,BTC-29MAR19-3750-P,56.2,0.10099999999999999,0.3,1,1550401476538,15442540,283
2019-02-17 11:22:48.297,0.1,sell,3593.87,BTC-29MAR19-3750-P,53.28,0.0965,0.1,2,1550402568297,15442917,284
2019-02-17 11:44:42.538,0.3,buy,3585.41,BTC-29MAR19-3750-P,56.35,0.1025,0.3,0,1550403882538,15443257,285
2019-02-17 11:45:26.059,0.4,buy,3585.07,BTC-29MAR19-3750-P,56.36,0.1025,0.4,1,1550403926059,15443292,286
2019-02-17 16:19:02.965,3.2,buy,3569.16,BTC-29MAR19-3750-P,55.49,0.10400000000000001,3.2,0,1550420342965,15450038,287
2019-02-17 16:26:55.138,1.0,sell,3572.16,BTC-29MAR19-3750-P,55.71,0.10400000000000001,1.0,1,1550420815138,15450133,288
2019-02-18 03:09:45.401,0.5,buy,3686.84,BTC-29MAR19-3750-P,53.68,0.08,0.5,2,1550459385401,15486522,289
2019-02-18 04:18:42.241,4.0,buy,3670.36,BTC-29MAR19-3750-P,53.67,0.083,4.0,0,1550463522241,15490429,290
2019-02-18 07:21:17.532,1.0,sell,3713.95,BTC-29MAR19-3750-P,54.97,0.0775,1.0,2,1550474477532,15500108,291
2019-02-18 07:43:04.780,0.5,sell,3699.25,BTC-29MAR19-3750-P,53.97,0.0785,0.5,0,1550475784780,15503792,292
2019-02-18 07:44:29.224,0.5,sell,3699.68,BTC-29MAR19-3750-P,54.22,0.0785,0.5,1,1550475869224,15503810,293
2019-02-18 07:51:33.470,1.0,buy,3694.6,BTC-29MAR19-3750-P,56.05,0.08199999999999999,1.0,0,1550476293470,15504159,294
2019-02-18 08:18:58.185,0.4,buy,3689.99,BTC-29MAR19-3750-P,56.34,0.083,0.4,0,1550477938185,15505127,296
2019-02-18 08:18:58.185,4.6000000000000005,buy,3689.99,BTC-29MAR19-3750-P,55.96,0.0825,4.6000000000000005,0,1550477938185,15505126,295
2019-02-18 08:23:34.797,3.0,sell,3692.18,BTC-29MAR19-3750-P,54.11,0.0795,3.0,2,1550478214797,15505298,297
2019-02-18 08:23:49.750,1.0,sell,3692.79,BTC-29MAR19-3750-P,52.26,0.077,1.0,2,1550478229750,15505341,298
2019-02-18 08:40:04.976,0.5,buy,3699.67,BTC-29MAR19-3750-P,55.91,0.081,0.5,0,1550479204976,15505784,299
2019-02-18 08:47:42.184,2.5,sell,3710.07,BTC-29MAR19-3750-P,55.72,0.079,2.5,2,1550479662184,15506130,300
2019-02-18 11:34:37.055,1.0,sell,3694.0,BTC-29MAR19-3750-P,53.91,0.079,1.0,3,1550489677055,15511746,301
2019-02-18 11:35:09.018,2.0,buy,3694.01,BTC-29MAR19-3750-P,53.94,0.079,2.0,3,1550489709018,15511761,302
2019-02-18 12:48:16.863,1.0,sell,3722.4,BTC-29MAR19-3750-P,56.14,0.0775,1.0,2,1550494096863,15517273,303
2019-02-18 13:00:39.262,5.0,sell,3733.83,BTC-29MAR19-3750-P,52.99,0.07200000000000001,5.0,2,1550494839262,15520309,304
2019-02-18 13:01:08.096,5.0,buy,3730.48,BTC-29MAR19-3750-P,53.23,0.0725,5.0,0,1550494868096,15520386,305
2019-02-18 13:23:40.678,5.6000000000000005,buy,3755.5,BTC-29MAR19-3750-P,53.39,0.0695,5.6000000000000005,2,1550496220678,15524096,306
2019-02-18 13:23:42.754,4.4,buy,3755.41,BTC-29MAR19-3750-P,53.37,0.0695,4.4,3,1550496222754,15524155,307
2019-02-18 13:51:05.140,1.0,sell,3805.09,BTC-29MAR19-3750-P,55.71,0.066,1.0,2,1550497865140,15532816,308
2019-02-18 13:55:02.888,0.3,sell,3811.07,BTC-29MAR19-3750-P,53.96,0.063,0.3,2,1550498102888,15534162,309
2019-02-18 14:29:36.908,0.3,buy,3816.09,BTC-29MAR19-3750-P,54.65,0.0625,0.3,2,1550500176908,15541261,310
2019-02-18 14:29:59.619,1.0,buy,3814.1,BTC-29MAR19-3750-P,55.29,0.0635,1.0,0,1550500199619,15541294,311
2019-02-18 14:56:39.837,0.7000000000000001,buy,3800.96,BTC-29MAR19-3750-P,55.98,0.066,0.7000000000000001,0,1550501799837,15543599,312
2019-02-18 14:57:04.088,1.0,sell,3799.83,BTC-29MAR19-3750-P,53.5,0.063,1.0,2,1550501824088,15543610,313
2019-02-18 14:57:11.938,1.0,sell,3799.81,BTC-29MAR19-3750-P,53.88,0.0635,1.0,0,1550501831938,15543618,314
2019-02-18 16:01:37.655,1.6,sell,3811.14,BTC-29MAR19-3750-P,55.3,0.064,1.6,0,1550505697655,15547346,315
2019-02-18 16:06:58.621,2.5,buy,3825.84,BTC-29MAR19-3750-P,55.2,0.062,2.5,2,1550506018621,15548399,316
2019-02-18 16:07:23.763,0.5,sell,3827.05,BTC-29MAR19-3750-P,55.37,0.062,0.5,3,1550506043763,15548434,317
2019-02-18 16:35:08.273,1.0,sell,3911.58,BTC-29MAR19-3750-P,54.22,0.05,1.0,2,1550507708273,15557080,318
2019-02-18 16:38:08.131,0.7000000000000001,buy,3891.59,BTC-29MAR19-3750-P,54.79,0.053,0.7000000000000001,1,1550507888131,15558448,320
2019-02-18 16:38:08.131,0.3,buy,3891.59,BTC-29MAR19-3750-P,54.79,0.053,0.3,0,1550507888131,15558447,319
2019-02-18 16:52:59.504,0.4,buy,3870.32,BTC-29MAR19-3750-P,54.84,0.0555,0.4,0,1550508779504,15563944,321
2019-02-18 18:23:10.324,2.4,sell,3889.62,BTC-29MAR19-3750-P,56.54,0.055999999999999994,2.4,1,1550514190324,15572906,324
2019-02-18 18:23:10.324,0.3,sell,3889.62,BTC-29MAR19-3750-P,56.54,0.055999999999999994,0.3,0,1550514190324,15572904,322
2019-02-18 18:23:10.324,0.3,sell,3889.62,BTC-29MAR19-3750-P,56.54,0.055999999999999994,0.3,1,1550514190324,15572905,323
2019-02-18 19:09:11.246,0.3,buy,3884.94,BTC-29MAR19-3750-P,57.44,0.0575,0.3,0,1550516951246,15574475,325
2019-02-18 20:13:37.777,1.0,sell,3863.16,BTC-29MAR19-3750-P,55.66,0.0575,1.0,1,1550520817777,15578317,326
2019-02-18 22:10:55.547,0.2,buy,3846.66,BTC-29MAR19-3750-P,56.53,0.0605,0.2,0,1550527855547,15583239,327
2019-02-18 22:11:05.858,0.2,buy,3846.85,BTC-29MAR19-3750-P,56.98,0.061,0.2,0,1550527865858,15583240,328
2019-02-18 22:11:24.183,0.1,buy,3847.02,BTC-29MAR19-3750-P,57.55,0.0615,0.1,0,1550527884183,15583248,329
2019-02-18 22:12:17.637,3.4,buy,3850.1,BTC-29MAR19-3750-P,58.73,0.0625,3.4,0,1550527937637,15583273,331
2019-02-18 22:12:17.637,1.3,buy,3850.1,BTC-29MAR19-3750-P,59.13,0.063,1.3,0,1550527937637,15583274,332
2019-02-18 22:12:17.637,0.3,buy,3850.1,BTC-29MAR19-3750-P,58.34,0.062,0.3,0,1550527937637,15583272,330
2019-02-18 22:17:56.265,1.0,sell,3857.04,BTC-29MAR19-3750-P,56.8,0.0595,1.0,2,1550528276265,15583767,333
2019-02-18 22:34:49.543,0.1,sell,3849.57,BTC-29MAR19-3750-P,56.8,0.0595,0.1,3,1550529289543,15584521,334
2019-02-18 22:41:07.690,0.1,buy,3851.09,BTC-29MAR19-3750-P,56.71,0.0595,0.1,3,1550529667690,15584721,335
2019-02-18 23:02:48.582,0.2,sell,3869.77,BTC-29MAR19-3750-P,57.45,0.0585,0.2,2,1550530968582,15585141,336
2019-02-18 23:21:26.425,0.1,buy,3867.54,BTC-29MAR19-3750-P,59.33,0.0615,0.1,0,1550532086425,15585956,337
2019-02-19 00:20:26.066,0.3,sell,3902.26,BTC-29MAR19-3750-P,58.72,0.055999999999999994,0.3,3,1550535626066,15589623,339
2019-02-19 00:20:26.066,0.3,sell,3902.26,BTC-29MAR19-3750-P,58.72,0.055999999999999994,0.3,2,1550535626066,15589622,338
2019-02-19 00:20:26.066,4.4,sell,3902.26,BTC-29MAR19-3750-P,58.32,0.0555,4.4,2,1550535626066,15589624,340
2019-02-19 00:22:54.399,0.3,buy,3901.01,BTC-29MAR19-3750-P,59.75,0.057,0.3,1,1550535774399,15589935,342
2019-02-19 00:22:54.399,4.4,buy,3901.01,BTC-29MAR19-3750-P,60.16,0.0575,4.4,0,1550535774399,15589936,343
2019-02-19 00:22:54.399,0.3,buy,3901.01,BTC-29MAR19-3750-P,59.75,0.057,0.3,0,1550535774399,15589934,341
2019-02-19 00:24:05.457,0.4,sell,3887.86,BTC-29MAR19-3750-P,58.52,0.057,0.4,2,1550535845457,15590210,346
2019-02-19 00:24:05.457,0.3,sell,3887.86,BTC-29MAR19-3750-P,58.93,0.0575,0.3,1,1550535845457,15590208,344
2019-02-19 00:24:05.457,0.3,sell,3887.86,BTC-29MAR19-3750-P,58.93,0.0575,0.3,1,1550535845457,15590209,345
2019-02-19 00:24:46.664,1.0,sell,3893.78,BTC-29MAR19-3750-P,58.51,0.0565,1.0,2,1550535886664,15590274,347
2019-02-19 00:25:18.426,3.0,sell,3893.36,BTC-29MAR19-3750-P,58.59,0.0565,3.0,3,1550535918426,15590327,348
2019-02-19 00:29:43.996,4.0,sell,3899.52,BTC-29MAR19-3750-P,58.26,0.0555,4.0,2,1550536183996,15590659,349
2019-02-19 00:38:25.371,1.0,sell,3928.21,BTC-29MAR19-3750-P,60.92,0.0555,1.0,3,1550536705371,15592059,350
2019-02-19 01:02:14.050,0.3,buy,3911.12,BTC-29MAR19-3750-P,61.11,0.0575,0.3,0,1550538134050,15597512,351
2019-02-19 01:02:14.050,0.3,buy,3911.12,BTC-29MAR19-3750-P,61.11,0.0575,0.3,1,1550538134050,15597513,352
2019-02-19 03:01:29.387,1.0,buy,3856.14,BTC-29MAR19-3750-P,62.68,0.0655,1.0,0,1550545289387,15606345,353
2019-02-19 03:14:21.200,0.1,sell,3863.25,BTC-29MAR19-3750-P,61.3,0.0625,0.1,2,1550546061200,15606822,354
2019-02-19 03:50:38.214,2.0,buy,3866.65,BTC-29MAR19-3750-P,63.17,0.065,2.0,0,1550548238214,15607409,355
2019-02-19 13:47:32.777,0.5,sell,3938.45,BTC-29MAR19-3750-P,60.87,0.053,0.5,2,1550584052777,15631743,356
2019-02-19 14:24:13.955,0.1,buy,3929.56,BTC-29MAR19-3750-P,62.29,0.055999999999999994,0.1,0,1550586253955,15641860,357
2019-02-19 14:24:13.955,2.0,buy,3929.56,BTC-29MAR19-3750-P,62.7,0.0565,2.0,0,1550586253955,15641861,358
2019-02-19 14:24:19.131,0.3,sell,3929.97,BTC-29MAR19-3750-P,59.84,0.053,0.3,2,1550586259131,15641871,359
2019-02-19 14:24:19.131,3.6,sell,3929.97,BTC-29MAR19-3750-P,59.42,0.0525,3.6,2,1550586259131,15641873,361
2019-02-19 14:24:19.131,0.3,sell,3929.97,BTC-29MAR19-3750-P,59.84,0.053,0.3,3,1550586259131,15641872,360
2019-02-19 15:36:54.291,1.0,sell,3937.54,BTC-29MAR19-3750-P,58.41,0.051,1.0,2,1550590614291,15649633,362
2019-02-19 17:08:03.897,2.5,sell,3939.93,BTC-29MAR19-3750-P,59.04,0.0515,2.5,2,1550596083897,15655508,364
2019-02-19 17:08:03.897,5.0,sell,3939.93,BTC-29MAR19-3750-P,59.87,0.0525,5.0,0,1550596083897,15655507,363
2019-02-19 20:21:30.495,0.2,buy,3939.5,BTC-29MAR19-3750-P,60.77,0.0535,0.2,0,1550607690495,15660975,365
2019-02-19 20:45:30.116,0.6,buy,3935.28,BTC-29MAR19-3750-P,60.87,0.054000000000000006,0.6,0,1550609130116,15661334,368
2019-02-19 20:45:30.116,0.1,buy,3935.28,BTC-29MAR19-3750-P,60.46,0.0535,0.1,1,1550609130116,15661332,366
2019-02-19 20:45:30.116,0.3,buy,3935.28,BTC-29MAR19-3750-P,60.46,0.0535,0.3,1,1550609130116,15661333,367
2019-02-19 21:09:00.173,0.3,sell,3935.66,BTC-29MAR19-3750-P,58.86,0.0515,0.3,2,1550610540173,15661733,369
2019-02-19 21:09:00.173,9.7,sell,3935.66,BTC-29MAR19-3750-P,58.45,0.051,9.7,2,1550610540173,15661734,370
2019-02-19 21:54:05.010,1.0,buy,3897.49,BTC-29MAR19-3750-P,58.55,0.055,1.0,0,1550613245010,15663902,371
2019-02-19 22:04:52.139,0.3,sell,3896.14,BTC-29MAR19-3750-P,58.73,0.055,0.3,1,1550613892139,15665603,372
2019-02-19 22:04:52.139,0.7000000000000001,sell,3896.14,BTC-29MAR19-3750-P,58.31,0.0545,0.7000000000000001,2,1550613892139,15665604,373
2019-02-19 22:09:05.515,0.3,buy,3902.02,BTC-29MAR19-3750-P,60.68,0.057,0.3,1,1550614145515,15665763,375
2019-02-19 22:09:05.515,0.3,buy,3902.02,BTC-29MAR19-3750-P,60.68,0.057,0.3,0,1550614145515,15665762,374
2019-02-20 10:28:00.845,0.1,sell,3940.84,BTC-29MAR19-3750-P,58.02,0.0485,0.1,2,1550658480845,15686605,376
2019-02-20 12:02:12.427,0.1,sell,3926.38,BTC-29MAR19-3750-P,58.18,0.05,0.1,0,1550664132427,15691330,377
2019-02-20 12:14:38.584,0.1,buy,3922.97,BTC-29MAR19-3750-P,57.8,0.05,0.1,1,1550664878584,15691500,378
2019-02-20 12:18:02.034,0.8,buy,3923.17,BTC-29MAR19-3750-P,57.85,0.05,0.8,1,1550665082034,15691551,379
2019-02-20 12:31:45.723,0.1,sell,3928.9,BTC-29MAR19-3750-P,57.8,0.0495,0.1,2,1550665905723,15691877,380
2019-02-20 12:32:50.329,30.0,sell,3931.42,BTC-29MAR19-3750-P,57.52,0.049,30.0,2,1550665970329,15691942,381
2019-02-20 13:02:36.649,2.0,sell,3953.79,BTC-29MAR19-3750-P,59.19,0.049,2.0,3,1550667756649,15693844,382
2019-02-20 15:40:06.820,3.0,buy,3908.58,BTC-29MAR19-3750-P,56.77,0.0515,3.0,0,1550677206820,15703792,383
2019-02-20 15:42:38.123,0.3,buy,3908.76,BTC-29MAR19-3750-P,58.54,0.0535,0.3,0,1550677358123,15703910,384
2019-02-20 19:11:40.044,5.0,buy,3916.85,BTC-29MAR19-3750-P,59.16,0.053,5.0,2,1550689900044,15708722,385
2019-02-20 19:14:04.966,0.6,buy,3915.04,BTC-29MAR19-3750-P,59.83,0.054000000000000006,0.6,0,1550690044966,15708756,386
2019-02-20 19:14:04.966,5.0,buy,3915.04,BTC-29MAR19-3750-P,59.83,0.054000000000000006,5.0,1,1550690044966,15708757,387
2019-02-20 19:25:53.897,50.0,sell,3919.12,BTC-29MAR19-3750-P,57.52,0.051,50.0,2,1550690753897,15708989,389
2019-02-20 19:25:53.897,0.6,sell,3919.12,BTC-29MAR19-3750-P,57.94,0.0515,0.6,2,1550690753897,15708988,388
2019-02-20 19:58:15.396,5.0,sell,3924.0,BTC-29MAR19-3750-P,55.78,0.048,5.0,2,1550692695396,15709448,391
2019-02-20 19:58:15.396,2.0,sell,3924.0,BTC-29MAR19-3750-P,54.94,0.047,2.0,2,1550692695396,15709449,392
2019-02-20 19:58:15.396,4.6000000000000005,sell,3924.0,BTC-29MAR19-3750-P,57.05,0.0495,4.6000000000000005,2,1550692695396,15709447,390
2019-02-20 19:58:15.406,6.2,buy,3924.0,BTC-29MAR19-3750-P,48.99,0.04,6.2,2,1550692695406,15709450,393
2019-02-20 19:58:21.563,4.1,buy,3924.21,BTC-29MAR19-3750-P,52.01,0.0435,4.1,0,1550692701563,15709513,395
2019-02-20 19:58:21.563,0.6,buy,3924.21,BTC-29MAR19-3750-P,51.59,0.043,0.6,0,1550692701563,15709512,394
2019-02-20 21:00:47.997,0.3,buy,3934.82,BTC-29MAR19-3750-P,60.25,0.052000000000000005,0.3,0,1550696447997,15711451,396
2019-02-20 22:39:29.663,0.6,sell,3932.03,BTC-29MAR19-3750-P,56.6,0.048,0.6,3,1550702369663,15713198,398
2019-02-20 22:39:29.663,0.6,sell,3932.03,BTC-29MAR19-3750-P,56.6,0.048,0.6,2,1550702369663,15713197,397
2019-02-20 22:39:29.976,2.0,buy,3932.03,BTC-29MAR19-3750-P,56.6,0.048,2.0,3,1550702369976,15713199,399
2019-02-20 22:39:31.196,2.0,buy,3932.03,BTC-29MAR19-3750-P,56.61,0.048,2.0,3,1550702371196,15713200,400
2019-02-20 22:39:31.879,2.0,buy,3932.08,BTC-29MAR19-3750-P,56.61,0.048,2.0,3,1550702371879,15713201,401
2019-02-20 22:41:12.894,2.0,sell,3929.27,BTC-29MAR19-3750-P,56.22,0.0475,2.0,2,1550702472894,15713208,402
2019-02-20 22:41:12.897,0.8,buy,3929.27,BTC-29MAR19-3750-P,56.22,0.0475,0.8,3,1550702472897,15713209,403
2019-02-21 00:04:20.003,0.6,buy,3933.91,BTC-29MAR19-3750-P,60.38,0.052000000000000005,0.6,0,1550707460003,15715805,404
2019-02-21 00:04:20.003,0.4,buy,3933.91,BTC-29MAR19-3750-P,60.81,0.0525,0.4,0,1550707460003,15715806,405
2019-02-21 00:12:22.692,1.0,buy,3920.89,BTC-29MAR19-3750-P,61.06,0.0545,1.0,0,1550707942692,15716644,406
2019-02-21 00:12:27.005,0.4,buy,3920.48,BTC-29MAR19-3750-P,61.07,0.0545,0.4,1,1550707947005,15716648,408
2019-02-21 00:12:27.005,0.6,buy,3920.48,BTC-29MAR19-3750-P,61.07,0.0545,0.6,1,1550707947005,15716647,407
2019-02-21 00:38:45.918,5.0,buy,3924.35,BTC-29MAR19-3750-P,60.92,0.054000000000000006,5.0,2,1550709525918,15717046,409
2019-02-21 02:37:29.463,6.0,buy,3920.39,BTC-29MAR19-3750-P,60.33,0.0535,6.0,2,1550716649463,15718651,410
2019-02-21 06:05:20.340,0.1,buy,3926.8,BTC-29MAR19-3750-P,57.97,0.05,0.1,2,1550729120340,15728082,411
2019-02-21 06:52:29.153,1.0,buy,3926.41,BTC-29MAR19-3750-P,60.16,0.0525,1.0,0,1550731949153,15730568,412
2019-02-21 08:06:28.688,0.4,sell,3930.45,BTC-29MAR19-3750-P,57.75,0.049,0.4,2,1550736388688,15731343,413
2019-02-21 08:06:28.691,2.6,buy,3930.45,BTC-29MAR19-3750-P,57.75,0.049,2.6,3,1550736388691,15731344,414
2019-02-21 08:55:09.690,0.2,sell,3916.96,BTC-29MAR19-3750-P,57.08,0.05,0.2,0,1550739309690,15732896,415
2019-02-21 09:04:30.976,0.5,sell,3891.96,BTC-29MAR19-3750-P,58.83,0.054000000000000006,0.5,0,1550739870976,15735021,416
2019-02-21 09:40:47.916,6.0,buy,3906.81,BTC-29MAR19-3750-P,58.91,0.053,6.0,2,1550742047916,15736636,417
2019-02-21 09:42:36.971,7.0,buy,3905.06,BTC-29MAR19-3750-P,59.62,0.054000000000000006,7.0,0,1550742156971,15736883,418
2019-02-21 11:25:52.907,3.0,buy,3880.65,BTC-29MAR19-3750-P,59.12,0.055,3.0,0,1550748352907,15741032,419
2019-02-21 17:14:33.496,1.5,buy,3891.46,BTC-29MAR19-3750-P,57.89,0.052000000000000005,1.5,1,1550769273496,15747347,422
2019-02-21 17:14:33.496,0.2,buy,3891.46,BTC-29MAR19-3750-P,57.46,0.0515,0.2,2,1550769273496,15747345,420
2019-02-21 17:14:33.496,0.3,buy,3891.46,BTC-29MAR19-3750-P,57.89,0.052000000000000005,0.3,0,1550769273496,15747346,421
2019-02-21 22:37:21.911,0.6,buy,3889.79,BTC-29MAR19-3750-P,57.82,0.052000000000000005,0.6,1,1550788641911,15750683,423
2019-02-22 02:12:22.425,3.4,buy,3916.32,BTC-29MAR19-3750-P,59.1,0.0505,3.4,2,1550801542425,15753859,424
2019-02-22 02:19:00.746,1.4,buy,3914.65,BTC-29MAR19-3750-P,58.09,0.0495,1.4,2,1550801940746,15753941,425
2019-02-22 11:21:54.237,0.6,sell,3925.57,BTC-29MAR19-3750-P,58.34,0.048,0.6,2,1550834514237,15767664,426
2019-02-22 11:47:37.481,0.3,sell,3924.41,BTC-29MAR19-3750-P,57.73,0.0475,0.3,2,1550836057481,15768386,427
2019-02-22 12:50:02.656,1.0,sell,3935.97,BTC-29MAR19-3750-P,57.03,0.045,1.0,2,1550839802656,15772014,428
2019-02-22 13:17:51.734,1.0,sell,3936.94,BTC-29MAR19-3750-P,57.03,0.045,1.0,3,1550841471734,15773168,429
2019-02-22 14:13:21.614,2.0,buy,3938.97,BTC-29MAR19-3750-P,59.28,0.047,2.0,0,1550844801614,15776695,430
2019-02-22 17:09:06.141,0.4,sell,3929.5,BTC-29MAR19-3750-P,59.97,0.0495,0.4,0,1550855346141,15784522,431
2019-02-22 17:16:24.954,4.7,buy,3929.11,BTC-29MAR19-3750-P,60.39,0.05,4.7,0,1550855784954,15784563,432
2019-02-22 17:16:24.967,4.9,sell,3929.11,BTC-29MAR19-3750-P,60.39,0.05,4.9,1,1550855784967,15784564,433
2019-02-22 18:03:52.872,5.0,sell,3942.74,BTC-29MAR19-3750-P,58.79,0.047,5.0,2,1550858632872,15785453,434
2019-02-22 20:29:47.734,8.0,buy,3934.86,BTC-29MAR19-3750-P,60.13,0.0495,8.0,0,1550867387734,15787266,435
2019-02-22 21:20:17.743,8.0,sell,3935.61,BTC-29MAR19-3750-P,58.12,0.047,8.0,2,1550870417743,15787680,436
2019-02-22 22:33:50.970,0.1,sell,3945.82,BTC-29MAR19-3750-P,57.91,0.0455,0.1,2,1550874830970,15788459,437
2019-02-23 03:56:02.926,5.0,buy,3941.61,BTC-29MAR19-3750-P,59.34,0.048,5.0,0,1550894162926,15793360,438
2019-02-23 04:01:00.285,7.0,sell,3943.13,BTC-29MAR19-3750-P,59.13,0.0475,7.0,2,1550894460285,15793414,439
2019-02-23 08:33:42.686,1.0,buy,3926.33,BTC-29MAR19-3750-P,62.1,0.0525,1.0,0,1550910822686,15797704,440
2019-02-23 13:30:08.450,0.1,buy,3929.02,BTC-29MAR19-3750-P,62.81,0.053,0.1,0,1550928608450,15803291,441
2019-02-23 13:31:50.576,0.9,buy,3930.08,BTC-29MAR19-3750-P,63.81,0.054000000000000006,0.9,0,1550928710576,15803320,442
2019-02-23 17:06:26.219,1.0,sell,3974.91,BTC-29MAR19-3750-P,62.43,0.0485,1.0,2,1550941586219,15809824,443
2019-02-23 17:51:55.522,2.0,sell,4074.44,BTC-29MAR19-3750-P,61.49,0.0385,2.0,2,1550944315522,15827400,444
2019-02-23 17:58:39.503,4.4,sell,4087.99,BTC-29MAR19-3750-P,61.81,0.0375,4.4,2,1550944719503,15829532,445
2019-02-23 17:58:39.503,0.6,sell,4087.99,BTC-29MAR19-3750-P,61.33,0.037000000000000005,0.6,2,1550944719503,15829533,446
2019-02-23 18:15:51.334,4.4,sell,4100.78,BTC-29MAR19-3750-P,61.45,0.0355,4.4,2,1550945751334,15835588,447
2019-02-23 18:15:51.334,4.6000000000000005,sell,4100.78,BTC-29MAR19-3750-P,60.96,0.035,4.6000000000000005,2,1550945751334,15835589,448
2019-02-23 18:17:41.414,7.0,sell,4098.76,BTC-29MAR19-3750-P,61.69,0.036000000000000004,7.0,0,1550945861414,15835843,449
2019-02-23 19:00:45.398,0.1,sell,4092.39,BTC-29MAR19-3750-P,60.81,0.036000000000000004,0.1,1,1550948445398,15838976,450
2019-02-23 19:35:07.918,3.0,buy,4109.39,BTC-29MAR19-3750-P,63.32,0.0375,3.0,0,1550950507918,15842100,451
2019-02-23 19:40:49.442,1.4,sell,4104.52,BTC-29MAR19-3750-P,60.1,0.0345,1.4,2,1550950849442,15842541,452
2019-02-23 19:41:31.998,0.4,sell,4101.2,BTC-29MAR19-3750-P,59.6,0.0345,0.4,3,1550950891998,15842617,453
2019-02-23 19:54:13.575,50.0,sell,4103.7,BTC-29MAR19-3750-P,60.42,0.0345,50.0,3,1550951653575,15843128,454
2019-02-23 20:18:55.487,4.0,sell,4122.83,BTC-29MAR19-3750-P,60.67,0.034,4.0,2,1550953135487,15843891,455
2019-02-23 20:50:41.046,3.0,buy,4132.23,BTC-29MAR19-3750-P,61.9,0.034,3.0,3,1550955041046,15847900,456
2019-02-23 20:50:50.072,3.0,buy,4129.51,BTC-29MAR19-3750-P,61.72,0.034,3.0,3,1550955050072,15847986,457
2019-02-23 20:55:30.646,0.4,buy,4134.13,BTC-29MAR19-3750-P,62.32,0.0345,0.4,0,1550955330646,15848576,458
2019-02-23 20:56:15.935,1.8,buy,4131.8,BTC-29MAR19-3750-P,62.21,0.0345,1.8,1,1550955375935,15848593,459
2019-02-23 21:14:45.185,1.8,buy,4115.43,BTC-29MAR19-3750-P,61.28,0.0345,1.8,1,1550956485185,15849626,460
2019-02-23 21:25:27.120,5.0,sell,4118.82,BTC-29MAR19-3750-P,61.18,0.034,5.0,2,1550957127120,15850173,461
2019-02-23 23:04:31.127,0.2,buy,4114.31,BTC-29MAR19-3750-P,62.55,0.0355,0.2,0,1550963071127,15853121,462
2019-02-24 00:58:22.292,3.0,buy,4126.55,BTC-29MAR19-3750-P,62.72,0.035,3.0,2,1550969902292,15856071,463
2019-02-24 01:11:55.585,1.0,sell,4131.25,BTC-29MAR19-3750-P,61.05,0.033,1.0,2,1550970715585,15856644,464
2019-02-24 01:11:55.585,4.0,sell,4131.25,BTC-29MAR19-3750-P,60.04,0.032,4.0,2,1550970715585,15856645,465
2019-02-24 01:17:58.277,1.4,buy,4121.38,BTC-29MAR19-3750-P,62.3,0.035,1.4,0,1550971078277,15856836,466
2019-02-24 03:24:15.964,2.0,buy,4175.06,BTC-29MAR19-3750-P,63.46,0.0325,2.0,2,1550978655964,15863049,467
2019-02-24 04:00:14.254,4.0,buy,4161.84,BTC-29MAR19-3750-P,63.57,0.0335,4.0,0,1550980814254,15865727,468
2019-02-24 05:18:53.668,1.0,sell,4153.41,BTC-29MAR19-3750-P,60.14,0.0305,1.0,2,1550985533668,15868802,469
2019-02-24 07:31:44.761,14.9,buy,4150.1,BTC-29MAR19-3750-P,62.0,0.0325,14.9,0,1550993504761,15871544,470
2019-02-24 07:33:58.824,5.0,sell,4152.84,BTC-29MAR19-3750-P,62.19,0.0325,5.0,1,1550993638824,15871632,471
2019-02-24 07:34:08.311,0.6,sell,4154.51,BTC-29MAR19-3750-P,62.32,0.0325,0.6,1,1550993648311,15871650,472
2019-02-24 07:48:44.654,0.5,sell,4156.64,BTC-29MAR19-3750-P,62.56,0.0325,0.5,1,1550994524654,15871861,473
2019-02-24 07:48:44.812,9.3,sell,4156.64,BTC-29MAR19-3750-P,62.56,0.0325,9.3,1,1550994524812,15871862,474
2019-02-24 08:37:17.865,1.0,sell,4155.47,BTC-29MAR19-3750-P,59.97,0.03,1.0,2,1550997437865,15872250,475
2019-02-24 09:30:53.808,6.0,buy,4131.87,BTC-29MAR19-3750-P,64.22,0.0355,6.0,1,1551000653808,15874376,477
2019-02-24 09:30:53.808,2.0,buy,4131.87,BTC-29MAR19-3750-P,64.22,0.0355,2.0,0,1551000653808,15874375,476
2019-02-24 09:48:25.398,0.3,buy,4129.5,BTC-29MAR19-3750-P,64.28,0.0355,0.3,1,1551001705398,15875333,478
2019-02-24 09:48:43.883,0.1,buy,4130.22,BTC-29MAR19-3750-P,64.3,0.0355,0.1,1,1551001723883,15875334,479
2019-02-24 09:56:04.498,1.0,sell,4130.84,BTC-29MAR19-3750-P,59.67,0.031,1.0,2,1551002164498,15875447,480
2019-02-24 11:37:24.034,8.0,sell,4137.4,BTC-29MAR19-3750-P,59.62,0.0305,8.0,2,1551008244034,15877546,481
2019-02-24 11:38:17.092,2.0,buy,4136.98,BTC-29MAR19-3750-P,64.22,0.035,2.0,0,1551008297092,15877560,482
2019-02-24 13:35:33.396,3.0,buy,4102.68,BTC-29MAR19-3750-P,64.06,0.0365,3.0,0,1551015333396,15882369,483
2019-02-24 14:11:10.412,0.1,buy,4005.4,BTC-29MAR19-3750-P,60.56,0.0415,0.1,0,1551017470412,15890874,484
2019-02-24 14:15:53.694,0.6,buy,3764.95,BTC-29MAR19-3750-P,61.02,0.0775,0.6,0,1551017753694,15900376,485
2019-02-24 14:15:54.262,0.4,sell,3764.95,BTC-29MAR19-3750-P,62.27,0.079,0.4,0,1551017754262,15900425,486
2019-02-24 14:16:09.641,1.0,buy,3759.6,BTC-29MAR19-3750-P,64.1,0.0835,1.0,0,1551017769641,15900835,487
2019-02-24 14:16:28.738,5.3,buy,3731.55,BTC-29MAR19-3750-P,58.64,0.08199999999999999,5.3,2,1551017788738,15901366,488
2019-02-24 14:16:31.550,1.0,sell,3735.29,BTC-29MAR19-3750-P,64.33,0.08800000000000001,1.0,0,1551017791550,15901440,489
2019-02-24 14:29:03.731,1.0,buy,3807.44,BTC-29MAR19-3750-P,62.69,0.0725,1.0,2,1551018543731,15914794,490
2019-02-24 14:30:29.797,0.3,buy,3788.06,BTC-29MAR19-3750-P,62.42,0.07400000000000001,0.3,0,1551018629797,15915817,491
2019-02-24 14:30:30.273,3.0,buy,3788.06,BTC-29MAR19-3750-P,62.42,0.07400000000000001,3.0,1,1551018630273,15915823,492
2019-02-24 14:44:22.821,0.6,sell,3816.98,BTC-29MAR19-3750-P,63.68,0.071,0.6,2,1551019462821,15923436,493
2019-02-24 14:44:25.430,4.5,sell,3817.21,BTC-29MAR19-3750-P,63.27,0.0705,4.5,2,1551019465430,15923451,494
2019-02-24 14:44:41.037,4.6000000000000005,sell,3817.44,BTC-29MAR19-3750-P,62.32,0.0695,4.6000000000000005,2,1551019481037,15923564,495
2019-02-24 16:05:46.031,0.6,buy,3771.88,BTC-29MAR19-3750-P,62.32,0.0755,0.6,0,1551024346031,15941868,496
2019-02-24 16:22:13.153,2.0,buy,3748.76,BTC-29MAR19-3750-P,59.42,0.075,2.0,2,1551025333153,15944362,497
2019-02-24 16:30:57.555,5.9,buy,3745.86,BTC-29MAR19-3750-P,63.1,0.079,5.9,0,1551025857555,15945675,498
2019-02-24 16:35:37.443,0.3,sell,3734.3,BTC-29MAR19-3750-P,61.88,0.079,0.3,1,1551026137443,15946949,499
2019-02-24 16:42:28.950,0.1,sell,3740.88,BTC-29MAR19-3750-P,62.12,0.0785,0.1,2,1551026548950,15948277,500
2019-02-24 18:46:03.594,5.0,sell,3775.48,BTC-29MAR19-3750-P,61.01,0.07200000000000001,5.0,2,1551033963594,15954377,501
2019-02-25 01:37:39.331,1.8,sell,3763.52,BTC-29MAR19-3750-P,60.12,0.0715,1.8,2,1551058659331,15970339,503
2019-02-25 01:37:39.331,0.2,sell,3763.52,BTC-29MAR19-3750-P,60.55,0.07200000000000001,0.2,3,1551058659331,15970338,502
2019-02-25 02:53:13.468,5.7,sell,3769.19,BTC-29MAR19-3750-P,61.53,0.0725,5.7,0,1551063193468,15971845,504
2019-02-25 02:53:27.874,0.3,buy,3769.12,BTC-29MAR19-3750-P,61.54,0.0725,0.3,1,1551063207874,15971847,505
2019-02-25 02:53:27.891,5.4,sell,3769.12,BTC-29MAR19-3750-P,61.97,0.073,5.4,0,1551063207891,15971848,506
2019-02-25 02:57:15.073,5.7,sell,3772.84,BTC-29MAR19-3750-P,61.86,0.0725,5.7,2,1551063435073,15971937,507
2019-02-25 03:07:42.726,1.0,buy,3772.02,BTC-29MAR19-3750-P,63.6,0.0745,1.0,0,1551064062726,15972888,508
2019-02-25 04:55:57.420,1.0,sell,3781.2,BTC-29MAR19-3750-P,61.12,0.0705,1.0,2,1551070557420,15974960,509
2019-02-25 09:33:16.258,0.1,sell,3779.27,BTC-29MAR19-3750-P,60.77,0.0695,0.1,2,1551087196258,15981653,510
2019-02-25 09:33:16.258,0.3,sell,3779.27,BTC-29MAR19-3750-P,60.77,0.0695,0.3,3,1551087196258,15981654,511
2019-02-25 12:03:48.729,2.0,sell,3779.41,BTC-29MAR19-3750-P,60.73,0.07,2.0,0,1551096228729,15986254,512
2019-02-25 12:03:50.591,2.0,sell,3779.41,BTC-29MAR19-3750-P,60.73,0.07,2.0,1,1551096230591,15986255,513
2019-02-25 12:03:54.295,0.9,sell,3779.41,BTC-29MAR19-3750-P,60.3,0.0695,0.9,3,1551096234295,15986264,515
2019-02-25 12:03:54.295,0.1,sell,3779.41,BTC-29MAR19-3750-P,60.3,0.0695,0.1,2,1551096234295,15986263,514
2019-02-25 12:08:08.521,5.9,sell,3779.68,BTC-29MAR19-3750-P,60.31,0.069,5.9,2,1551096488521,15986300,516
2019-02-25 12:11:58.848,5.9,sell,3779.8,BTC-29MAR19-3750-P,60.27,0.069,5.9,3,1551096718848,15986354,517
2019-02-25 12:13:25.311,1.1,sell,3780.05,BTC-29MAR19-3750-P,59.5,0.068,1.1,2,1551096805311,15986368,518
2019-02-25 12:18:37.537,3.8,sell,3792.12,BTC-29MAR19-3750-P,60.66,0.068,3.8,3,1551097117537,15986565,519
2019-02-25 12:19:48.529,6.1000000000000005,sell,3799.26,BTC-29MAR19-3750-P,59.77,0.066,6.1000000000000005,2,1551097188529,15986804,522
2019-02-25 12:19:48.529,4.7,sell,3799.26,BTC-29MAR19-3750-P,60.2,0.0665,4.7,2,1551097188529,15986802,520
2019-02-25 12:19:48.529,0.1,sell,3799.26,BTC-29MAR19-3750-P,60.2,0.0665,0.1,3,1551097188529,15986803,521
2019-02-25 12:27:27.602,4.8,sell,3788.9,BTC-29MAR19-3750-P,59.75,0.0675,4.8,0,1551097647602,15987309,523
2019-02-25 12:27:27.602,0.1,sell,3788.9,BTC-29MAR19-3750-P,59.75,0.0675,0.1,1,1551097647602,15987310,524
2019-02-25 12:27:27.602,5.1000000000000005,sell,3788.9,BTC-29MAR19-3750-P,59.75,0.0675,5.1000000000000005,1,1551097647602,15987311,525
2019-02-25 12:29:49.449,5.9,sell,3790.06,BTC-29MAR19-3750-P,59.77,0.0675,5.9,1,1551097789449,15987337,526
2019-02-25 12:56:45.842,6.0,sell,3787.34,BTC-29MAR19-3750-P,59.86,0.0675,6.0,1,1551099405842,15987964,527
2019-02-25 13:10:28.564,5.9,buy,3783.5,BTC-29MAR19-3750-P,59.84,0.068,5.9,0,1551100228564,15988120,528
2019-02-25 13:10:33.901,1.3,buy,3783.84,BTC-29MAR19-3750-P,59.88,0.068,1.3,1,1551100233901,15988121,529
2019-02-25 13:10:33.901,0.1,buy,3783.84,BTC-29MAR19-3750-P,59.88,0.068,0.1,1,1551100233901,15988122,530
2019-02-25 13:15:47.556,0.3,sell,3783.71,BTC-29MAR19-3750-P,59.58,0.0675,0.3,2,1551100547556,15988157,531
2019-02-25 14:05:04.606,0.4,buy,3774.71,BTC-29MAR19-3750-P,59.58,0.069,0.4,0,1551103504606,15989125,532
2019-02-25 14:05:06.820,0.1,buy,3773.91,BTC-29MAR19-3750-P,59.47,0.069,0.1,1,1551103506820,15989141,534
2019-02-25 14:05:06.820,0.7000000000000001,buy,3773.91,BTC-29MAR19-3750-P,59.47,0.069,0.7000000000000001,1,1551103506820,15989140,533
2019-02-25 16:13:36.498,0.4,buy,3797.23,BTC-29MAR19-3750-P,61.42,0.068,0.4,2,1551111216498,15992300,535
2019-02-25 16:14:50.160,0.1,buy,3793.1,BTC-29MAR19-3750-P,61.31,0.068,0.1,3,1551111290160,15992585,536
2019-02-25 16:17:21.604,1.5,buy,3788.76,BTC-29MAR19-3750-P,61.66,0.069,1.5,0,1551111441604,15992818,537
2019-02-25 16:17:21.604,0.1,buy,3788.76,BTC-29MAR19-3750-P,61.66,0.069,0.1,1,1551111441604,15992819,538
2019-02-25 16:18:44.804,1.5,buy,3791.03,BTC-29MAR19-3750-P,62.13,0.0695,1.5,0,1551111524804,15992844,539
2019-02-25 16:19:11.287,6.0,sell,3792.55,BTC-29MAR19-3750-P,62.18,0.0695,6.0,1,1551111551287,15992856,540
2019-02-25 16:19:14.960,0.1,sell,3792.55,BTC-29MAR19-3750-P,62.16,0.0695,0.1,1,1551111554960,15992857,541
2019-02-25 16:19:56.172,6.1000000000000005,sell,3793.26,BTC-29MAR19-3750-P,61.72,0.069,6.1000000000000005,2,1551111596172,15992871,542
2019-02-25 16:19:56.172,3.9,sell,3793.26,BTC-29MAR19-3750-P,61.3,0.0685,3.9,2,1551111596172,15992872,543
2019-02-25 16:21:09.719,6.1000000000000005,sell,3796.15,BTC-29MAR19-3750-P,61.39,0.068,6.1000000000000005,2,1551111669719,15992938,544
2019-02-25 16:21:38.238,5.2,buy,3795.96,BTC-29MAR19-3750-P,61.43,0.068,5.2,3,1551111698238,15992967,546
2019-02-25 16:21:38.238,0.9,buy,3795.96,BTC-29MAR19-3750-P,61.43,0.068,0.9,3,1551111698238,15992966,545
2019-02-25 20:26:50.663,1.0,buy,3809.76,BTC-29MAR19-3750-P,60.02,0.065,1.0,2,1551126410663,16007734,547
2019-02-25 20:26:50.663,0.1,buy,3809.76,BTC-29MAR19-3750-P,60.02,0.065,0.1,3,1551126410663,16007735,548
2019-02-25 20:36:13.781,0.1,buy,3825.15,BTC-29MAR19-3750-P,62.38,0.0655,0.1,0,1551126973781,16009145,549
2019-02-26 02:18:28.744,5.0,sell,3824.51,BTC-29MAR19-3750-P,60.46,0.063,5.0,2,1551147508744,16014426,550
2019-02-26 02:44:20.313,0.6,buy,3822.76,BTC-29MAR19-3750-P,60.89,0.0635,0.6,0,1551149060313,16014790,551
2019-02-26 02:44:20.390,6.0,sell,3822.76,BTC-29MAR19-3750-P,60.89,0.0635,6.0,1,1551149060390,16014791,552
2019-02-26 02:44:39.083,6.0,buy,3822.51,BTC-29MAR19-3750-P,61.25,0.064,6.0,0,1551149079083,16014800,553
2019-02-26 03:42:32.006,1.0,buy,3824.8,BTC-29MAR19-3750-P,60.99,0.0635,1.0,2,1551152552006,16015218,554
2019-02-26 05:34:51.754,2.0,buy,3789.06,BTC-29MAR19-3750-P,61.18,0.068,2.0,0,1551159291754,16019557,555
2019-02-26 08:51:20.518,5.0,buy,3788.76,BTC-29MAR19-3750-P,60.62,0.067,5.0,2,1551171080518,16024851,556
2019-02-26 08:59:02.991,0.1,buy,3790.55,BTC-29MAR19-3750-P,61.28,0.0675,0.1,0,1551171542991,16025036,557
2019-02-26 08:59:02.991,4.9,buy,3790.55,BTC-29MAR19-3750-P,61.28,0.0675,4.9,1,1551171542991,16025037,558
2019-02-26 09:28:20.920,0.5,buy,3783.31,BTC-29MAR19-3750-P,58.99,0.066,0.5,2,1551173300920,16025563,559
2019-02-26 10:19:19.624,0.6,sell,3795.47,BTC-29MAR19-3750-P,59.91,0.065,0.6,3,1551176359624,16026837,561
2019-02-26 10:19:19.624,0.1,sell,3795.47,BTC-29MAR19-3750-P,59.91,0.065,0.1,2,1551176359624,16026836,560
2019-02-26 10:19:19.624,4.3,sell,3795.47,BTC-29MAR19-3750-P,59.48,0.0645,4.3,2,1551176359624,16026838,562
2019-02-26 10:46:13.054,6.3,sell,3807.16,BTC-29MAR19-3750-P,59.65,0.0635,6.3,2,1551177973054,16027652,563
2019-02-26 10:46:37.922,3.7,buy,3807.16,BTC-29MAR19-3750-P,59.68,0.0635,3.7,3,1551177997922,16027658,564
2019-02-26 12:34:09.456,1.0,buy,3790.09,BTC-29MAR19-3750-P,60.37,0.067,1.0,0,1551184449456,16029566,565
2019-02-26 15:44:32.869,5.4,sell,3811.68,BTC-29MAR19-3750-P,58.11,0.0615,5.4,2,1551195872869,16034934,566
2019-02-26 15:44:32.869,5.0,sell,3811.68,BTC-29MAR19-3750-P,57.24,0.0605,5.0,2,1551195872869,16034936,568
2019-02-26 15:44:32.869,89.0,sell,3811.68,BTC-29MAR19-3750-P,56.8,0.06,89.0,2,1551195872869,16034937,569
2019-02-26 15:44:32.869,0.6,sell,3811.68,BTC-29MAR19-3750-P,57.67,0.061,0.6,2,1551195872869,16034935,567
2019-02-26 15:46:08.967,4.8,sell,3810.98,BTC-29MAR19-3750-P,57.4,0.061,4.8,0,1551195968967,16035001,570
2019-02-26 15:46:08.971,8.6,buy,3810.98,BTC-29MAR19-3750-P,57.4,0.061,8.6,1,1551195968971,16035002,571
2019-02-26 15:46:16.744,6.6000000000000005,sell,3810.99,BTC-29MAR19-3750-P,56.94,0.0605,6.6000000000000005,2,1551195976744,16035007,572
2019-02-26 15:46:16.744,43.4,sell,3810.99,BTC-29MAR19-3750-P,56.51,0.06,43.4,2,1551195976744,16035008,573
2019-02-26 15:46:42.195,5.6000000000000005,buy,3811.16,BTC-29MAR19-3750-P,57.4,0.061,5.6000000000000005,0,1551196002195,16035023,574
2019-02-26 15:46:50.059,2.5,sell,3811.05,BTC-29MAR19-3750-P,56.55,0.06,2.5,2,1551196010059,16035033,576
2019-02-26 15:46:50.059,6.0,sell,3811.05,BTC-29MAR19-3750-P,56.99,0.0605,6.0,2,1551196010059,16035032,575
2019-02-26 15:47:06.545,80.0,sell,3810.93,BTC-29MAR19-3750-P,56.55,0.06,80.0,3,1551196026545,16035041,577
2019-02-26 15:47:13.030,6.7,sell,3810.79,BTC-29MAR19-3750-P,56.53,0.06,6.7,3,1551196033030,16035043,578
2019-02-26 15:48:13.699,100.0,sell,3809.94,BTC-29MAR19-3750-P,56.39,0.06,100.0,3,1551196093699,16035082,579
2019-02-26 15:48:25.588,50.0,sell,3809.41,BTC-29MAR19-3750-P,56.38,0.06,50.0,3,1551196105588,16035084,580
2019-02-26 15:49:12.684,10.0,sell,3810.0,BTC-29MAR19-3750-P,56.45,0.06,10.0,3,1551196152684,16035110,581
2019-02-26 15:50:14.234,30.0,sell,3809.91,BTC-29MAR19-3750-P,56.48,0.06,30.0,3,1551196214234,16035125,582
2019-02-26 15:54:29.810,20.0,sell,3810.02,BTC-29MAR19-3750-P,56.32,0.06,20.0,3,1551196469810,16035159,583
2019-02-26 16:05:32.759,6.2,buy,3806.86,BTC-29MAR19-3750-P,58.56,0.063,6.2,0,1551197132759,16035342,584
2019-02-26 16:05:33.577,0.6,buy,3806.86,BTC-29MAR19-3750-P,58.12,0.0625,0.6,2,1551197133577,16035343,585
2019-02-26 16:06:03.558,6.2,buy,3805.99,BTC-29MAR19-3750-P,58.51,0.063,6.2,0,1551197163558,16035378,586
2019-02-26 16:07:03.439,6.1000000000000005,buy,3803.81,BTC-29MAR19-3750-P,58.34,0.063,6.1000000000000005,1,1551197223439,16035406,587
2019-02-26 16:07:30.850,1.5,buy,3801.99,BTC-29MAR19-3750-P,58.08,0.063,1.5,1,1551197250850,16035427,588
2019-02-26 16:50:07.296,6.0,sell,3796.82,BTC-29MAR19-3750-P,58.2,0.0635,6.0,0,1551199807296,16036500,589
2019-02-26 17:10:27.386,6.0,sell,3794.85,BTC-29MAR19-3750-P,57.97,0.0635,6.0,1,1551201027386,16036930,590
2019-02-26 17:10:34.762,6.0,sell,3795.06,BTC-29MAR19-3750-P,58.01,0.0635,6.0,1,1551201034762,16036934,591
2019-02-26 17:31:46.819,5.0,sell,3790.41,BTC-29MAR19-3750-P,56.81,0.0625,5.0,3,1551202306819,16037597,593
2019-02-26 17:31:46.819,5.0,sell,3790.41,BTC-29MAR19-3750-P,56.81,0.0625,5.0,2,1551202306819,16037596,592
2019-02-26 18:05:40.346,0.2,buy,3801.79,BTC-29MAR19-3750-P,58.88,0.0635,0.2,0,1551204340346,16038376,594
2019-02-26 20:56:19.510,0.1,buy,3795.98,BTC-29MAR19-3750-P,58.05,0.063,0.1,2,1551214579510,16041947,595
2019-02-26 20:56:58.590,6.0,buy,3795.63,BTC-29MAR19-3750-P,58.99,0.064,6.0,0,1551214618590,16041951,596
2019-02-26 20:56:58.687,6.0,sell,3795.63,BTC-29MAR19-3750-P,58.99,0.064,6.0,1,1551214618687,16041952,597
2019-02-26 20:57:04.299,6.0,sell,3795.58,BTC-29MAR19-3750-P,58.99,0.064,6.0,1,1551214624299,16041963,598
2019-02-26 20:57:08.285,1.9,sell,3795.54,BTC-29MAR19-3750-P,58.99,0.064,1.9,1,1551214628285,16041964,599
2019-02-26 21:01:27.477,3.0,buy,3795.19,BTC-29MAR19-3750-P,59.42,0.0645,3.0,0,1551214887477,16042000,600
2019-02-26 21:02:55.586,3.0,buy,3796.07,BTC-29MAR19-3750-P,59.47,0.0645,3.0,1,1551214975586,16042019,601
2019-02-26 23:01:11.212,3.3000000000000003,sell,3796.57,BTC-29MAR19-3750-P,57.39,0.0615,3.3000000000000003,2,1551222071212,16043601,602
2019-02-26 23:28:55.907,6.0,sell,3794.79,BTC-29MAR19-3750-P,57.43,0.0625,6.0,0,1551223735907,16043943,603
2019-02-26 23:30:51.733,6.0,buy,3794.76,BTC-29MAR19-3750-P,57.56,0.0625,6.0,1,1551223851733,16043960,604
2019-02-26 23:30:55.577,6.0,buy,3794.84,BTC-29MAR19-3750-P,58.0,0.063,6.0,0,1551223855577,16043961,605
2019-02-27 00:10:30.472,6.0,buy,3793.98,BTC-29MAR19-3750-P,57.57,0.0625,6.0,2,1551226230472,16044424,606
2019-02-27 00:37:42.320,0.1,buy,3787.41,BTC-29MAR19-3750-P,57.95,0.0635,0.1,0,1551227862320,16045384,607
2019-02-27 01:13:24.804,5.8,buy,3782.11,BTC-29MAR19-3750-P,58.01,0.0645,5.8,0,1551230004804,16046003,608
2019-02-27 01:13:54.555,5.9,sell,3783.04,BTC-29MAR19-3750-P,57.81,0.064,5.9,2,1551230034555,16046015,609
2019-02-27 04:00:19.156,6.1000000000000005,sell,3801.4,BTC-29MAR19-3750-P,57.92,0.0615,6.1000000000000005,3,1551240019156,16048253,611
2019-02-27 04:00:19.156,0.1,sell,3801.4,BTC-29MAR19-3750-P,57.92,0.0615,0.1,2,1551240019156,16048252,610
2019-02-27 04:03:26.132,6.3,sell,3803.54,BTC-29MAR19-3750-P,57.86,0.061,6.3,2,1551240206132,16048333,612
2019-02-27 07:02:50.119,0.1,buy,3796.36,BTC-29MAR19-3750-P,59.13,0.0635,0.1,0,1551250970119,16049765,613
2019-02-27 07:36:36.157,0.1,buy,3806.07,BTC-29MAR19-3750-P,59.3,0.062,0.1,2,1551252996157,16050427,614
2019-02-27 08:04:05.439,0.1,sell,3811.35,BTC-29MAR19-3750-P,58.82,0.061,0.1,2,1551254645439,16051006,615
2019-02-27 08:59:54.623,0.4,buy,3810.62,BTC-29MAR19-3750-P,59.11,0.0615,0.4,1,1551257994623,16052087,618
2019-02-27 08:59:54.623,0.5,buy,3810.62,BTC-29MAR19-3750-P,59.11,0.0615,0.5,0,1551257994623,16052085,616
2019-02-27 08:59:54.623,0.1,buy,3810.62,BTC-29MAR19-3750-P,59.11,0.0615,0.1,1,1551257994623,16052086,617
2019-02-27 10:10:25.466,0.2,sell,3809.96,BTC-29MAR19-3750-P,57.81,0.06,0.2,2,1551262225466,16053032,619
2019-02-27 10:10:25.466,6.4,sell,3809.96,BTC-29MAR19-3750-P,57.81,0.06,6.4,3,1551262225466,16053033,620
2019-02-27 10:10:40.542,6.4,sell,3809.94,BTC-29MAR19-3750-P,57.83,0.06,6.4,3,1551262240542,16053039,621
2019-02-27 11:06:31.646,6.0,buy,3806.71,BTC-29MAR19-3750-P,57.53,0.0605,6.0,0,1551265591646,16053703,622
2019-02-27 12:04:27.570,1.0,sell,3821.13,BTC-29MAR19-3750-P,58.28,0.059,1.0,2,1551269067570,16054395,623
2019-02-27 12:44:47.810,6.3,sell,3810.03,BTC-29MAR19-3750-P,57.35,0.0595,6.3,0,1551271487810,16055306,624
2019-02-27 14:03:44.672,6.0,sell,3810.67,BTC-29MAR19-3750-P,57.86,0.0605,6.0,0,1551276224672,16057203,625
2019-02-27 14:08:03.313,0.1,buy,3801.96,BTC-29MAR19-3750-P,57.86,0.0615,0.1,0,1551276483313,16057545,626
2019-02-27 14:33:33.931,6.1000000000000005,sell,3798.16,BTC-29MAR19-3750-P,57.87,0.062,6.1000000000000005,0,1551278013931,16060101,627
2019-02-27 14:33:36.262,6.1000000000000005,sell,3798.18,BTC-29MAR19-3750-P,57.87,0.062,6.1000000000000005,1,1551278016262,16060106,628
2019-02-27 14:37:09.030,6.1000000000000005,sell,3801.35,BTC-29MAR19-3750-P,57.75,0.0615,6.1000000000000005,2,1551278229030,16060292,629
2019-02-27 16:17:37.670,6.1000000000000005,sell,3798.67,BTC-29MAR19-3750-P,57.97,0.0615,6.1000000000000005,3,1551284257670,16062582,630
2019-02-27 20:32:44.845,5.7,buy,3772.19,BTC-29MAR19-3750-P,56.65,0.063,5.7,0,1551299564845,16065424,631
2019-02-27 20:32:47.228,5.7,buy,3772.04,BTC-29MAR19-3750-P,56.58,0.063,5.7,1,1551299567228,16065447,632
2019-02-27 20:32:53.044,5.1000000000000005,buy,3769.78,BTC-29MAR19-3750-P,56.42,0.063,5.1000000000000005,1,1551299573044,16065606,633
2019-02-27 20:32:53.652,0.2,buy,3769.63,BTC-29MAR19-3750-P,56.38,0.063,0.2,1,1551299573652,16065613,634
2019-02-27 20:32:55.108,3.3000000000000003,buy,3768.85,BTC-29MAR19-3750-P,56.25,0.063,3.3000000000000003,1,1551299575108,16065649,635
2019-02-27 20:33:58.102,0.1,buy,3745.99,BTC-29MAR19-3750-P,56.95,0.067,0.1,0,1551299638102,16066700,636
2019-02-27 20:33:58.365,0.1,buy,3745.99,BTC-29MAR19-3750-P,56.95,0.067,0.1,1,1551299638365,16066730,637
2019-02-27 20:33:58.428,6.0,buy,3745.99,BTC-29MAR19-3750-P,56.95,0.067,6.0,1,1551299638428,16066735,638
2019-02-27 20:33:58.944,0.1,buy,3745.62,BTC-29MAR19-3750-P,56.96,0.067,0.1,1,1551299638944,16066742,639
2019-02-27 20:33:59.428,0.1,buy,3745.62,BTC-29MAR19-3750-P,56.96,0.067,0.1,1,1551299639428,16066749,640
2019-02-27 20:34:06.725,3.6,buy,3737.7,BTC-29MAR19-3750-P,56.51,0.0675,3.6,0,1551299646725,16066957,641
2019-02-27 20:34:06.725,2.4,buy,3737.7,BTC-29MAR19-3750-P,56.51,0.0675,2.4,1,1551299646725,16066958,642
2019-02-27 20:34:08.319,5.2,buy,3735.56,BTC-29MAR19-3750-P,56.54,0.0675,5.2,1,1551299648319,16067045,643
2019-02-27 20:34:11.153,2.4,buy,3735.33,BTC-29MAR19-3750-P,56.28,0.0675,2.4,1,1551299651153,16067117,644
2019-02-27 20:41:10.576,4.9,sell,3719.87,BTC-29MAR19-3750-P,58.7,0.0725,4.9,0,1551300070576,16073521,645
2019-02-27 20:41:15.600,4.9,sell,3721.9,BTC-29MAR19-3750-P,58.59,0.07200000000000001,4.9,2,1551300075600,16073553,646
2019-02-27 20:42:24.862,4.7,sell,3710.64,BTC-29MAR19-3750-P,58.48,0.07400000000000001,4.7,0,1551300144862,16073850,647
2019-02-27 20:42:26.777,4.7,sell,3711.48,BTC-29MAR19-3750-P,58.17,0.0735,4.7,2,1551300146777,16073889,648
2019-02-27 20:42:29.749,4.8,buy,3714.66,BTC-29MAR19-3750-P,58.17,0.073,4.8,2,1551300149749,16073916,649
2019-02-27 20:42:55.188,4.9,buy,3719.94,BTC-29MAR19-3750-P,58.83,0.0725,4.9,2,1551300175188,16074012,650
2019-02-27 20:43:12.099,4.8,sell,3718.31,BTC-29MAR19-3750-P,58.69,0.073,4.8,0,1551300192099,16074181,651
2019-02-27 20:46:02.785,0.5,buy,3733.91,BTC-29MAR19-3750-P,60.16,0.07200000000000001,0.5,2,1551300362785,16075313,652
2019-02-27 21:14:43.876,1.0,sell,3733.35,BTC-29MAR19-3750-P,57.15,0.069,1.0,2,1551302083876,16078536,653
2019-02-27 21:25:11.499,1.2,sell,3741.61,BTC-29MAR19-3750-P,57.35,0.068,1.2,2,1551302711499,16079462,654
2019-02-27 21:46:49.413,1.2,sell,3740.21,BTC-29MAR19-3750-P,57.57,0.0685,1.2,0,1551304009413,16080051,655
2019-02-27 22:59:10.591,1.0,sell,3767.96,BTC-29MAR19-3750-P,58.19,0.065,1.0,2,1551308350591,16083666,656
2019-02-28 02:06:00.230,1.4,buy,3814.1,BTC-29MAR19-3750-P,57.12,0.0575,1.4,2,1551319560230,16092351,657
2019-02-28 04:07:56.967,0.1,buy,3801.18,BTC-29MAR19-3750-P,58.25,0.0605,0.1,0,1551326876967,16093552,658
2019-02-28 05:09:45.851,1.0,buy,3808.36,BTC-29MAR19-3750-P,58.76,0.06,1.0,2,1551330585851,16094064,659
2019-02-28 07:14:25.635,6.2,buy,3799.54,BTC-29MAR19-3750-P,57.94,0.06,6.2,3,1551338065635,16095161,660
2019-02-28 11:21:09.465,4.0,sell,3821.48,BTC-29MAR19-3750-P,56.72,0.0555,4.0,2,1551352869465,16101412,661
2019-02-28 11:22:44.390,2.0,sell,3818.11,BTC-29MAR19-3750-P,56.64,0.055999999999999994,2.0,0,1551352964390,16101532,662
2019-02-28 12:18:15.492,1.0,buy,3824.74,BTC-29MAR19-3750-P,58.13,0.057,1.0,0,1551356295492,16102469,663
2019-02-28 12:21:15.990,1.0,buy,3823.01,BTC-29MAR19-3750-P,58.12,0.057,1.0,1,1551356475990,16102492,664
2019-02-28 15:31:59.963,7.0,buy,3785.55,BTC-29MAR19-3750-P,56.49,0.06,7.0,0,1551367919963,16108050,665
2019-02-28 15:32:00.634,7.0,buy,3785.92,BTC-29MAR19-3750-P,56.59,0.06,7.0,1,1551367920634,16108057,666
2019-02-28 15:32:06.758,0.1,buy,3778.4,BTC-29MAR19-3750-P,55.71,0.06,0.1,1,1551367926758,16108246,667
2019-02-28 15:32:06.832,4.7,buy,3778.4,BTC-29MAR19-3750-P,55.71,0.06,4.7,1,1551367926832,16108249,668
2019-02-28 15:37:57.734,6.0,sell,3826.7,BTC-29MAR19-3750-P,58.16,0.0565,6.0,2,1551368277734,16112178,669
2019-02-28 15:37:58.147,0.7000000000000001,sell,3826.7,BTC-29MAR19-3750-P,58.16,0.0565,0.7000000000000001,3,1551368278147,16112202,670
2019-02-28 15:48:27.730,6.0,buy,3851.73,BTC-29MAR19-3750-P,58.63,0.054000000000000006,6.0,2,1551368907730,16119258,671
2019-02-28 16:29:29.892,0.5,buy,3838.18,BTC-29MAR19-3750-P,58.82,0.0555,0.5,0,1551371369892,16122500,672
2019-02-28 17:11:02.625,0.1,buy,3803.75,BTC-29MAR19-3750-P,59.09,0.06,0.1,0,1551373862625,16129588,673
2019-02-28 17:14:59.312,0.1,buy,3800.89,BTC-29MAR19-3750-P,58.62,0.06,0.1,1,1551374099312,16129908,674
2019-02-28 17:29:47.233,6.5,sell,3806.99,BTC-29MAR19-3750-P,57.78,0.057999999999999996,6.5,2,1551374987233,16130592,675
2019-02-28 17:29:47.233,0.1,sell,3806.99,BTC-29MAR19-3750-P,57.33,0.0575,0.1,2,1551374987233,16130593,676
2019-02-28 17:49:26.683,6.1000000000000005,buy,3796.4,BTC-29MAR19-3750-P,57.82,0.0595,6.1000000000000005,0,1551376166683,16131896,677
2019-02-28 23:21:32.019,6.2,sell,3794.91,BTC-29MAR19-3750-P,57.1,0.0585,6.2,2,1551396092019,16140230,678
2019-03-01 07:27:36.581,6.0,buy,3796.28,BTC-29MAR19-3750-P,56.02,0.057,6.0,2,1551425256581,16143709,679
2019-03-01 12:21:45.074,4.0,buy,3809.14,BTC-29MAR19-3750-P,57.13,0.055999999999999994,4.0,2,1551442905074,16149496,680
2019-03-01 14:00:43.883,75.0,buy,3817.95,BTC-29MAR19-3750-P,56.22,0.054000000000000006,75.0,2,1551448843883,16150310,681
2019-03-01 15:31:24.817,1.0,sell,3815.79,BTC-29MAR19-3750-P,54.61,0.0525,1.0,2,1551454284817,16151467,682
2019-03-01 15:32:12.001,1.0,sell,3815.86,BTC-29MAR19-3750-P,54.61,0.0525,1.0,3,1551454332001,16151475,683
2019-03-01 16:58:41.183,6.9,sell,3828.19,BTC-29MAR19-3750-P,53.84,0.05,6.9,3,1551459521183,16153043,687
2019-03-01 16:58:41.183,7.0,sell,3828.19,BTC-29MAR19-3750-P,53.84,0.05,7.0,3,1551459521183,16153042,686
2019-03-01 16:58:41.183,4.5,sell,3828.19,BTC-29MAR19-3750-P,53.84,0.05,4.5,2,1551459521183,16153040,684
2019-03-01 16:58:41.183,0.1,sell,3828.19,BTC-29MAR19-3750-P,53.84,0.05,0.1,3,1551459521183,16153041,685
2019-03-01 17:01:25.979,50.0,buy,3828.25,BTC-29MAR19-3750-P,53.85,0.05,50.0,3,1551459685979,16153069,688
2019-03-02 11:34:20.089,0.6,buy,3810.5,BTC-29MAR19-3750-P,55.4,0.053,0.6,0,1551526460089,16174703,689
2019-03-02 11:34:33.477,3.0,buy,3811.12,BTC-29MAR19-3750-P,55.93,0.0535,3.0,0,1551526473477,16174707,690
2019-03-02 11:38:30.465,2.5,buy,3812.34,BTC-29MAR19-3750-P,56.09,0.0535,2.5,1,1551526710465,16174749,692
2019-03-02 11:38:30.465,0.5,buy,3812.34,BTC-29MAR19-3750-P,56.09,0.0535,0.5,1,1551526710465,16174748,691
2019-03-02 11:38:38.561,0.4,buy,3812.61,BTC-29MAR19-3750-P,56.11,0.0535,0.4,1,1551526718561,16174751,693
2019-03-02 12:17:05.189,3.0,buy,3809.38,BTC-29MAR19-3750-P,56.12,0.054000000000000006,3.0,0,1551529025189,16175307,694
2019-03-02 12:18:12.181,7.0,buy,3808.64,BTC-29MAR19-3750-P,56.57,0.0545,7.0,0,1551529092181,16175353,695
2019-03-02 12:21:41.318,3.0,buy,3806.56,BTC-29MAR19-3750-P,56.66,0.055,3.0,0,1551529301318,16175429,696
2019-03-02 12:24:00.967,5.0,buy,3806.68,BTC-29MAR19-3750-P,56.65,0.055,5.0,1,1551529440967,16175451,697
2019-03-02 13:19:10.270,1.0,sell,3815.54,BTC-29MAR19-3750-P,56.61,0.0535,1.0,2,1551532750270,16176237,698
2019-03-02 13:54:01.674,3.0,buy,3812.52,BTC-29MAR19-3750-P,56.69,0.054000000000000006,3.0,0,1551534841674,16176450,699
2019-03-02 13:54:06.664,4.0,buy,3812.52,BTC-29MAR19-3750-P,56.69,0.054000000000000006,4.0,1,1551534846664,16176451,700
2019-03-02 16:19:20.699,6.0,sell,3800.98,BTC-29MAR19-3750-P,56.7,0.0555,6.0,0,1551543560699,16178991,701
2019-03-02 16:39:53.693,0.5,sell,3805.29,BTC-29MAR19-3750-P,54.62,0.0525,0.5,2,1551544793693,16179204,702
2019-03-02 19:15:48.385,0.1,sell,3804.81,BTC-29MAR19-3750-P,54.64,0.053,0.1,0,1551554148385,16180566,703
2019-03-02 19:15:48.385,0.1,sell,3804.81,BTC-29MAR19-3750-P,54.64,0.053,0.1,1,1551554148385,16180567,704
2019-03-02 19:17:34.256,1.0,sell,3804.87,BTC-29MAR19-3750-P,54.17,0.0525,1.0,2,1551554254256,16180579,705
2019-03-03 05:57:49.886,0.1,buy,3810.11,BTC-29MAR19-3750-P,56.34,0.053,0.1,0,1551592669886,16185218,706
2019-03-03 05:57:49.886,0.6,buy,3810.11,BTC-29MAR19-3750-P,56.34,0.053,0.6,1,1551592669886,16185219,707
2019-03-03 06:17:12.131,1.4,buy,3810.31,BTC-29MAR19-3750-P,56.83,0.0535,1.4,0,1551593832131,16185255,708
2019-03-03 06:17:19.558,0.9,buy,3810.57,BTC-29MAR19-3750-P,56.86,0.0535,0.9,1,1551593839558,16185256,709
2019-03-03 08:42:55.958,0.9,buy,3799.02,BTC-29MAR19-3750-P,57.08,0.055999999999999994,0.9,0,1551602575958,16187091,710
2019-03-03 08:43:11.820,1.1,buy,3800.37,BTC-29MAR19-3750-P,57.27,0.055999999999999994,1.1,1,1551602591820,16187109,711
2019-03-03 09:33:13.173,3.0,buy,3806.66,BTC-29MAR19-3750-P,57.38,0.0545,3.0,2,1551605593173,16187658,712
2019-03-03 09:34:23.108,1.0,buy,3806.19,BTC-29MAR19-3750-P,58.23,0.0555,1.0,0,1551605663108,16187667,713
2019-03-03 11:10:42.226,5.0,buy,3809.98,BTC-29MAR19-3750-P,56.38,0.053,5.0,2,1551611442226,16188120,714
2019-03-03 11:12:18.602,5.0,buy,3810.62,BTC-29MAR19-3750-P,56.91,0.0535,5.0,0,1551611538602,16188154,715
2019-03-03 12:22:36.142,2.0,buy,3806.78,BTC-29MAR19-3750-P,56.7,0.054000000000000006,2.0,0,1551615756142,16189203,716
2019-03-03 18:27:18.159,0.6,sell,3790.07,BTC-29MAR19-3750-P,56.77,0.055999999999999994,0.6,0,1551637638159,16196967,717
2019-03-03 18:27:37.502,6.0,sell,3790.64,BTC-29MAR19-3750-P,56.46,0.0555,6.0,2,1551637657502,16196976,718
2019-03-03 19:40:06.665,6.0,sell,3791.89,BTC-29MAR19-3750-P,56.03,0.055,6.0,2,1551642006665,16197371,719
2019-03-03 21:07:52.431,0.1,buy,3792.4,BTC-29MAR19-3750-P,57.09,0.056,0.1,0,1551647272431,16197802,720
2019-03-03 21:45:22.180,6.0,sell,3790.48,BTC-29MAR19-3750-P,55.97,0.055,6.0,2,1551649522180,16198086,721
2019-03-03 21:46:04.228,6.0,sell,3790.67,BTC-29MAR19-3750-P,55.97,0.055,6.0,3,1551649564228,16198094,722
2019-03-03 21:47:47.951,6.0,sell,3790.93,BTC-29MAR19-3750-P,55.94,0.055,6.0,3,1551649667951,16198101,723
2019-03-03 22:19:35.604,6.0,sell,3789.48,BTC-29MAR19-3750-P,56.0,0.055,6.0,3,1551651575604,16198309,724
2019-03-03 22:23:15.694,6.0,sell,3788.54,BTC-29MAR19-3750-P,55.93,0.055,6.0,3,1551651795694,16198355,725
2019-03-03 22:41:57.300,5.9,sell,3784.78,BTC-29MAR19-3750-P,55.88,0.0555,5.9,0,1551652917300,16198523,726
2019-03-03 22:42:07.623,5.9,sell,3784.33,BTC-29MAR19-3750-P,55.84,0.0555,5.9,1,1551652927623,16198524,727
2019-03-03 22:46:28.698,5.9,sell,3780.95,BTC-29MAR19-3750-P,56.0,0.056,5.9,0,1551653188698,16198710,728
2019-03-03 22:48:11.283,5.9,sell,3780.89,BTC-29MAR19-3750-P,56.02,0.056,5.9,1,1551653291283,16198804,729
2019-03-03 22:57:51.481,5.9,sell,3782.99,BTC-29MAR19-3750-P,55.78,0.0555,5.9,2,1551653871481,16198959,730
2019-03-03 22:58:24.059,6.0,sell,3783.7,BTC-29MAR19-3750-P,55.56,0.055,6.0,2,1551653904059,16198971,731
2019-03-04 02:16:04.792,1.0,buy,3801.38,BTC-29MAR19-3750-P,58.22,0.055,1.0,3,1551665764792,16203496,732
2019-03-04 04:56:30.152,0.2,buy,3745.81,BTC-29MAR19-3750-P,55.49,0.06,0.2,0,1551675390152,16211933,733
2019-03-04 05:10:13.332,0.1,buy,3727.88,BTC-29MAR19-3750-P,56.04,0.063,0.1,0,1551676213332,16213546,734
2019-03-04 05:10:14.771,0.1,buy,3726.6,BTC-29MAR19-3750-P,55.84,0.063,0.1,1,1551676214771,16213620,735
2019-03-04 05:10:14.976,0.1,buy,3726.6,BTC-29MAR19-3750-P,55.84,0.063,0.1,1,1551676214976,16213624,736
2019-03-04 05:10:20.353,4.8,buy,3725.12,BTC-29MAR19-3750-P,55.56,0.063,4.8,1,1551676220353,16213742,737
2019-03-04 05:10:23.399,4.8,buy,3720.47,BTC-29MAR19-3750-P,54.85,0.063,4.8,1,1551676223399,16213838,738
2019-03-04 05:10:28.124,0.1,buy,3718.51,BTC-29MAR19-3750-P,54.48,0.063,0.1,1,1551676228124,16213919,739
2019-03-04 05:10:28.530,0.1,buy,3718.51,BTC-29MAR19-3750-P,54.48,0.063,0.1,1,1551676228530,16213927,740
2019-03-04 05:10:29.105,0.1,buy,3717.25,BTC-29MAR19-3750-P,54.47,0.063,0.1,1,1551676229105,16213944,741
2019-03-04 05:10:29.705,0.1,buy,3716.23,BTC-29MAR19-3750-P,54.27,0.063,0.1,1,1551676229705,16213965,742
2019-03-04 05:10:33.314,6.0,buy,3716.54,BTC-29MAR19-3750-P,54.15,0.063,6.0,1,1551676233314,16214185,743
2019-03-04 05:10:34.555,3.7,buy,3713.7,BTC-29MAR19-3750-P,53.68,0.063,3.7,1,1551676234555,16214240,744
2019-03-04 06:19:04.209,4.8,sell,3725.91,BTC-29MAR19-3750-P,53.88,0.061,4.8,2,1551680344209,16220110,745
2019-03-04 06:19:16.716,2.2,sell,3725.79,BTC-29MAR19-3750-P,53.43,0.0605,2.2,2,1551680356716,16220154,746
2019-03-04 07:03:50.718,0.1,sell,3726.42,BTC-29MAR19-3750-P,55.14,0.062,0.1,0,1551683030718,16221098,747
2019-03-04 07:18:47.646,2.0,sell,3733.46,BTC-29MAR19-3750-P,55.72,0.0615,2.0,2,1551683927646,16221456,748
2019-03-04 07:38:08.164,0.5,buy,3729.23,BTC-29MAR19-3750-P,56.01,0.0625,0.5,0,1551685088164,16221766,749
2019-03-04 09:36:16.120,0.9,sell,3718.34,BTC-29MAR19-3750-P,54.54,0.063,0.9,1,1551692176120,16224509,751
2019-03-04 09:36:16.120,0.1,sell,3718.34,BTC-29MAR19-3750-P,54.54,0.063,0.1,0,1551692176120,16224508,750
2019-03-04 10:16:52.556,0.1,sell,3691.2,BTC-29MAR19-3750-P,55.18,0.068,0.1,0,1551694612556,16227842,752
2019-03-04 10:24:24.901,0.1,sell,3694.62,BTC-29MAR19-3750-P,54.95,0.067,0.1,2,1551695064901,16228328,753
2019-03-04 10:38:24.764,0.1,buy,3675.69,BTC-29MAR19-3750-P,57.05,0.0725,0.1,0,1551695904764,16229749,754
2019-03-04 10:38:24.764,3.9,buy,3675.69,BTC-29MAR19-3750-P,57.53,0.073,3.9,0,1551695904764,16229750,755
2019-03-04 10:44:35.684,0.9,buy,3672.91,BTC-29MAR19-3750-P,56.91,0.073,0.9,1,1551696275684,16230669,758
2019-03-04 10:44:35.684,2.0,buy,3672.91,BTC-29MAR19-3750-P,56.91,0.073,2.0,0,1551696275684,16230668,757
2019-03-04 10:44:35.684,0.1,buy,3672.91,BTC-29MAR19-3750-P,56.42,0.0725,0.1,2,1551696275684,16230667,756
2019-03-04 11:18:38.596,0.1,buy,3704.6,BTC-29MAR19-3750-P,53.38,0.064,0.1,2,1551698318596,16233595,759
2019-03-04 14:05:37.139,4.4,sell,3703.25,BTC-29MAR19-3750-P,54.1,0.0645,4.4,0,1551708337139,16236896,760
2019-03-04 14:05:54.476,4.4,sell,3703.19,BTC-29MAR19-3750-P,53.7,0.064,4.4,2,1551708354476,16236922,761
2019-03-04 14:06:11.138,0.1,sell,3703.33,BTC-29MAR19-3750-P,53.29,0.0635,0.1,3,1551708371138,16236934,763
2019-03-04 14:06:11.138,6.0,sell,3703.33,BTC-29MAR19-3750-P,53.29,0.0635,6.0,2,1551708371138,16236933,762
2019-03-04 14:06:11.138,5.1000000000000005,sell,3703.33,BTC-29MAR19-3750-P,53.29,0.0635,5.1000000000000005,3,1551708371138,16236935,764
2019-03-04 14:06:11.138,3.8,sell,3703.33,BTC-29MAR19-3750-P,53.29,0.0635,3.8,3,1551708371138,16236936,765
2019-03-04 14:12:12.740,4.5,sell,3708.25,BTC-29MAR19-3750-P,53.8,0.0635,4.5,3,1551708732740,16237066,766
2019-03-04 14:12:37.588,0.2,buy,3708.79,BTC-29MAR19-3750-P,53.43,0.063,0.2,2,1551708757588,16237083,767
2019-03-04 14:12:37.592,6.0,buy,3708.79,BTC-29MAR19-3750-P,53.43,0.063,6.0,3,1551708757592,16237084,768
2019-03-04 14:12:42.635,5.5,buy,3709.75,BTC-29MAR19-3750-P,53.43,0.063,5.5,3,1551708762635,16237089,769
2019-03-04 18:40:00.391,1.0,buy,3708.59,BTC-29MAR19-3750-P,55.14,0.0645,1.0,0,1551724800391,16242149,770
2019-03-04 21:07:16.466,4.0,sell,3708.7,BTC-29MAR19-3750-P,54.14,0.0635,4.0,2,1551733636466,16243661,771
2019-03-04 21:07:17.461,0.5,sell,3708.63,BTC-29MAR19-3750-P,54.12,0.0635,0.5,3,1551733637461,16243662,772
2019-03-04 21:39:01.766,4.3,sell,3701.91,BTC-29MAR19-3750-P,53.74,0.064,4.3,0,1551735541766,16243992,773
2019-03-04 21:51:06.296,4.0,buy,3698.02,BTC-29MAR19-3750-P,53.39,0.064,4.0,1,1551736266296,16244222,774
2019-03-04 21:51:06.296,0.3,buy,3698.02,BTC-29MAR19-3750-P,53.39,0.064,0.3,1,1551736266296,16244223,775
2019-03-04 21:51:11.630,4.0,buy,3698.78,BTC-29MAR19-3750-P,53.56,0.064,4.0,1,1551736271630,16244225,776
2019-03-04 21:51:13.007,0.3,sell,3698.78,BTC-29MAR19-3750-P,53.56,0.064,0.3,1,1551736273007,16244233,777
2019-03-05 00:07:17.052,0.1,sell,3704.81,BTC-29MAR19-3750-P,53.21,0.062,0.1,2,1551744437052,16246536,778
2019-03-05 00:07:17.052,0.1,sell,3704.81,BTC-29MAR19-3750-P,53.21,0.062,0.1,3,1551744437052,16246537,779
2019-03-05 09:13:18.425,1.0,sell,3727.11,BTC-29MAR19-3750-P,54.59,0.0595,1.0,2,1551777198425,16253213,780
2019-03-05 09:13:18.425,4.5,sell,3727.11,BTC-29MAR19-3750-P,54.1,0.059000000000000004,4.5,3,1551777198425,16253215,782
2019-03-05 09:13:18.425,0.5,sell,3727.11,BTC-29MAR19-3750-P,54.1,0.059000000000000004,0.5,2,1551777198425,16253214,781
2019-03-05 09:19:50.454,4.9,sell,3725.77,BTC-29MAR19-3750-P,53.98,0.059000000000000004,4.9,3,1551777590454,16253324,783
2019-03-05 09:20:14.547,4.9,sell,3725.58,BTC-29MAR19-3750-P,53.97,0.059000000000000004,4.9,3,1551777614547,16253343,784
2019-03-05 09:35:18.960,0.5,sell,3723.04,BTC-29MAR19-3750-P,53.62,0.059000000000000004,0.5,3,1551778518960,16253618,785
2019-03-05 09:35:18.960,4.8,sell,3723.04,BTC-29MAR19-3750-P,53.62,0.059000000000000004,4.8,3,1551778518960,16253619,786
2019-03-05 09:35:33.324,4.9,sell,3722.81,BTC-29MAR19-3750-P,53.69,0.059000000000000004,4.9,3,1551778533324,16253628,787
2019-03-05 09:35:33.324,0.5,sell,3722.81,BTC-29MAR19-3750-P,53.69,0.059000000000000004,0.5,3,1551778533324,16253629,788
2019-03-05 10:57:07.354,1.0,buy,3721.69,BTC-29MAR19-3750-P,54.64,0.06,1.0,0,1551783427354,16254376,789
2019-03-05 10:57:27.322,0.5,buy,3721.43,BTC-29MAR19-3750-P,54.61,0.06,0.5,1,1551783447322,16254377,790
2019-03-05 13:15:21.244,0.5,buy,3768.49,BTC-29MAR19-3750-P,52.95,0.0515,0.5,2,1551791721244,16260117,791
2019-03-05 13:44:39.618,0.1,sell,3798.16,BTC-29MAR19-3750-P,53.6,0.0485,0.1,2,1551793479618,16265449,792
2019-03-05 13:49:21.133,0.1,sell,3805.98,BTC-29MAR19-3750-P,54.51,0.0485,0.1,3,1551793761133,16267804,793
2019-03-05 17:39:15.876,0.1,sell,3842.36,BTC-29MAR19-3750-P,54.39,0.0435,0.1,2,1551807555876,16291897,794
2019-03-05 18:42:16.573,0.6,sell,3841.85,BTC-29MAR19-3750-P,53.23,0.0425,0.6,3,1551811336573,16292932,796
2019-03-05 18:42:16.573,5.3,sell,3841.85,BTC-29MAR19-3750-P,53.23,0.0425,5.3,2,1551811336573,16292931,795
2019-03-05 18:58:00.976,5.0,sell,3837.64,BTC-29MAR19-3750-P,52.71,0.0425,5.0,2,1551812280976,16293041,798
2019-03-05 18:58:00.976,0.1,sell,3837.64,BTC-29MAR19-3750-P,53.22,0.043,0.1,0,1551812280976,16293040,797
2019-03-05 18:58:00.976,7.0,sell,3837.64,BTC-29MAR19-3750-P,52.2,0.042,7.0,3,1551812280976,16293043,800
2019-03-05 18:58:00.976,0.1,sell,3837.64,BTC-29MAR19-3750-P,52.2,0.042,0.1,2,1551812280976,16293042,799
2019-03-05 18:58:00.976,87.8,sell,3837.64,BTC-29MAR19-3750-P,51.19,0.041,87.8,2,1551812280976,16293044,801
2019-03-05 19:40:27.319,0.6,buy,3842.15,BTC-29MAR19-3750-P,54.37,0.0435,0.6,0,1551814827319,16293673,802
2019-03-05 19:40:27.319,0.6,buy,3842.15,BTC-29MAR19-3750-P,54.37,0.0435,0.6,1,1551814827319,16293674,803
2019-03-05 19:43:33.031,1.0,buy,3842.52,BTC-29MAR19-3750-P,54.58,0.0435,1.0,1,1551815013031,16293698,804
2019-03-05 22:21:18.779,0.5,buy,3828.16,BTC-29MAR19-3750-P,54.68,0.045,0.5,0,1551824478779,16296215,805
2019-03-05 23:31:35.844,0.6,sell,3838.56,BTC-29MAR19-3750-P,53.87,0.043,0.6,2,1551828695844,16296924,806
2019-03-06 00:03:41.149,1.0,buy,3845.64,BTC-29MAR19-3750-P,54.94,0.043,1.0,3,1551830621149,16297690,807
2019-03-06 00:45:36.149,0.6,buy,3825.93,BTC-29MAR19-3750-P,55.05,0.0455,0.6,0,1551833136149,16301111,808
2019-03-06 00:46:00.462,1.4,buy,3826.26,BTC-29MAR19-3750-P,55.6,0.046,1.4,0,1551833160462,16301112,809
2019-03-06 01:58:37.724,1.0,sell,3828.4,BTC-29MAR19-3750-P,55.09,0.0455,1.0,2,1551837517724,16302114,810
2019-03-06 02:04:40.788,0.6,sell,3828.71,BTC-29MAR19-3750-P,54.06,0.0445,0.6,2,1551837880788,16302162,811
2019-03-06 02:05:09.129,2.5,sell,3828.65,BTC-29MAR19-3750-P,53.53,0.044,2.5,3,1551837909129,16302168,813
2019-03-06 02:05:09.129,0.5,sell,3828.65,BTC-29MAR19-3750-P,53.53,0.044,0.5,2,1551837909129,16302167,812
2019-03-06 03:37:16.910,0.6,sell,3818.6,BTC-29MAR19-3750-P,53.05,0.0445,0.6,0,1551843436910,16303397,814
2019-03-06 03:37:24.930,7.0,buy,3818.62,BTC-29MAR19-3750-P,53.04,0.0445,7.0,1,1551843444930,16303405,815
2019-03-06 03:57:42.802,0.5,buy,3816.38,BTC-29MAR19-3750-P,55.09,0.0465,0.5,0,1551844662802,16303837,816
2019-03-06 03:57:42.802,0.5,buy,3816.38,BTC-29MAR19-3750-P,55.09,0.0465,0.5,1,1551844662802,16303838,817
2019-03-06 03:58:06.740,1.0,sell,3816.77,BTC-29MAR19-3750-P,53.62,0.045,1.0,2,1551844686740,16303842,818
2019-03-06 04:06:30.133,0.1,buy,3814.16,BTC-29MAR19-3750-P,55.31,0.047,0.1,0,1551845190133,16304066,819
2019-03-06 04:06:30.133,0.4,buy,3814.16,BTC-29MAR19-3750-P,55.81,0.0475,0.4,0,1551845190133,16304068,821
2019-03-06 04:06:30.133,0.5,buy,3814.16,BTC-29MAR19-3750-P,55.31,0.047,0.5,1,1551845190133,16304067,820
2019-03-06 09:13:42.553,0.1,sell,3834.62,BTC-29MAR19-3750-P,53.46,0.0425,0.1,2,1551863622553,16309571,822
2019-03-06 10:19:58.297,0.5,sell,3844.85,BTC-29MAR19-3750-P,53.42,0.0415,0.5,2,1551867598297,16310624,823
2019-03-06 10:45:54.072,0.1,buy,3871.31,BTC-29MAR19-3750-P,52.74,0.038,0.1,2,1551869154072,16314194,824
2019-03-06 10:45:54.080,0.2,buy,3871.31,BTC-29MAR19-3750-P,52.74,0.038,0.2,3,1551869154080,16314195,825
2019-03-06 10:45:54.146,0.1,buy,3871.31,BTC-29MAR19-3750-P,52.74,0.038,0.1,3,1551869154146,16314197,826
2019-03-06 10:45:54.180,0.1,buy,3871.31,BTC-29MAR19-3750-P,52.74,0.038,0.1,3,1551869154180,16314198,827
2019-03-06 14:27:36.188,0.4,sell,3830.34,BTC-29MAR19-3750-P,52.61,0.042,0.4,0,1551882456188,16321864,828
2019-03-06 14:27:36.246,0.2,buy,3830.34,BTC-29MAR19-3750-P,52.61,0.042,0.2,1,1551882456246,16321865,829
2019-03-06 14:27:39.886,0.4,buy,3830.34,BTC-29MAR19-3750-P,52.62,0.042,0.4,1,1551882459886,16321869,830
2019-03-06 14:27:44.929,1.0,sell,3830.34,BTC-29MAR19-3750-P,52.62,0.042,1.0,1,1551882464929,16321870,831
2019-03-06 14:27:59.605,1.0,buy,3831.22,BTC-29MAR19-3750-P,52.74,0.042,1.0,1,1551882479605,16321887,832
2019-03-06 14:28:04.069,1.0,buy,3831.23,BTC-29MAR19-3750-P,52.72,0.042,1.0,1,1551882484069,16321888,833
2019-03-06 14:28:05.286,1.0,sell,3831.23,BTC-29MAR19-3750-P,52.72,0.042,1.0,1,1551882485286,16321889,834
2019-03-06 14:28:09.862,1.0,buy,3831.22,BTC-29MAR19-3750-P,52.71,0.042,1.0,1,1551882489862,16321891,835
2019-03-06 14:29:29.800,1.0,buy,3830.4,BTC-29MAR19-3750-P,52.7,0.042,1.0,1,1551882569800,16321921,836
2019-03-06 15:56:02.741,5.0,sell,3849.51,BTC-29MAR19-3750-P,52.71,0.04,5.0,2,1551887762741,16324374,837
2019-03-06 16:47:24.353,0.5,buy,3849.69,BTC-29MAR19-3750-P,54.94,0.0415,0.5,0,1551890844353,16325355,838
2019-03-06 16:59:21.055,1.0,buy,3856.72,BTC-29MAR19-3750-P,55.13,0.040999999999999995,1.0,3,1551891561055,16325714,840
2019-03-06 16:59:21.055,1.0,buy,3856.72,BTC-29MAR19-3750-P,55.13,0.040999999999999995,1.0,2,1551891561055,16325713,839
2019-03-06 17:18:47.949,0.1,sell,3846.39,BTC-29MAR19-3750-P,52.65,0.04,0.1,2,1551892727949,16326180,841
2019-03-06 17:18:47.949,0.6,sell,3846.39,BTC-29MAR19-3750-P,52.65,0.04,0.6,3,1551892727949,16326181,842
2019-03-06 19:50:05.120,0.1,sell,3843.55,BTC-29MAR19-3750-P,52.21,0.0395,0.1,2,1551901805120,16327122,843
2019-03-06 19:50:05.120,6.0,sell,3843.55,BTC-29MAR19-3750-P,52.21,0.0395,6.0,3,1551901805120,16327123,844
2019-03-06 19:50:05.343,6.0,buy,3843.55,BTC-29MAR19-3750-P,52.21,0.0395,6.0,3,1551901805343,16327124,845
2019-03-06 19:50:09.264,6.0,buy,3843.55,BTC-29MAR19-3750-P,52.21,0.0395,6.0,3,1551901809264,16327125,846
2019-03-06 19:50:16.407,6.0,sell,3843.23,BTC-29MAR19-3750-P,51.65,0.039,6.0,3,1551901816407,16327130,851
2019-03-06 19:50:16.407,0.1,sell,3843.23,BTC-29MAR19-3750-P,51.65,0.039,0.1,3,1551901816407,16327129,850
2019-03-06 19:50:16.407,6.8,sell,3843.23,BTC-29MAR19-3750-P,51.65,0.039,6.8,2,1551901816407,16327126,847
2019-03-06 19:50:16.407,1.0,sell,3843.23,BTC-29MAR19-3750-P,51.65,0.039,1.0,3,1551901816407,16327127,848
2019-03-06 19:50:16.407,13.0,sell,3843.23,BTC-29MAR19-3750-P,51.65,0.039,13.0,3,1551901816407,16327128,849
2019-03-06 19:50:30.370,6.0,buy,3843.18,BTC-29MAR19-3750-P,52.2,0.0395,6.0,0,1551901830370,16327145,852
2019-03-06 19:50:38.257,6.0,buy,3843.26,BTC-29MAR19-3750-P,52.2,0.0395,6.0,1,1551901838257,16327147,853
2019-03-06 19:50:43.874,6.0,buy,3843.25,BTC-29MAR19-3750-P,52.21,0.0395,6.0,1,1551901843874,16327148,854
2019-03-06 19:50:54.281,6.0,buy,3843.19,BTC-29MAR19-3750-P,52.21,0.0395,6.0,1,1551901854281,16327149,855
2019-03-06 19:50:57.741,6.0,buy,3843.19,BTC-29MAR19-3750-P,52.21,0.0395,6.0,1,1551901857741,16327150,856
2019-03-06 19:51:12.913,13.0,sell,3843.19,BTC-29MAR19-3750-P,51.17,0.0385,13.0,3,1551901872913,16327155,859
2019-03-06 19:51:12.913,68.1,sell,3843.19,BTC-29MAR19-3750-P,50.12,0.0375,68.1,2,1551901872913,16327159,863
2019-03-06 19:51:12.913,5.0,sell,3843.19,BTC-29MAR19-3750-P,51.17,0.0385,5.0,3,1551901872913,16327154,858
2019-03-06 19:51:12.913,0.1,sell,3843.19,BTC-29MAR19-3750-P,51.17,0.0385,0.1,3,1551901872913,16327157,861
2019-03-06 19:51:12.913,2.0,sell,3843.19,BTC-29MAR19-3750-P,51.17,0.0385,2.0,2,1551901872913,16327153,857
2019-03-06 19:51:12.913,6.0,sell,3843.19,BTC-29MAR19-3750-P,51.17,0.0385,6.0,3,1551901872913,16327158,862
2019-03-06 19:51:12.913,5.8,sell,3843.19,BTC-29MAR19-3750-P,51.17,0.0385,5.8,3,1551901872913,16327156,860
2019-03-06 19:56:58.651,0.1,sell,3843.79,BTC-29MAR19-3750-P,52.74,0.04,0.1,0,1551902218651,16327201,864
2019-03-06 19:56:58.651,7.8,sell,3843.79,BTC-29MAR19-3750-P,52.74,0.04,7.8,1,1551902218651,16327202,865
2019-03-06 20:07:09.669,0.2,buy,3844.96,BTC-29MAR19-3750-P,52.99,0.04,0.2,1,1551902829669,16327280,866
2019-03-06 20:07:24.844,0.2,buy,3844.96,BTC-29MAR19-3750-P,53.01,0.04,0.2,1,1551902844844,16327287,867
2019-03-06 20:07:32.889,0.2,buy,3844.96,BTC-29MAR19-3750-P,53.06,0.04,0.2,1,1551902852889,16327290,868
2019-03-06 20:23:10.649,6.0,sell,3845.81,BTC-29MAR19-3750-P,53.19,0.04,6.0,1,1551903790649,16327340,869
2019-03-06 21:32:13.266,2.0,buy,3843.45,BTC-29MAR19-3750-P,53.15,0.0405,2.0,0,1551907933266,16327758,870
2019-03-06 21:44:18.941,1.0,sell,3848.85,BTC-29MAR19-3750-P,53.4,0.04,1.0,2,1551908658941,16327904,871
2019-03-06 23:16:43.798,1.0,sell,3852.68,BTC-29MAR19-3750-P,53.46,0.0395,1.0,2,1551914203798,16328482,872
2019-03-07 00:52:26.675,0.5,sell,3862.34,BTC-29MAR19-3750-P,51.78,0.0365,0.5,2,1551919946675,16331631,873
2019-03-07 01:01:26.588,0.4,buy,3859.98,BTC-29MAR19-3750-P,52.1,0.037000000000000005,0.4,0,1551920486588,16331809,874
2019-03-07 01:25:41.666,1.0,buy,3869.75,BTC-29MAR19-3750-P,54.67,0.0385,1.0,0,1551921941666,16334071,875
2019-03-07 08:50:21.504,0.3,sell,3845.37,BTC-29MAR19-3750-P,51.08,0.038,0.3,2,1551948621504,16345649,876
2019-03-07 09:07:02.942,5.0,sell,3846.26,BTC-29MAR19-3750-P,50.16,0.037000000000000005,5.0,3,1551949622942,16346424,878
2019-03-07 09:07:02.942,0.5,sell,3846.26,BTC-29MAR19-3750-P,50.16,0.037000000000000005,0.5,2,1551949622942,16346423,877
2019-03-07 09:50:17.382,0.1,buy,3847.92,BTC-29MAR19-3750-P,52.51,0.0385,0.1,0,1551952217382,16347173,879
2019-03-07 09:52:46.733,1.0,sell,3847.11,BTC-29MAR19-3750-P,50.24,0.0365,1.0,2,1551952366733,16347195,880
2019-03-07 09:54:15.209,1.0,sell,3846.9,BTC-29MAR19-3750-P,50.09,0.0365,1.0,3,1551952455209,16347207,881
2019-03-07 10:07:50.860,1.0,sell,3841.01,BTC-29MAR19-3750-P,50.64,0.0375,1.0,0,1551953270860,16347570,882
2019-03-07 10:22:41.611,0.1,buy,3836.7,BTC-29MAR19-3750-P,51.73,0.039,0.1,0,1551954161611,16348267,883
2019-03-07 10:37:32.147,5.0,sell,3840.72,BTC-29MAR19-3750-P,50.04,0.037000000000000005,5.0,2,1551955052147,16348457,884
2019-03-07 11:01:39.937,0.1,buy,3844.09,BTC-29MAR19-3750-P,51.47,0.038,0.1,0,1551956499937,16348915,885
2019-03-07 11:16:14.207,0.1,sell,3846.48,BTC-29MAR19-3750-P,50.56,0.0365,0.1,2,1551957374207,16349151,886
2019-03-07 11:43:31.385,1.9,sell,3850.86,BTC-29MAR19-3750-P,51.06,0.0365,1.9,3,1551959011385,16349479,887
2019-03-07 13:45:48.428,3.0,sell,3860.48,BTC-29MAR19-3750-P,50.2,0.035,3.0,2,1551966348428,16351953,888
2019-03-07 13:45:48.681,0.2,buy,3860.48,BTC-29MAR19-3750-P,50.21,0.035,0.2,3,1551966348681,16351954,889
2019-03-07 13:45:55.807,0.5,buy,3860.23,BTC-29MAR19-3750-P,50.23,0.035,0.5,3,1551966355807,16351962,891
2019-03-07 13:45:55.807,6.8,buy,3860.23,BTC-29MAR19-3750-P,50.23,0.035,6.8,3,1551966355807,16351961,890
2019-03-07 13:48:29.925,10.0,sell,3860.36,BTC-29MAR19-3750-P,49.4,0.034,10.0,2,1551966509925,16352042,892
2019-03-07 15:09:46.993,0.3,sell,3865.13,BTC-29MAR19-3750-P,49.06,0.0335,0.3,3,1551971386993,16355560,895
2019-03-07 15:09:46.993,8.6,sell,3865.13,BTC-29MAR19-3750-P,49.06,0.0335,8.6,3,1551971386993,16355559,894
2019-03-07 15:09:46.993,0.1,sell,3865.13,BTC-29MAR19-3750-P,49.06,0.0335,0.1,2,1551971386993,16355558,893
2019-03-07 17:00:21.686,13.0,sell,3872.22,BTC-29MAR19-3750-P,48.96,0.0325,13.0,2,1551978021686,16359071,896
2019-03-07 17:34:54.287,4.0,sell,3866.27,BTC-29MAR19-3750-P,50.16,0.034,4.0,0,1551980094287,16359994,897
2019-03-07 17:35:00.020,4.0,sell,3866.42,BTC-29MAR19-3750-P,50.17,0.034,4.0,1,1551980100020,16359995,898
2019-03-07 17:35:41.973,4.0,sell,3866.62,BTC-29MAR19-3750-P,50.19,0.034,4.0,1,1551980141973,16359998,899
2019-03-07 17:35:47.659,0.1,buy,3867.24,BTC-29MAR19-3750-P,50.25,0.034,0.1,1,1551980147659,16359999,900
2019-03-07 17:35:49.725,0.1,buy,3867.29,BTC-29MAR19-3750-P,50.24,0.034,0.1,1,1551980149725,16360000,901
2019-03-07 17:35:51.025,0.1,buy,3867.24,BTC-29MAR19-3750-P,50.24,0.034,0.1,1,1551980151025,16360001,902
2019-03-07 17:35:54.295,0.1,buy,3867.68,BTC-29MAR19-3750-P,50.22,0.034,0.1,1,1551980154295,16360002,903
2019-03-07 17:35:55.435,0.1,buy,3867.68,BTC-29MAR19-3750-P,50.26,0.034,0.1,1,1551980155435,16360003,904
2019-03-07 17:35:56.627,0.1,buy,3867.71,BTC-29MAR19-3750-P,50.25,0.034,0.1,1,1551980156627,16360004,905
2019-03-07 17:35:57.968,0.1,buy,3867.71,BTC-29MAR19-3750-P,50.25,0.034,0.1,1,1551980157968,16360005,906
2019-03-07 17:35:59.610,0.1,buy,3868.19,BTC-29MAR19-3750-P,50.23,0.034,0.1,1,1551980159610,16360007,907
2019-03-07 17:36:02.778,0.1,buy,3868.23,BTC-29MAR19-3750-P,50.29,0.034,0.1,1,1551980162778,16360008,908
2019-03-07 17:36:06.545,0.1,buy,3867.56,BTC-29MAR19-3750-P,50.17,0.034,0.1,1,1551980166545,16360009,909
2019-03-07 17:36:07.611,0.1,buy,3867.53,BTC-29MAR19-3750-P,50.17,0.034,0.1,1,1551980167611,16360010,910
2019-03-07 17:36:08.555,0.1,buy,3867.53,BTC-29MAR19-3750-P,50.17,0.034,0.1,1,1551980168555,16360011,911
2019-03-07 17:36:11.363,0.1,sell,3867.58,BTC-29MAR19-3750-P,50.16,0.034,0.1,1,1551980171363,16360013,912
2019-03-07 17:38:42.737,95.1,buy,3868.18,BTC-29MAR19-3750-P,50.33,0.034,95.1,1,1551980322737,16360030,914
2019-03-07 17:38:42.737,4.9,buy,3868.18,BTC-29MAR19-3750-P,50.33,0.034,4.9,1,1551980322737,16360029,913
2019-03-07 17:42:11.135,100.0,sell,3867.1,BTC-29MAR19-3750-P,50.27,0.034,100.0,1,1551980531135,16360052,915
2019-03-07 17:45:54.385,50.0,sell,3866.77,BTC-29MAR19-3750-P,50.14,0.034,50.0,1,1551980754385,16360134,916
2019-03-07 17:49:16.913,20.0,sell,3863.66,BTC-29MAR19-3750-P,49.75,0.034,20.0,1,1551980956913,16360172,917
2019-03-07 17:49:16.913,20.0,sell,3863.66,BTC-29MAR19-3750-P,49.75,0.034,20.0,1,1551980956913,16360173,918
2019-03-07 17:51:48.018,20.0,sell,3859.76,BTC-29MAR19-3750-P,49.33,0.034,20.0,1,1551981108018,16360362,919
2019-03-07 17:55:07.342,25.0,sell,3857.91,BTC-29MAR19-3750-P,49.05,0.034,25.0,1,1551981307342,16360633,920
2019-03-07 17:58:53.575,2.0,sell,3857.74,BTC-29MAR19-3750-P,48.47,0.0335,2.0,2,1551981533575,16360716,921
2019-03-07 18:00:41.245,0.4,sell,3859.14,BTC-29MAR19-3750-P,49.09,0.034,0.4,0,1551981641245,16360734,922
2019-03-07 18:54:50.374,5.1000000000000005,sell,3866.34,BTC-29MAR19-3750-P,50.01,0.034,5.1000000000000005,1,1551984890374,16361200,923
2019-03-07 18:54:57.562,0.2,sell,3867.06,BTC-29MAR19-3750-P,50.15,0.034,0.2,1,1551984897562,16361208,924
2019-03-07 18:55:07.841,1.4,sell,3867.32,BTC-29MAR19-3750-P,50.24,0.034,1.4,1,1551984907841,16361221,925
2019-03-07 18:57:29.120,0.1,buy,3867.91,BTC-29MAR19-3750-P,50.26,0.034,0.1,1,1551985049120,16361262,926
2019-03-07 18:57:34.313,0.1,buy,3868.7,BTC-29MAR19-3750-P,50.88,0.0345,0.1,0,1551985054313,16361263,927
2019-03-07 18:57:35.689,0.1,buy,3868.7,BTC-29MAR19-3750-P,50.88,0.0345,0.1,1,1551985055689,16361264,928
2019-03-07 18:57:36.806,0.1,buy,3868.7,BTC-29MAR19-3750-P,50.87,0.0345,0.1,1,1551985056806,16361265,929
2019-03-07 18:57:37.967,0.1,buy,3868.7,BTC-29MAR19-3750-P,50.87,0.0345,0.1,1,1551985057967,16361266,930
2019-03-07 18:57:38.940,0.1,buy,3868.7,BTC-29MAR19-3750-P,50.87,0.0345,0.1,1,1551985058940,16361267,931
2019-03-07 18:57:40.033,0.1,buy,3868.7,BTC-29MAR19-3750-P,50.85,0.0345,0.1,1,1551985060033,16361268,932
2019-03-07 18:57:40.940,0.1,buy,3868.72,BTC-29MAR19-3750-P,50.85,0.0345,0.1,1,1551985060940,16361269,933
2019-03-07 18:57:41.981,0.1,buy,3868.43,BTC-29MAR19-3750-P,50.82,0.0345,0.1,1,1551985061981,16361270,934
2019-03-07 18:57:43.119,0.1,buy,3868.26,BTC-29MAR19-3750-P,50.79,0.0345,0.1,1,1551985063119,16361271,935
2019-03-07 18:57:43.125,0.1,buy,3868.26,BTC-29MAR19-3750-P,50.79,0.0345,0.1,1,1551985063125,16361272,936
2019-03-07 18:57:51.085,5.3,buy,3867.92,BTC-29MAR19-3750-P,50.76,0.0345,5.3,1,1551985071085,16361274,937
2019-03-07 20:55:18.073,0.3,buy,3869.15,BTC-29MAR19-3750-P,50.54,0.034,0.3,2,1551992118073,16362268,938
2019-03-07 20:55:18.073,5.3,buy,3869.15,BTC-29MAR19-3750-P,51.08,0.0345,5.3,0,1551992118073,16362269,939
2019-03-07 20:55:18.073,4.4,buy,3869.15,BTC-29MAR19-3750-P,51.08,0.0345,4.4,1,1551992118073,16362270,940
2019-03-07 23:07:42.093,1.1,buy,3860.95,BTC-29MAR19-3750-P,50.31,0.0345,1.1,1,1552000062093,16363629,941
2019-03-07 23:08:51.727,1.1,buy,3861.98,BTC-29MAR19-3750-P,50.87,0.035,1.1,1,1552000131727,16363637,943
2019-03-07 23:08:51.727,1.1,buy,3861.98,BTC-29MAR19-3750-P,50.87,0.035,1.1,0,1552000131727,16363636,942
2019-03-07 23:49:42.818,0.3,sell,3852.27,BTC-29MAR19-3750-P,49.0,0.034,0.3,2,1552002582818,16364138,944
2019-03-07 23:50:03.312,0.2,sell,3852.35,BTC-29MAR19-3750-P,48.48,0.0335,0.2,2,1552002603312,16364148,945
2019-03-08 00:10:17.593,0.3,sell,3860.55,BTC-29MAR19-3750-P,48.3,0.0325,0.3,3,1552003817593,16364354,947
2019-03-08 00:10:17.593,0.6,sell,3860.55,BTC-29MAR19-3750-P,47.76,0.032,0.6,2,1552003817593,16364355,948
2019-03-08 00:10:17.593,0.1,sell,3860.55,BTC-29MAR19-3750-P,48.3,0.0325,0.1,2,1552003817593,16364353,946
2019-03-08 00:34:48.201,0.3,buy,3860.27,BTC-29MAR19-3750-P,50.68,0.035,0.3,1,1552005288201,16364494,950
2019-03-08 00:34:48.201,0.3,buy,3860.27,BTC-29MAR19-3750-P,50.68,0.035,0.3,0,1552005288201,16364493,949
2019-03-08 00:34:48.213,0.4,sell,3860.27,BTC-29MAR19-3750-P,50.68,0.035,0.4,1,1552005288213,16364495,951
2019-03-08 02:37:07.070,2.0,buy,3861.96,BTC-29MAR19-3750-P,50.35,0.0345,2.0,2,1552012627070,16366414,952
2019-03-08 02:37:14.767,0.9,buy,3861.32,BTC-29MAR19-3750-P,50.84,0.035,0.9,0,1552012634767,16366415,953
2019-03-08 02:44:56.403,2.0,sell,3861.34,BTC-29MAR19-3750-P,49.9,0.034,2.0,2,1552013096403,16366472,954
2019-03-08 03:06:29.856,1.7,sell,3860.3,BTC-29MAR19-3750-P,48.41,0.033,1.7,3,1552014389856,16366579,958
2019-03-08 03:06:29.856,0.5,sell,3860.3,BTC-29MAR19-3750-P,48.41,0.033,0.5,3,1552014389856,16366578,957
2019-03-08 03:06:29.856,0.5,sell,3860.3,BTC-29MAR19-3750-P,48.41,0.033,0.5,2,1552014389856,16366577,956
2019-03-08 03:06:29.856,0.3,sell,3860.3,BTC-29MAR19-3750-P,48.96,0.0335,0.3,2,1552014389856,16366576,955
2019-03-08 03:08:40.573,0.3,buy,3859.87,BTC-29MAR19-3750-P,50.57,0.035,0.3,0,1552014520573,16366583,959
2019-03-08 03:08:40.772,0.5,sell,3859.87,BTC-29MAR19-3750-P,50.57,0.035,0.5,1,1552014520772,16366584,960
2019-03-08 03:20:30.487,1.0,buy,3856.05,BTC-29MAR19-3750-P,50.69,0.0355,1.0,0,1552015230487,16366673,961
2019-03-08 03:20:56.075,2.0,buy,3855.38,BTC-29MAR19-3750-P,51.11,0.036000000000000004,2.0,0,1552015256075,16366700,962
2019-03-08 03:47:27.624,0.7000000000000001,sell,3855.89,BTC-29MAR19-3750-P,50.94,0.0355,0.7000000000000001,2,1552016847624,16366825,963
2019-03-08 04:12:50.753,0.1,buy,3856.96,BTC-29MAR19-3750-P,51.0,0.0355,0.1,3,1552018370753,16367040,964
2019-03-08 04:22:46.620,0.2,sell,3858.19,BTC-29MAR19-3750-P,50.76,0.035,0.2,2,1552018966620,16367101,965
2019-03-08 04:24:44.692,0.5,sell,3860.3,BTC-29MAR19-3750-P,49.84,0.034,0.5,2,1552019084692,16367182,966
2019-03-08 04:24:44.692,0.3,sell,3860.3,BTC-29MAR19-3750-P,49.84,0.034,0.3,3,1552019084692,16367183,967
2019-03-08 04:33:19.225,1.3,sell,3867.91,BTC-29MAR19-3750-P,49.66,0.033,1.3,2,1552019599225,16367447,968
2019-03-08 05:21:00.927,3.0,sell,3869.5,BTC-29MAR19-3750-P,49.06,0.0325,3.0,2,1552022460927,16367846,969
2019-03-08 05:21:00.927,5.0,sell,3869.5,BTC-29MAR19-3750-P,49.06,0.0325,5.0,3,1552022460927,16367847,970
2019-03-08 06:16:41.130,0.1,sell,3875.28,BTC-29MAR19-3750-P,47.41,0.0305,0.1,2,1552025801130,16369014,972
2019-03-08 06:16:41.130,1.6,sell,3875.28,BTC-29MAR19-3750-P,47.41,0.0305,1.6,3,1552025801130,16369015,973
2019-03-08 06:16:41.130,0.3,sell,3875.28,BTC-29MAR19-3750-P,47.96,0.031,0.3,2,1552025801130,16369013,971
2019-03-08 06:47:09.684,1.6,sell,3898.27,BTC-29MAR19-3750-P,47.67,0.028,1.6,3,1552027629684,16374022,975
2019-03-08 06:47:09.684,0.1,sell,3898.27,BTC-29MAR19-3750-P,47.67,0.028,0.1,2,1552027629684,16374021,974
2019-03-08 06:53:06.682,0.3,buy,3885.42,BTC-29MAR19-3750-P,48.88,0.0305,0.3,0,1552027986682,16374685,976
2019-03-08 06:53:55.105,2.0,buy,3884.09,BTC-29MAR19-3750-P,49.46,0.031,2.0,0,1552028035105,16374770,977
2019-03-08 06:54:21.775,3.0,buy,3883.16,BTC-29MAR19-3750-P,49.35,0.031,3.0,1,1552028061775,16374796,978
2019-03-08 06:54:34.285,0.8,sell,3883.57,BTC-29MAR19-3750-P,49.98,0.0315,0.8,0,1552028074285,16374808,979
2019-03-08 06:54:41.371,5.0,buy,3883.68,BTC-29MAR19-3750-P,49.98,0.0315,5.0,1,1552028081371,16374813,980
2019-03-08 07:06:54.309,9.0,buy,3878.9,BTC-29MAR19-3750-P,50.39,0.0325,9.0,0,1552028814309,16375370,981
2019-03-08 07:09:23.005,0.2,buy,3870.51,BTC-29MAR19-3750-P,50.75,0.034,0.2,0,1552028963005,16375852,982
2019-03-08 07:09:23.005,0.5,buy,3870.51,BTC-29MAR19-3750-P,50.75,0.034,0.5,1,1552028963005,16375853,983
2019-03-08 07:14:46.165,1.6,sell,3875.45,BTC-29MAR19-3750-P,50.34,0.033,1.6,3,1552029286165,16376279,985
2019-03-08 07:14:46.165,3.4,sell,3875.45,BTC-29MAR19-3750-P,50.34,0.033,3.4,2,1552029286165,16376278,984
2019-03-08 07:14:46.250,0.2,sell,3875.45,BTC-29MAR19-3750-P,50.34,0.033,0.2,3,1552029286250,16376280,986
2019-03-08 07:14:57.628,2.4,sell,3875.96,BTC-29MAR19-3750-P,50.45,0.033,2.4,3,1552029297628,16376287,987
2019-03-08 07:15:13.731,0.5,sell,3875.49,BTC-29MAR19-3750-P,49.28,0.032,0.5,3,1552029313731,16376296,989
2019-03-08 07:15:13.731,2.0,sell,3875.49,BTC-29MAR19-3750-P,49.28,0.032,2.0,2,1552029313731,16376295,988
2019-03-08 07:19:56.778,0.2,buy,3870.41,BTC-29MAR19-3750-P,50.5,0.0335,0.2,0,1552029596778,16376398,990
2019-03-08 07:30:53.871,1.6,sell,3871.7,BTC-29MAR19-3750-P,49.56,0.0325,1.6,2,1552030253871,16377160,991
2019-03-08 07:40:22.093,0.1,buy,3866.12,BTC-29MAR19-3750-P,51.25,0.0345,0.1,0,1552030822093,16377436,992
2019-03-08 07:40:22.093,0.4,buy,3866.12,BTC-29MAR19-3750-P,51.25,0.0345,0.4,1,1552030822093,16377438,994
2019-03-08 07:40:22.093,0.5,buy,3866.12,BTC-29MAR19-3750-P,51.25,0.0345,0.5,1,1552030822093,16377437,993
2019-03-08 07:40:37.088,0.1,buy,3865.77,BTC-29MAR19-3750-P,51.18,0.0345,0.1,1,1552030837088,16377442,995
2019-03-08 07:41:15.443,1.0,buy,3864.48,BTC-29MAR19-3750-P,51.16,0.0345,1.0,1,1552030875443,16377480,996
2019-03-08 07:42:38.519,2.0,buy,3864.34,BTC-29MAR19-3750-P,51.18,0.0345,2.0,1,1552030958519,16377543,997
2019-03-08 08:08:12.927,0.1,buy,3869.0,BTC-29MAR19-3750-P,51.29,0.0345,0.1,1,1552032492927,16378172,998
2019-03-08 09:16:26.385,1.0,buy,3863.01,BTC-29MAR19-3750-P,50.78,0.0345,1.0,1,1552036586385,16379228,999
2019-03-08 10:08:24.211,3.0,sell,3868.31,BTC-29MAR19-3750-P,49.51,0.033,3.0,2,1552039704211,16380182,1000
2019-03-08 10:39:13.704,2.7,sell,3873.8,BTC-29MAR19-3750-P,49.32,0.032,2.7,2,1552041553704,16380647,1001
2019-03-08 10:40:11.878,2.3000000000000003,sell,3873.91,BTC-29MAR19-3750-P,49.17,0.032,2.3000000000000003,3,1552041611878,16380656,1002
2019-03-08 11:02:48.563,0.2,sell,3883.66,BTC-29MAR19-3750-P,46.96,0.029,0.2,2,1552042968563,16381816,1003
2019-03-08 11:02:48.563,2.4,sell,3883.66,BTC-29MAR19-3750-P,46.96,0.029,2.4,3,1552042968563,16381817,1004
2019-03-08 13:12:38.144,0.3,buy,3874.83,BTC-29MAR19-3750-P,48.62,0.0315,0.3,0,1552050758144,16384130,1005
2019-03-08 13:22:52.784,0.3,buy,3876.96,BTC-29MAR19-3750-P,49.8,0.0325,0.3,1,1552051372784,16384218,1011
2019-03-08 13:22:52.784,6.0,buy,3876.96,BTC-29MAR19-3750-P,49.24,0.032,6.0,0,1552051372784,16384216,1009
2019-03-08 13:22:52.784,4.5,buy,3876.96,BTC-29MAR19-3750-P,48.69,0.0315,4.5,1,1552051372784,16384214,1007
2019-03-08 13:22:52.784,6.4,buy,3876.96,BTC-29MAR19-3750-P,49.8,0.0325,6.4,0,1552051372784,16384217,1010
2019-03-08 13:22:52.784,9.2,buy,3876.96,BTC-29MAR19-3750-P,48.69,0.0315,9.2,1,1552051372784,16384215,1008
2019-03-08 13:22:52.784,1.1,buy,3876.96,BTC-29MAR19-3750-P,48.69,0.0315,1.1,1,1552051372784,16384213,1006
2019-03-08 13:58:42.333,0.3,sell,3884.33,BTC-29MAR19-3750-P,47.4,0.0295,0.3,2,1552053522333,16385267,1012
2019-03-08 14:09:28.923,0.1,buy,3884.35,BTC-29MAR19-3750-P,49.04,0.031,0.1,1,1552054168923,16385803,1014
2019-03-08 14:09:28.923,0.3,buy,3884.35,BTC-29MAR19-3750-P,49.04,0.031,0.3,0,1552054168923,16385802,1013
2019-03-08 14:32:59.635,1.0,buy,3888.91,BTC-29MAR19-3750-P,49.08,0.0305,1.0,2,1552055579635,16386465,1015
2019-03-08 14:33:45.313,2.0,buy,3889.85,BTC-29MAR19-3750-P,49.16,0.0305,2.0,3,1552055625313,16386497,1016
2019-03-08 15:06:17.878,0.1,sell,3889.96,BTC-29MAR19-3750-P,47.57,0.029,0.1,2,1552057577878,16387826,1017
2019-03-08 15:06:17.878,0.3,sell,3889.96,BTC-29MAR19-3750-P,47.57,0.029,0.3,3,1552057577878,16387827,1018
2019-03-08 15:06:24.056,0.2,buy,3889.35,BTC-29MAR19-3750-P,47.54,0.029,0.2,3,1552057584056,16387842,1019
2019-03-08 15:29:22.078,0.3,sell,3888.32,BTC-29MAR19-3750-P,47.5,0.029,0.3,3,1552058962078,16388225,1020
2019-03-08 15:29:22.078,0.1,sell,3888.32,BTC-29MAR19-3750-P,47.5,0.029,0.1,3,1552058962078,16388226,1021
2019-03-08 15:34:39.670,1.0,sell,3889.88,BTC-29MAR19-3750-P,47.52,0.029,1.0,3,1552059279670,16388299,1022
2019-03-08 15:42:30.637,0.3,buy,3889.49,BTC-29MAR19-3750-P,47.62,0.029,0.3,3,1552059750637,16388402,1023
2019-03-08 15:42:30.637,9.7,buy,3889.49,BTC-29MAR19-3750-P,48.19,0.0295,9.7,0,1552059750637,16388403,1024
2019-03-08 17:14:42.189,2.0,sell,3881.49,BTC-29MAR19-3750-P,46.31,0.0285,2.0,2,1552065282189,16389996,1025
2019-03-08 17:50:55.710,0.3,buy,3892.19,BTC-29MAR19-3750-P,48.9,0.0295,0.3,1,1552067455710,16390569,1027
2019-03-08 17:50:55.710,1.2,buy,3892.19,BTC-29MAR19-3750-P,49.47,0.03,1.2,0,1552067455710,16390570,1028
2019-03-08 17:50:55.710,0.3,buy,3892.19,BTC-29MAR19-3750-P,48.9,0.0295,0.3,0,1552067455710,16390568,1026
2019-03-08 18:26:12.832,1.0,buy,3887.67,BTC-29MAR19-3750-P,48.3,0.0295,1.0,2,1552069572832,16390950,1029
2019-03-08 18:33:37.516,0.3,sell,3885.62,BTC-29MAR19-3750-P,47.4,0.029,0.3,2,1552070017516,16391081,1030
2019-03-08 18:33:37.516,0.7000000000000001,sell,3885.62,BTC-29MAR19-3750-P,46.84,0.0285,0.7000000000000001,2,1552070017516,16391082,1031
2019-03-08 20:02:38.759,0.5,sell,3910.15,BTC-29MAR19-3750-P,49.2,0.028,0.5,2,1552075358759,16392586,1032
2019-03-08 21:34:21.126,0.1,buy,3881.75,BTC-29MAR19-3750-P,47.8,0.0295,0.1,0,1552080861126,16394366,1033
2019-03-08 21:35:01.830,3.9,buy,3880.23,BTC-29MAR19-3750-P,47.14,0.0295,3.9,1,1552080901830,16394469,1034
2019-03-08 22:09:18.045,6.6000000000000005,buy,3803.55,BTC-29MAR19-3750-P,51.22,0.0415,6.6000000000000005,1,1552082958045,16402376,1036
2019-03-08 22:09:18.045,0.3,buy,3803.55,BTC-29MAR19-3750-P,51.22,0.0415,0.3,0,1552082958045,16402375,1035
2019-03-08 22:09:18.045,7.1000000000000005,buy,3803.55,BTC-29MAR19-3750-P,51.76,0.042,7.1000000000000005,0,1552082958045,16402377,1037
2019-03-08 22:13:41.849,5.0,buy,3825.05,BTC-29MAR19-3750-P,51.2,0.039,5.0,2,1552083221849,16403233,1038
2019-03-08 22:21:40.320,5.0,buy,3823.47,BTC-29MAR19-3750-P,51.5,0.0395,5.0,0,1552083700320,16403881,1039
2019-03-09 02:56:19.315,0.3,sell,3863.65,BTC-29MAR19-3750-P,48.55,0.032,0.3,2,1552100179315,16411436,1040
2019-03-09 02:56:19.315,0.2,sell,3863.65,BTC-29MAR19-3750-P,47.99,0.0315,0.2,2,1552100179315,16411437,1041
2019-03-09 02:56:19.315,1.5,sell,3863.65,BTC-29MAR19-3750-P,47.99,0.0315,1.5,3,1552100179315,16411438,1042
2019-03-09 11:21:23.044,0.5,sell,3894.69,BTC-29MAR19-3750-P,48.24,0.028,0.5,2,1552130483044,16423791,1043
2019-03-09 11:21:23.044,0.3,sell,3894.69,BTC-29MAR19-3750-P,48.24,0.028,0.3,3,1552130483044,16423792,1044
2019-03-09 11:21:23.044,0.2,sell,3894.69,BTC-29MAR19-3750-P,47.66,0.0275,0.2,2,1552130483044,16423793,1045
2019-03-09 13:05:15.191,1.0,buy,3908.36,BTC-29MAR19-3750-P,48.7,0.0275,1.0,3,1552136715191,16424955,1046
2019-03-09 13:35:41.528,1.0,sell,3906.05,BTC-29MAR19-3750-P,47.22,0.0265,1.0,2,1552138541528,16427362,1047
2019-03-09 14:43:11.817,0.3,buy,3916.57,BTC-29MAR19-3750-P,49.0,0.027000000000000003,0.3,0,1552142591817,16429765,1048
2019-03-09 16:09:12.799,0.1,sell,3942.16,BTC-29MAR19-3750-P,49.74,0.0255,0.1,2,1552147752799,16437103,1049
2019-03-09 16:09:13.133,0.1,sell,3942.16,BTC-29MAR19-3750-P,49.74,0.0255,0.1,3,1552147753133,16437104,1050
2019-03-09 16:09:13.521,3.0,sell,3942.16,BTC-29MAR19-3750-P,49.74,0.0255,3.0,3,1552147753521,16437107,1051
2019-03-09 16:09:16.235,1.8,sell,3943.79,BTC-29MAR19-3750-P,49.93,0.0255,1.8,3,1552147756235,16437158,1052
2019-03-09 20:31:31.660,0.1,sell,3898.48,BTC-29MAR19-3750-P,48.4,0.027999999999999997,0.1,0,1552163491660,16446268,1053
2019-03-09 20:31:33.588,0.1,sell,3898.45,BTC-29MAR19-3750-P,48.4,0.027999999999999997,0.1,1,1552163493588,16446269,1054
2019-03-09 23:25:54.036,0.2,sell,3906.56,BTC-29MAR19-3750-P,48.9,0.0275,0.2,2,1552173954036,16448437,1055
2019-03-09 23:26:07.072,0.2,sell,3906.48,BTC-29MAR19-3750-P,48.91,0.0275,0.2,3,1552173967072,16448440,1056
2019-03-09 23:26:13.983,0.2,sell,3906.48,BTC-29MAR19-3750-P,48.93,0.0275,0.2,3,1552173973983,16448443,1057
2019-03-09 23:41:13.400,0.1,sell,3910.79,BTC-29MAR19-3750-P,49.6,0.0275,0.1,3,1552174873400,16448651,1058
2019-03-09 23:50:05.405,4.3,sell,3911.79,BTC-29MAR19-3750-P,49.8,0.0275,4.3,3,1552175405405,16448826,1059
2019-03-10 02:13:37.074,0.1,sell,3913.83,BTC-29MAR19-3750-P,49.13,0.0265,0.1,2,1552184017074,16450717,1060
2019-03-10 03:49:37.212,1.0,buy,3896.6,BTC-29MAR19-3750-P,50.46,0.0295,1.0,0,1552189777212,16451843,1061
2019-03-10 04:17:44.444,0.1,sell,3897.21,BTC-29MAR19-3750-P,47.45,0.027000000000000003,0.1,2,1552191464444,16452589,1062
2019-03-10 04:17:44.444,0.9,sell,3897.21,BTC-29MAR19-3750-P,47.45,0.027000000000000003,0.9,3,1552191464444,16452590,1063
2019-03-10 09:30:41.266,0.1,sell,3888.86,BTC-29MAR19-3750-P,49.14,0.028999999999999998,0.1,0,1552210241266,16458763,1064
2019-03-10 10:36:44.796,1.9,buy,3888.83,BTC-29MAR19-3750-P,50.75,0.0305,1.9,1,1552214204796,16459754,1066
2019-03-10 10:36:44.796,0.1,buy,3888.83,BTC-29MAR19-3750-P,50.75,0.0305,0.1,0,1552214204796,16459753,1065
2019-03-10 10:39:40.825,1.0,buy,3887.44,BTC-29MAR19-3750-P,50.6,0.0305,1.0,1,1552214380825,16459816,1067
2019-03-10 10:39:58.979,0.2,buy,3887.06,BTC-29MAR19-3750-P,50.53,0.0305,0.2,1,1552214398979,16459821,1068
2019-03-10 10:59:41.873,0.7000000000000001,sell,3887.72,BTC-29MAR19-3750-P,47.84,0.027999999999999997,0.7000000000000001,3,1552215581873,16459943,1071
2019-03-10 10:59:41.873,0.2,sell,3887.72,BTC-29MAR19-3750-P,47.84,0.027999999999999997,0.2,3,1552215581873,16459942,1070
2019-03-10 10:59:41.873,0.1,sell,3887.72,BTC-29MAR19-3750-P,47.84,0.027999999999999997,0.1,2,1552215581873,16459941,1069
2019-03-10 11:02:22.664,0.4,buy,3886.91,BTC-29MAR19-3750-P,50.22,0.03,0.4,0,1552215742664,16459976,1072
2019-03-10 20:51:48.327,1.0,sell,3895.27,BTC-29MAR19-3750-P,49.14,0.028,1.0,2,1552251108327,16466383,1073
2019-03-10 20:55:47.896,0.3,sell,3895.64,BTC-29MAR19-3750-P,49.45,0.028,0.3,3,1552251347896,16466431,1074
2019-03-10 23:57:56.157,0.1,buy,3899.39,BTC-29MAR19-3750-P,50.12,0.028,0.1,3,1552262276157,16469114,1075
2019-03-10 23:57:56.157,0.9,buy,3899.39,BTC-29MAR19-3750-P,50.12,0.028,0.9,3,1552262276157,16469115,1076
2019-03-11 02:03:13.667,0.1,buy,3905.84,BTC-29MAR19-3750-P,49.84,0.027000000000000003,0.1,2,1552269793667,16470404,1077
2019-03-11 02:03:13.667,0.3,buy,3905.84,BTC-29MAR19-3750-P,49.84,0.027000000000000003,0.3,3,1552269793667,16470405,1078
2019-03-11 06:01:10.206,6.0,buy,3868.8,BTC-29MAR19-3750-P,49.31,0.0305,6.0,0,1552284070206,16476914,1079
2019-03-11 06:02:37.771,2.0,sell,3871.02,BTC-29MAR19-3750-P,49.14,0.03,2.0,2,1552284157771,16477132,1080
2019-03-11 06:54:32.369,0.5,sell,3875.06,BTC-29MAR19-3750-P,48.26,0.0285,0.5,2,1552287272369,16478933,1081
2019-03-11 06:54:32.369,0.3,sell,3875.06,BTC-29MAR19-3750-P,48.26,0.0285,0.3,3,1552287272369,16478934,1082
2019-03-11 10:18:09.594,1.0,buy,3873.4,BTC-29MAR19-3750-P,50.11,0.0305,1.0,0,1552299489594,16482281,1083
2019-03-11 13:04:38.774,1.0,buy,3821.27,BTC-29MAR19-3750-P,49.76,0.035,1.0,0,1552309478774,16489748,1084
2019-03-11 13:33:26.748,1.0,sell,3841.35,BTC-29MAR19-3750-P,48.96,0.032,1.0,2,1552311206748,16490855,1085
2019-03-11 18:26:17.856,1.0,sell,3856.19,BTC-29MAR19-3750-P,49.54,0.031,1.0,2,1552328777856,16495746,1086
2019-03-12 00:12:42.511,3.0,sell,3850.66,BTC-29MAR19-3750-P,47.45,0.0295,3.0,2,1552349562511,16498915,1087
2019-03-12 00:12:49.918,0.2,sell,3850.66,BTC-29MAR19-3750-P,46.88,0.028999999999999998,0.2,2,1552349569918,16498917,1089
2019-03-12 00:12:49.918,0.3,sell,3850.66,BTC-29MAR19-3750-P,47.48,0.0295,0.3,3,1552349569918,16498916,1088
2019-03-12 00:12:49.918,0.5,sell,3850.66,BTC-29MAR19-3750-P,46.88,0.028999999999999998,0.5,3,1552349569918,16498918,1090
2019-03-12 01:02:05.715,0.1,buy,3826.34,BTC-29MAR19-3750-P,48.78,0.033,0.1,0,1552352525715,16500803,1091
2019-03-12 02:12:07.173,0.2,sell,3815.65,BTC-29MAR19-3750-P,47.12,0.033,0.2,1,1552356727173,16504612,1092
2019-03-12 03:32:56.959,0.1,buy,3817.46,BTC-29MAR19-3750-P,48.65,0.034,0.1,0,1552361576959,16507419,1093
2019-03-12 03:32:59.664,0.1,buy,3817.45,BTC-29MAR19-3750-P,48.65,0.034,0.1,1,1552361579664,16507421,1094
2019-03-12 04:56:52.708,0.2,buy,3816.25,BTC-29MAR19-3750-P,46.45,0.032,0.2,2,1552366612708,16509101,1095
2019-03-12 06:11:03.149,0.2,sell,3818.73,BTC-29MAR19-3750-P,47.31,0.0325,0.2,0,1552371063149,16510056,1096
2019-03-12 08:15:54.467,0.3,sell,3849.34,BTC-29MAR19-3750-P,47.49,0.029,0.3,2,1552378554467,16512656,1097
2019-03-12 08:31:57.257,4.8,buy,3857.42,BTC-29MAR19-3750-P,49.28,0.0295,4.8,0,1552379517257,16513957,1099
2019-03-12 08:31:57.257,0.2,buy,3857.42,BTC-29MAR19-3750-P,48.67,0.029,0.2,3,1552379517257,16513956,1098
2019-03-12 10:45:41.984,0.3,sell,3868.67,BTC-29MAR19-3750-P,48.1,0.0275,0.3,2,1552387541984,16517820,1100
2019-03-12 13:09:51.927,5.0,sell,3874.24,BTC-29MAR19-3750-P,47.58,0.0265,5.0,2,1552396191927,16519987,1101
2019-03-12 13:10:48.173,4.8,buy,3873.22,BTC-29MAR19-3750-P,49.38,0.027999999999999997,4.8,1,1552396248173,16520028,1103
2019-03-12 13:10:48.173,0.2,buy,3873.22,BTC-29MAR19-3750-P,49.38,0.027999999999999997,0.2,0,1552396248173,16520027,1102
2019-03-12 13:11:25.548,1.0,buy,3873.06,BTC-29MAR19-3750-P,49.32,0.027999999999999997,1.0,1,1552396285548,16520042,1104
2019-03-12 13:11:31.605,0.2,sell,3871.86,BTC-29MAR19-3750-P,49.14,0.027999999999999997,0.2,1,1552396291605,16520053,1105
2019-03-12 13:12:06.448,1.0,buy,3870.82,BTC-29MAR19-3750-P,49.66,0.0285,1.0,0,1552396326448,16520065,1106
2019-03-12 13:12:10.798,1.0,buy,3870.85,BTC-29MAR19-3750-P,49.68,0.0285,1.0,1,1552396330798,16520070,1107
2019-03-12 13:12:12.747,1.0,buy,3870.85,BTC-29MAR19-3750-P,49.68,0.0285,1.0,1,1552396332747,16520074,1108
2019-03-12 13:12:14.553,1.0,buy,3870.85,BTC-29MAR19-3750-P,49.68,0.0285,1.0,1,1552396334553,16520076,1109
2019-03-12 13:18:31.770,1.0,buy,3868.5,BTC-29MAR19-3750-P,48.92,0.0285,1.0,1,1552396711770,16520272,1110
2019-03-12 13:18:38.086,0.8,buy,3868.47,BTC-29MAR19-3750-P,48.91,0.0285,0.8,1,1552396718086,16520276,1111
2019-03-12 13:33:16.123,6.0,buy,3867.97,BTC-29MAR19-3750-P,48.98,0.0285,6.0,1,1552397596123,16520603,1112
2019-03-12 14:06:29.929,9.0,buy,3866.39,BTC-29MAR19-3750-P,49.68,0.028999999999999998,9.0,1,1552399589929,16520993,1114
2019-03-12 14:06:29.929,2.2,buy,3866.39,BTC-29MAR19-3750-P,49.68,0.028999999999999998,2.2,0,1552399589929,16520992,1113
2019-03-12 14:06:30.054,6.0,sell,3866.39,BTC-29MAR19-3750-P,49.68,0.028999999999999998,6.0,1,1552399590054,16520994,1115
2019-03-12 14:06:32.995,2.8000000000000003,sell,3866.39,BTC-29MAR19-3750-P,49.68,0.028999999999999998,2.8000000000000003,1,1552399592995,16520995,1116
2019-03-12 14:06:34.185,3.2,buy,3866.39,BTC-29MAR19-3750-P,49.67,0.028999999999999998,3.2,1,1552399594185,16520996,1117
2019-03-12 14:06:34.185,5.2,buy,3866.39,BTC-29MAR19-3750-P,49.67,0.028999999999999998,5.2,1,1552399594185,16520997,1118
2019-03-12 16:56:37.321,0.1,sell,3858.77,BTC-29MAR19-3750-P,48.28,0.0285,0.1,2,1552409797321,16523936,1119
2019-03-12 17:25:06.251,5.0,buy,3862.02,BTC-29MAR19-3750-P,48.94,0.028999999999999998,5.0,0,1552411506251,16524144,1120
2019-03-12 17:33:04.789,5.0,sell,3859.34,BTC-29MAR19-3750-P,47.69,0.028,5.0,2,1552411984789,16524188,1121
2019-03-12 21:29:26.822,10.0,buy,3862.72,BTC-29MAR19-3750-P,49.22,0.029,10.0,0,1552426166822,16525720,1122
2019-03-13 02:26:04.914,0.3,sell,3857.0,BTC-29MAR19-3750-P,46.13,0.027000000000000003,0.3,2,1552443964914,16528014,1123
2019-03-13 03:15:07.808,0.6,sell,3863.55,BTC-29MAR19-3750-P,48.89,0.0285,0.6,0,1552446907808,16528364,1124
2019-03-13 03:15:23.788,0.3,buy,3863.66,BTC-29MAR19-3750-P,48.4,0.027999999999999997,0.3,2,1552446923788,16528380,1125
2019-03-13 11:43:24.563,0.5,buy,3843.29,BTC-29MAR19-3750-P,48.55,0.03,0.5,0,1552477404563,16535442,1126
2019-03-13 11:43:41.212,6.0,buy,3843.07,BTC-29MAR19-3750-P,49.15,0.0305,6.0,0,1552477421212,16535443,1127
2019-03-13 12:43:24.119,0.5,sell,3847.45,BTC-29MAR19-3750-P,49.05,0.03,0.5,2,1552481004119,16536185,1128
2019-03-13 13:31:41.166,0.1,buy,3861.95,BTC-29MAR19-3750-P,50.71,0.028999999999999998,0.1,2,1552483901166,16537028,1129
2019-03-13 14:19:17.569,0.1,buy,3866.0,BTC-29MAR19-3750-P,50.53,0.028999999999999998,0.1,3,1552486757569,16537479,1130
2019-03-13 14:51:40.463,0.1,buy,3849.78,BTC-29MAR19-3750-P,47.87,0.028999999999999998,0.1,3,1552488700463,16540898,1131
2019-03-13 14:59:52.882,0.2,buy,3846.68,BTC-29MAR19-3750-P,47.27,0.028999999999999998,0.2,3,1552489192882,16541517,1132
2019-03-13 15:00:09.752,2.0,buy,3847.09,BTC-29MAR19-3750-P,48.6,0.03,2.0,0,1552489209752,16541540,1133
2019-03-13 15:18:40.667,8.0,buy,3845.8,BTC-29MAR19-3750-P,48.52,0.03,8.0,1,1552490320667,16542289,1134
2019-03-13 17:27:59.598,0.5,sell,3850.42,BTC-29MAR19-3750-P,48.13,0.028999999999999998,0.5,2,1552498079598,16543822,1135
2019-03-13 17:43:15.557,0.5,sell,3855.12,BTC-29MAR19-3750-P,48.01,0.0285,0.5,2,1552498995557,16544081,1136
2019-03-13 17:47:45.084,1.5,sell,3855.05,BTC-29MAR19-3750-P,47.38,0.027999999999999997,1.5,2,1552499265084,16544131,1137
2019-03-13 20:57:41.636,0.5,sell,3853.5,BTC-29MAR19-3750-P,46.94,0.0275,0.5,3,1552510661636,16545169,1139
2019-03-13 20:57:41.636,0.5,sell,3853.5,BTC-29MAR19-3750-P,46.94,0.0275,0.5,2,1552510661636,16545168,1138
2019-03-13 21:29:49.476,0.5,buy,3848.26,BTC-29MAR19-3750-P,48.58,0.0295,0.5,0,1552512589476,16545403,1140
2019-03-13 21:29:49.476,0.3,buy,3848.26,BTC-29MAR19-3750-P,48.58,0.0295,0.3,1,1552512589476,16545404,1141
2019-03-13 21:30:07.153,0.5,buy,3848.33,BTC-29MAR19-3750-P,49.22,0.03,0.5,0,1552512607153,16545406,1142
2019-03-13 21:30:07.153,8.1,buy,3848.33,BTC-29MAR19-3750-P,49.22,0.03,8.1,1,1552512607153,16545407,1143
2019-03-14 01:05:42.453,0.5,sell,3863.91,BTC-29MAR19-3750-P,50.05,0.0285,0.5,2,1552525542453,16547891,1144
2019-03-14 10:46:23.313,0.2,sell,3849.5,BTC-29MAR19-3750-P,48.7,0.0285,0.2,3,1552560383313,16552312,1145
2019-03-14 11:01:52.514,0.3,sell,3847.2,BTC-29MAR19-3750-P,47.59,0.0275,0.3,3,1552561312514,16552396,1148
2019-03-14 11:01:52.514,6.6000000000000005,sell,3847.2,BTC-29MAR19-3750-P,46.94,0.027000000000000003,6.6000000000000005,2,1552561312514,16552397,1149
2019-03-14 11:01:52.514,0.5,sell,3847.2,BTC-29MAR19-3750-P,47.59,0.0275,0.5,2,1552561312514,16552394,1146
2019-03-14 11:01:52.514,0.1,sell,3847.2,BTC-29MAR19-3750-P,47.59,0.0275,0.1,3,1552561312514,16552395,1147
2019-03-14 12:17:22.500,0.8,sell,3846.08,BTC-29MAR19-3750-P,45.85,0.0265,0.8,2,1552565842500,16553034,1150
2019-03-14 12:59:42.391,1.0,sell,3844.29,BTC-29MAR19-3750-P,45.82,0.0265,1.0,3,1552568382391,16554518,1151
2019-03-14 13:03:55.635,1.0,sell,3844.89,BTC-29MAR19-3750-P,45.58,0.0265,1.0,3,1552568635635,16554574,1152
2019-03-14 13:28:48.170,0.5,buy,3849.89,BTC-29MAR19-3750-P,47.64,0.0275,0.5,0,1552570128170,16554726,1153
2019-03-14 14:00:11.018,0.3,sell,3849.26,BTC-29MAR19-3750-P,46.24,0.0265,0.3,2,1552572011018,16555161,1154
2019-03-14 14:02:49.550,0.3,buy,3854.05,BTC-29MAR19-3750-P,48.27,0.0275,0.3,0,1552572169550,16555394,1155
2019-03-14 14:22:36.508,0.1,buy,3836.24,BTC-29MAR19-3750-P,48.98,0.03,0.1,0,1552573356508,16561455,1156
2019-03-14 14:27:59.165,0.3,sell,3829.01,BTC-29MAR19-3750-P,46.95,0.028999999999999998,0.3,2,1552573679165,16566554,1157
2019-03-14 14:37:40.597,0.5,buy,3834.65,BTC-29MAR19-3750-P,48.1,0.0295,0.5,0,1552574260597,16568347,1158
2019-03-14 14:39:21.343,0.5,sell,3838.67,BTC-29MAR19-3750-P,46.7,0.027999999999999997,0.5,2,1552574361343,16568509,1160
2019-03-14 14:39:21.343,1.0,sell,3838.67,BTC-29MAR19-3750-P,45.41,0.027000000000000003,1.0,2,1552574361343,16568511,1162
2019-03-14 14:39:21.343,0.3,sell,3838.67,BTC-29MAR19-3750-P,46.06,0.0275,0.3,2,1552574361343,16568510,1161
2019-03-14 14:39:21.343,0.2,sell,3838.67,BTC-29MAR19-3750-P,47.99,0.028999999999999998,0.2,2,1552574361343,16568508,1159
2019-03-14 15:07:28.612,0.2,buy,3852.02,BTC-29MAR19-3750-P,46.68,0.026000000000000002,0.2,2,1552576048612,16570729,1163
2019-03-14 15:07:35.473,0.3,buy,3848.52,BTC-29MAR19-3750-P,46.14,0.026000000000000002,0.3,3,1552576055473,16570773,1164
2019-03-14 15:35:09.709,0.1,sell,3853.14,BTC-29MAR19-3750-P,46.61,0.026000000000000002,0.1,3,1552577709709,16571624,1165
2019-03-14 17:34:10.492,4.8,sell,3852.26,BTC-29MAR19-3750-P,47.77,0.027000000000000003,4.8,0,1552584850492,16572438,1166
2019-03-14 20:15:23.685,3.8,buy,3853.69,BTC-29MAR19-3750-P,48.42,0.027000000000000003,3.8,1,1552594523685,16573197,1167
2019-03-14 20:49:42.262,7.0,sell,3852.48,BTC-29MAR19-3750-P,47.82,0.0265,7.0,2,1552596582262,16573290,1168
2019-03-14 23:04:28.765,0.3,buy,3853.53,BTC-29MAR19-3750-P,48.09,0.0265,0.3,3,1552604668765,16574502,1169
2019-03-15 00:16:04.836,1.0,sell,3857.52,BTC-29MAR19-3750-P,47.42,0.0255,1.0,2,1552608964836,16574964,1170
2019-03-15 02:09:48.121,0.5,sell,3862.47,BTC-29MAR19-3750-P,47.23,0.0245,0.5,2,1552615788121,16576830,1171
2019-03-15 07:18:53.734,0.4,sell,3853.41,BTC-29MAR19-3750-P,46.51,0.0245,0.4,3,1552634333734,16580338,1173
2019-03-15 07:18:53.734,0.5,sell,3853.41,BTC-29MAR19-3750-P,46.51,0.0245,0.5,3,1552634333734,16580337,1172
2019-03-15 11:05:16.252,1.0,sell,3869.72,BTC-29MAR19-3750-P,45.76,0.0225,1.0,2,1552647916252,16584496,1174
2019-03-15 11:06:41.521,0.3,sell,3870.41,BTC-29MAR19-3750-P,46.12,0.0225,0.3,3,1552648001521,16584604,1175
2019-03-15 11:11:00.975,0.2,buy,3869.6,BTC-29MAR19-3750-P,46.36,0.0225,0.2,3,1552648260975,16584675,1176
2019-03-15 11:23:45.980,1.2,sell,3872.26,BTC-29MAR19-3750-P,45.69,0.022000000000000002,1.2,2,1552649025980,16584889,1177
2019-03-15 11:39:00.214,0.5,sell,3880.14,BTC-29MAR19-3750-P,45.5,0.021,0.5,2,1552649940214,16585622,1178
2019-03-15 12:12:51.400,2.0,sell,3884.87,BTC-29MAR19-3750-P,45.6,0.0205,2.0,2,1552651971400,16588680,1179
2019-03-15 12:17:02.681,2.0,sell,3886.26,BTC-29MAR19-3750-P,45.75,0.0205,2.0,3,1552652222681,16588786,1180
2019-03-15 13:48:42.201,0.4,sell,3881.95,BTC-29MAR19-3750-P,45.13,0.0205,0.4,3,1552657722201,16591929,1181
2019-03-15 14:03:17.682,0.3,buy,3885.98,BTC-29MAR19-3750-P,45.4,0.0205,0.3,3,1552658597682,16592155,1182
2019-03-15 14:20:48.727,1.2,sell,3883.54,BTC-29MAR19-3750-P,45.39,0.0205,1.2,3,1552659648727,16592504,1184
2019-03-15 14:20:48.727,0.2,sell,3883.54,BTC-29MAR19-3750-P,44.68,0.02,0.2,2,1552659648727,16592505,1185
2019-03-15 14:20:48.727,0.4,sell,3883.54,BTC-29MAR19-3750-P,45.39,0.0205,0.4,3,1552659648727,16592503,1183
2019-03-15 15:31:13.742,0.4,sell,3904.95,BTC-29MAR19-3750-P,46.16,0.0195,0.4,2,1552663873742,16594640,1186
2019-03-15 15:35:07.896,0.4,buy,3900.01,BTC-29MAR19-3750-P,45.69,0.0195,0.4,3,1552664107896,16595002,1187
2019-03-15 15:37:10.370,6.0,sell,3895.1,BTC-29MAR19-3750-P,45.88,0.02,6.0,0,1552664230370,16595201,1188
