date_utc,amount,direction,indexPrice,instrument,iv,price,quantity,tickDirection,timeStamp,tradeId,tradeSeq
2019-02-15 14:13:44.913,0.1,sell,3590.67,BTC-26APR19-5000-C,54.35,0.01,0.1,1,1550240024913,15388593,1
2019-02-16 13:21:34.548,0.5,sell,3593.56,BTC-26APR19-5000-C,55.81,0.011000000000000001,0.5,0,1550323294548,15415546,2
2019-02-16 23:15:57.808,20.0,sell,3582.49,BTC-26APR19-5000-C,55.68,0.0105,20.0,2,1550358957808,15424302,3
2019-02-16 23:19:11.239,3.4,sell,3585.87,BTC-26APR19-5000-C,55.55,0.0105,3.4,3,1550359151239,15424369,4
2019-02-16 23:19:11.239,16.6,sell,3585.87,BTC-26APR19-5000-C,55.55,0.0105,16.6,3,1550359151239,15424370,5
2019-02-17 00:15:25.943,10.0,sell,3584.46,BTC-26APR19-5000-C,54.88,0.01,10.0,2,1550362525943,15425319,6
2019-02-17 00:19:45.802,3.2,sell,3584.3,BTC-26APR19-5000-C,54.91,0.01,3.2,3,1550362785802,15425347,7
2019-02-17 00:19:45.802,6.8,sell,3584.3,BTC-26APR19-5000-C,54.91,0.01,6.8,3,1550362785802,15425348,8
2019-02-17 00:23:26.639,10.0,buy,3584.77,BTC-26APR19-5000-C,54.92,0.01,10.0,3,1550363006639,15425394,9
2019-02-17 03:15:15.336,0.5,sell,3587.93,BTC-26APR19-5000-C,54.16,0.0095,0.5,2,1550373315336,15427080,10
2019-02-17 17:50:34.846,3.5,sell,3573.22,BTC-26APR19-5000-C,55.5,0.01,3.5,0,1550425834846,15451005,11
2019-02-17 17:51:42.092,1.5,sell,3573.39,BTC-26APR19-5000-C,54.82,0.0095,1.5,2,1550425902092,15451025,12
2019-02-18 01:07:59.420,0.5,buy,3717.65,BTC-26APR19-5000-C,53.81,0.013000000000000001,0.5,0,1550452079420,15470233,13
2019-02-18 14:26:10.222,3.0,buy,3824.31,BTC-26APR19-5000-C,55.7,0.0175,3.0,0,1550499970222,15540857,14
2019-02-19 22:34:56.256,0.7000000000000001,buy,3916.24,BTC-26APR19-5000-C,60.04,0.026000000000000002,0.7000000000000001,0,1550615696256,15667241,16
2019-02-19 22:34:56.256,0.1,buy,3916.24,BTC-26APR19-5000-C,58.78,0.0245,0.1,0,1550615696256,15667240,15
2019-02-20 08:38:43.051,7.0,buy,3900.89,BTC-26APR19-5000-C,59.51,0.0245,7.0,2,1550651923051,15681150,17
2019-02-20 08:38:43.070,3.0,sell,3900.89,BTC-26APR19-5000-C,59.51,0.0245,3.0,3,1550651923070,15681151,18
2019-02-20 08:39:40.889,1.0,sell,3901.8,BTC-26APR19-5000-C,59.48,0.0245,1.0,3,1550651980889,15681170,19
2019-02-20 19:58:14.615,2.0,buy,3924.0,BTC-26APR19-5000-C,61.85,0.027999999999999997,2.0,0,1550692694615,15709382,21
2019-02-20 19:58:14.615,9.3,buy,3924.0,BTC-26APR19-5000-C,61.03,0.027000000000000003,9.3,0,1550692694615,15709381,20
2019-02-20 19:58:14.615,0.7000000000000001,buy,3924.0,BTC-26APR19-5000-C,61.85,0.027999999999999997,0.7000000000000001,1,1550692694615,15709383,22
2019-02-20 20:37:52.226,2.0,buy,3932.22,BTC-26APR19-5000-C,61.06,0.0275,2.0,2,1550695072226,15710779,23
2019-02-21 05:20:21.208,5.6000000000000005,buy,3933.98,BTC-26APR19-5000-C,57.98,0.0235,5.6000000000000005,2,1550726421208,15721564,24
2019-02-21 10:37:45.575,5.3,sell,3899.79,BTC-26APR19-5000-C,58.12,0.0225,5.3,2,1550745465575,15738772,25
2019-02-22 07:08:06.112,3.0,buy,3902.77,BTC-26APR19-5000-C,56.61,0.0205,3.0,2,1550819286112,15757817,26
2019-02-22 08:49:56.371,1.0,buy,3927.36,BTC-26APR19-5000-C,57.16,0.022000000000000002,1.0,0,1550825396371,15763632,27
2019-02-22 08:54:58.376,1.0,buy,3929.79,BTC-26APR19-5000-C,57.05,0.022000000000000002,1.0,1,1550825698376,15764203,28
2019-02-22 23:29:43.767,8.0,buy,3947.74,BTC-26APR19-5000-C,56.55,0.022,8.0,1,1550878183767,15789208,29
2019-02-23 06:42:58.961,20.0,sell,3928.96,BTC-26APR19-5000-C,57.24,0.0215,20.0,2,1550904178961,15797026,30
2019-02-23 16:56:15.129,0.4,buy,3943.52,BTC-26APR19-5000-C,60.02,0.025,0.4,0,1550940975129,15806595,31
2019-02-23 19:34:31.419,0.7000000000000001,buy,4109.09,BTC-26APR19-5000-C,59.13,0.0315,0.7000000000000001,0,1550950471419,15841935,32
2019-02-23 19:35:28.871,0.5,buy,4102.88,BTC-26APR19-5000-C,59.32,0.0315,0.5,1,1550950528871,15842253,33
2019-02-23 20:29:15.684,3.0,buy,4128.72,BTC-26APR19-5000-C,58.41,0.0315,3.0,1,1550953755684,15844511,34
2019-02-23 20:29:15.850,0.2,buy,4128.72,BTC-26APR19-5000-C,58.41,0.0315,0.2,1,1550953755850,15844518,35
2019-02-23 22:41:33.448,10.0,sell,4116.65,BTC-26APR19-5000-C,56.9,0.0295,10.0,2,1550961693448,15852664,36
2019-02-24 19:32:32.373,1.2,sell,3773.41,BTC-26APR19-5000-C,59.43,0.016,1.2,2,1551036752373,15955725,37
2019-02-24 21:11:30.821,1.0,sell,3788.37,BTC-26APR19-5000-C,59.61,0.0165,1.0,0,1551042690821,15957494,38
2019-02-24 21:17:02.239,0.7000000000000001,sell,3796.1,BTC-26APR19-5000-C,59.78,0.017,0.7000000000000001,0,1551043022239,15957805,39
2019-02-24 23:45:43.138,10.0,buy,3772.81,BTC-26APR19-5000-C,61.5,0.018000000000000002,10.0,0,1551051943138,15965057,40
2019-02-25 02:48:13.647,10.0,buy,3769.82,BTC-26APR19-5000-C,62.11,0.0185,10.0,0,1551062893647,15971690,41
2019-02-25 02:50:16.585,22.8,sell,3768.99,BTC-26APR19-5000-C,62.04,0.0185,22.8,1,1551063016585,15971784,42
2019-02-25 02:55:00.918,10.0,buy,3769.31,BTC-26APR19-5000-C,62.71,0.019,10.0,0,1551063300918,15971870,43
2019-02-25 13:13:28.930,10.0,sell,3784.51,BTC-26APR19-5000-C,60.24,0.017,10.0,2,1551100408930,15988140,44
2019-02-25 14:56:43.829,10.0,buy,3779.96,BTC-26APR19-5000-C,61.05,0.0175,10.0,0,1551106603829,15990500,45
2019-02-26 14:27:16.817,10.0,buy,3811.52,BTC-26APR19-5000-C,60.98,0.018000000000000002,10.0,0,1551191236817,16032879,46
2019-02-26 15:02:53.723,5.3,buy,3811.37,BTC-26APR19-5000-C,61.52,0.0185,5.3,0,1551193373723,16034154,47
2019-02-26 16:17:50.681,10.0,sell,3795.24,BTC-26APR19-5000-C,60.59,0.017,10.0,2,1551197870681,16036092,48
2019-02-26 17:20:31.446,5.0,sell,3793.06,BTC-26APR19-5000-C,60.13,0.0165,5.0,2,1551201631446,16037288,49
2019-02-27 10:33:30.110,6.0,sell,3811.22,BTC-26APR19-5000-C,58.62,0.0155,6.0,2,1551263610110,16053245,50
2019-02-27 13:10:51.381,1.3,buy,3817.05,BTC-26APR19-5000-C,58.43,0.0155,1.3,3,1551273051381,16055527,51
2019-02-27 13:54:06.845,8.700000000000001,buy,3822.43,BTC-26APR19-5000-C,58.27,0.0155,8.700000000000001,3,1551275646845,16056422,52
2019-02-28 05:38:45.595,10.0,buy,3809.98,BTC-26APR19-5000-C,58.4,0.015,10.0,2,1551332325595,16094175,53
2019-02-28 06:03:00.637,3.0,buy,3809.35,BTC-26APR19-5000-C,58.38,0.015,3.0,3,1551333780637,16094553,54
2019-02-28 06:24:10.800,3.0,buy,3805.95,BTC-26APR19-5000-C,58.57,0.015,3.0,3,1551335050800,16094740,56
2019-02-28 06:24:10.800,2.0,buy,3805.95,BTC-26APR19-5000-C,58.57,0.015,2.0,3,1551335050800,16094739,55
2019-02-28 09:17:29.040,10.0,buy,3830.08,BTC-26APR19-5000-C,58.29,0.0155,10.0,0,1551345449040,16098858,57
2019-02-28 09:20:59.896,5.0,buy,3830.0,BTC-26APR19-5000-C,58.22,0.0155,5.0,1,1551345659896,16099000,59
2019-02-28 09:20:59.896,5.0,buy,3830.0,BTC-26APR19-5000-C,58.22,0.0155,5.0,1,1551345659896,16098999,58
2019-02-28 12:30:47.865,12.0,sell,3821.24,BTC-26APR19-5000-C,58.07,0.015,12.0,2,1551357047865,16102627,60
2019-02-28 13:02:39.996,2.6,buy,3817.27,BTC-26APR19-5000-C,58.76,0.0155,2.6,0,1551358959996,16103407,61
2019-02-28 15:38:44.044,5.0,buy,3871.91,BTC-26APR19-5000-C,56.7,0.0155,5.0,1,1551368324044,16113971,62
2019-02-28 16:21:31.535,1.0,buy,3848.41,BTC-26APR19-5000-C,58.23,0.016,1.0,0,1551370891535,16122037,63
2019-02-28 23:14:34.724,0.3,buy,3799.01,BTC-26APR19-5000-C,59.53,0.0155,0.3,2,1551395674724,16140065,64
2019-03-01 00:01:36.508,0.1,sell,3793.08,BTC-26APR19-5000-C,57.53,0.0135,0.1,2,1551398496508,16140720,65
2019-03-03 19:23:04.909,2.0,buy,3791.27,BTC-26APR19-5000-C,57.91,0.0125,2.0,2,1551640984909,16197261,66
2019-03-04 00:39:14.962,0.9,buy,3803.23,BTC-26APR19-5000-C,57.98,0.013,0.9,0,1551659954962,16202708,67
2019-03-04 07:20:02.476,0.1,buy,3733.18,BTC-26APR19-5000-C,58.16,0.011000000000000001,0.1,2,1551684002476,16221464,68
2019-03-04 22:57:57.796,0.1,sell,3691.3,BTC-26APR19-5000-C,57.17,0.009000000000000001,0.1,2,1551740277796,16245077,69
2019-03-05 10:36:33.740,2.0,buy,3717.76,BTC-26APR19-5000-C,57.72,0.01,2.0,0,1551782193740,16254136,70
2019-03-05 13:14:53.014,10.0,buy,3777.1,BTC-26APR19-5000-C,55.46,0.01,10.0,1,1551791693014,16259691,71
2019-03-05 13:32:33.903,3.0,buy,3776.34,BTC-26APR19-5000-C,55.64,0.01,3.0,1,1551792753903,16262678,73
2019-03-05 13:32:33.903,7.0,buy,3776.34,BTC-26APR19-5000-C,55.64,0.01,7.0,1,1551792753903,16262677,72
2019-03-05 13:36:40.064,7.0,buy,3781.18,BTC-26APR19-5000-C,55.51,0.01,7.0,1,1551793000064,16264298,74
2019-03-05 13:38:00.884,1.0,sell,3778.16,BTC-26APR19-5000-C,54.2,0.009000000000000001,1.0,2,1551793080884,16264489,75
2019-03-06 01:23:33.604,0.1,sell,3822.27,BTC-26APR19-5000-C,55.62,0.011000000000000001,0.1,0,1551835413604,16301791,76
2019-03-07 06:49:04.692,2.0,buy,3856.48,BTC-26APR19-5000-C,56.12,0.012,2.0,0,1551941344692,16343617,77
2019-03-07 17:14:44.992,10.0,sell,3877.83,BTC-26APR19-5000-C,52.11,0.0095,10.0,2,1551978884992,16359287,78
2019-03-08 10:38:07.418,0.5,sell,3873.59,BTC-26APR19-5000-C,49.66,0.0075,0.5,2,1552041487418,16380577,79
2019-03-08 17:16:55.708,5.0,sell,3884.98,BTC-26APR19-5000-C,49.49,0.0075,5.0,3,1552065415708,16390052,80
2019-03-08 17:19:08.717,6.0,buy,3887.99,BTC-26APR19-5000-C,51.71,0.009000000000000001,6.0,0,1552065548717,16390112,81
2019-03-08 18:39:56.695,10.0,buy,3884.2,BTC-26APR19-5000-C,51.84,0.009000000000000001,10.0,1,1552070396695,16391129,82
2019-03-08 19:59:26.160,16.0,buy,3897.5,BTC-26APR19-5000-C,52.11,0.0095,16.0,0,1552075166160,16392091,83
2019-03-08 20:03:13.624,4.0,buy,3907.37,BTC-26APR19-5000-C,51.7,0.0095,4.0,1,1552075393624,16392748,84
2019-03-08 20:03:13.624,10.0,buy,3907.37,BTC-26APR19-5000-C,51.7,0.0095,10.0,1,1552075393624,16392749,85
2019-03-08 22:04:18.871,5.0,buy,3777.42,BTC-26APR19-5000-C,55.93,0.009000000000000001,5.0,2,1552082658871,16400396,86
2019-03-08 22:06:50.122,5.0,buy,3812.66,BTC-26APR19-5000-C,55.58,0.0095,5.0,0,1552082810122,16401906,87
2019-03-09 20:19:17.782,6.7,sell,3901.79,BTC-26APR19-5000-C,50.55,0.008,6.7,2,1552162757782,16446049,88
2019-03-09 20:19:17.782,4.3,sell,3901.79,BTC-26APR19-5000-C,50.55,0.008,4.3,3,1552162757782,16446050,89
2019-03-10 02:47:16.726,5.0,sell,3907.55,BTC-26APR19-5000-C,51.11,0.0085,5.0,0,1552186036726,16450982,90
2019-03-10 02:52:43.080,5.0,sell,3909.06,BTC-26APR19-5000-C,50.31,0.008,5.0,2,1552186363080,16451016,91
2019-03-10 04:30:25.601,10.0,buy,3896.44,BTC-26APR19-5000-C,53.81,0.01,10.0,0,1552192225601,16452713,92
2019-03-10 04:30:25.601,25.3,buy,3896.44,BTC-26APR19-5000-C,53.81,0.01,25.3,1,1552192225601,16452714,93
2019-03-10 17:00:54.630,10.0,sell,3878.88,BTC-26APR19-5000-C,51.8,0.008,10.0,2,1552237254630,16464799,94
2019-03-10 18:32:44.057,4.2,sell,3880.2,BTC-26APR19-5000-C,50.96,0.0075,4.2,3,1552242764057,16465604,96
2019-03-10 18:32:44.057,5.3,sell,3880.2,BTC-26APR19-5000-C,50.96,0.0075,5.3,2,1552242764057,16465603,95
2019-03-10 19:03:53.039,10.0,buy,3881.96,BTC-26APR19-5000-C,54.06,0.0095,10.0,0,1552244633039,16465767,97
2019-03-10 19:03:53.039,28.8,buy,3881.96,BTC-26APR19-5000-C,54.06,0.0095,28.8,1,1552244633039,16465769,99
2019-03-10 19:03:53.039,4.7,buy,3881.96,BTC-26APR19-5000-C,54.06,0.0095,4.7,1,1552244633039,16465768,98
2019-03-11 08:06:33.812,0.2,buy,3862.71,BTC-26APR19-5000-C,54.32,0.009000000000000001,0.2,2,1552291593812,16480120,100
2019-03-12 00:51:12.787,1.0,buy,3830.28,BTC-26APR19-5000-C,55.07,0.0085,1.0,2,1552351872787,16500475,101
2019-03-12 16:50:39.942,5.0,sell,3857.24,BTC-26APR19-5000-C,52.01,0.006999999999999999,5.0,2,1552409439942,16523878,102
2019-03-12 17:49:18.696,5.0,sell,3856.41,BTC-26APR19-5000-C,51.23,0.0065,5.0,2,1552412958696,16524332,103
2019-03-12 18:11:24.450,5.0,sell,3857.62,BTC-26APR19-5000-C,51.14,0.0065,5.0,3,1552414284450,16524442,104
2019-03-12 23:04:18.457,1.0,buy,3864.28,BTC-26APR19-5000-C,53.73,0.008,1.0,0,1552431858457,16526123,105
2019-03-15 15:58:34.210,1.0,buy,3907.73,BTC-26APR19-5000-C,51.85,0.006999999999999999,1.0,2,1552665514210,16596459,106
2019-03-15 15:58:34.210,4.0,buy,3907.73,BTC-26APR19-5000-C,51.85,0.006999999999999999,4.0,3,1552665514210,16596460,107
2019-03-15 19:24:48.214,10.0,sell,3901.82,BTC-26APR19-5000-C,51.22,0.0065,10.0,2,1552677888214,16599749,108
2019-03-15 23:21:17.218,10.0,buy,3898.94,BTC-26APR19-5000-C,53.33,0.0075,10.0,0,1552692077218,16602446,109
2019-03-15 23:25:51.916,5.0,buy,3899.96,BTC-26APR19-5000-C,54.09,0.008,5.0,1,1552692351916,16602474,111
2019-03-15 23:25:51.916,9.0,buy,3899.96,BTC-26APR19-5000-C,54.09,0.008,9.0,0,1552692351916,16602473,110
2019-03-16 19:45:19.517,0.1,buy,3976.4,BTC-26APR19-5000-C,53.96,0.0095,0.1,0,1552765519517,16648319,112
2019-03-16 23:23:58.573,9.9,buy,3989.43,BTC-26APR19-5000-C,53.42,0.0095,9.9,1,1552778638573,16649834,113
2019-03-17 11:15:41.140,4.0,buy,3968.17,BTC-26APR19-5000-C,53.14,0.0085,4.0,2,1552821341140,16661499,114
2019-03-17 13:32:06.607,1.0,sell,3962.1,BTC-26APR19-5000-C,50.14,0.0065,1.0,2,1552829526607,16662988,115
2019-03-17 19:29:59.980,0.5,buy,3970.1,BTC-26APR19-5000-C,53.41,0.0085,0.5,0,1552850999980,16666391,116
2019-03-18 08:07:41.150,0.3,sell,3954.86,BTC-26APR19-5000-C,51.66,0.006999999999999999,0.3,2,1552896461150,16684045,117
2019-03-18 08:37:47.785,16.0,sell,3966.38,BTC-26APR19-5000-C,50.45,0.0065,16.0,2,1552898267785,16684744,118
2019-03-18 13:58:40.601,0.3,buy,3965.3,BTC-26APR19-5000-C,51.37,0.006999999999999999,0.3,1,1552917520601,16690037,120
2019-03-18 13:58:40.601,0.7000000000000001,buy,3965.3,BTC-26APR19-5000-C,51.37,0.006999999999999999,0.7000000000000001,0,1552917520601,16690036,119
2019-03-19 01:07:47.582,1.0,buy,3984.55,BTC-26APR19-5000-C,50.98,0.006999999999999999,1.0,1,1552957667582,16695966,121
2019-03-19 10:01:08.269,5.0,buy,3974.66,BTC-26APR19-5000-C,48.58,0.0055,5.0,2,1552989668269,16702376,122
2019-03-19 17:30:25.759,5.0,buy,4008.37,BTC-26APR19-5000-C,49.47,0.0065,5.0,0,1553016625759,16712650,123
2019-03-20 00:36:30.303,0.9,buy,4007.68,BTC-26APR19-5000-C,49.8,0.0065,0.9,1,1553042190303,16719159,124
2019-03-20 06:01:37.224,10.0,buy,3987.89,BTC-26APR19-5000-C,49.79,0.006,10.0,2,1553061697224,16724992,125
2019-03-20 08:31:02.714,10.0,buy,3990.71,BTC-26APR19-5000-C,50.62,0.0065,10.0,1,1553070662714,16727012,127
2019-03-20 08:31:02.714,10.0,buy,3990.71,BTC-26APR19-5000-C,50.62,0.0065,10.0,0,1553070662714,16727011,126
2019-03-20 13:06:58.642,0.2,sell,4000.1,BTC-26APR19-5000-C,49.44,0.006,0.2,2,1553087218642,16731835,128
2019-03-20 14:16:18.866,5.8,sell,3993.27,BTC-26APR19-5000-C,49.85,0.006,5.8,3,1553091378866,16732491,129
2019-03-20 21:11:05.410,0.1,buy,4010.62,BTC-26APR19-5000-C,50.39,0.0065,0.1,0,1553116265410,16739528,130
2019-03-21 14:47:26.452,10.0,sell,3982.52,BTC-26APR19-5000-C,51.0,0.006,10.0,2,1553179646452,16760271,131
2019-03-23 22:37:52.505,1.0,buy,3978.45,BTC-26APR19-5000-C,52.88,0.006,1.0,3,1553380672505,16795832,132
2019-03-24 13:12:30.510,0.3,buy,3969.92,BTC-26APR19-5000-C,53.56,0.006,0.3,3,1553433150510,16800905,133
2019-03-24 17:51:15.692,10.0,buy,3966.72,BTC-26APR19-5000-C,52.75,0.0055,10.0,2,1553449875692,16802070,134
2019-03-24 17:51:15.692,22.0,buy,3966.72,BTC-26APR19-5000-C,52.75,0.0055,22.0,3,1553449875692,16802072,136
2019-03-24 17:51:15.692,6.0,buy,3966.72,BTC-26APR19-5000-C,52.75,0.0055,6.0,3,1553449875692,16802071,135
2019-03-24 18:00:59.499,0.7000000000000001,sell,3966.41,BTC-26APR19-5000-C,52.76,0.0055,0.7000000000000001,3,1553450459499,16802096,137
2019-03-24 18:02:02.187,0.2,buy,3966.27,BTC-26APR19-5000-C,53.85,0.006,0.2,0,1553450522187,16802097,138
2019-03-25 00:47:24.471,10.0,buy,3964.77,BTC-26APR19-5000-C,53.09,0.0055,10.0,2,1553474844471,16806818,139
2019-03-25 07:38:59.284,1.0,sell,3965.53,BTC-26APR19-5000-C,51.08,0.0045,1.0,2,1553499539284,16808893,140
2019-03-25 19:32:57.683,0.5,buy,3899.68,BTC-26APR19-5000-C,52.97,0.004,0.5,2,1553542377683,16825765,141
2019-03-26 02:01:09.259,10.0,buy,3914.62,BTC-26APR19-5000-C,50.97,0.0035,10.0,3,1553565669259,16831536,143
2019-03-26 02:01:09.259,9.0,buy,3914.62,BTC-26APR19-5000-C,50.97,0.0035,9.0,3,1553565669259,16831537,144
2019-03-26 02:01:09.259,1.0,buy,3914.62,BTC-26APR19-5000-C,50.97,0.0035,1.0,2,1553565669259,16831535,142
2019-03-27 03:55:25.535,10.0,buy,3976.14,BTC-26APR19-5000-C,49.39,0.0035,10.0,3,1553658925535,16852021,145
2019-03-27 16:05:13.389,10.0,buy,4011.73,BTC-26APR19-5000-C,49.6,0.004,10.0,0,1553702713389,16865901,146
2019-03-28 10:18:58.874,6.8,buy,4008.93,BTC-26APR19-5000-C,50.29,0.004,6.8,1,1553768338874,16923567,147
2019-03-28 11:59:56.430,6.9,buy,4001.31,BTC-26APR19-5000-C,50.74,0.004,6.9,1,1553774396430,16924688,148
2019-03-28 11:59:56.430,17.1,buy,4001.31,BTC-26APR19-5000-C,50.74,0.004,17.1,1,1553774396430,16924689,149
2019-03-28 11:59:57.800,4.5,buy,4001.31,BTC-26APR19-5000-C,50.74,0.004,4.5,1,1553774397800,16924690,150
2019-03-28 14:40:09.872,1.0,sell,4011.25,BTC-26APR19-5000-C,50.39,0.004,1.0,1,1553784009872,16925891,151
2019-03-28 20:46:28.926,4.0,buy,4010.98,BTC-26APR19-5000-C,51.94,0.0045,4.0,0,1553805988926,16928236,152
2019-03-29 00:52:32.983,1.0,buy,4025.03,BTC-26APR19-5000-C,51.52,0.0045,1.0,1,1553820752983,16930315,153
2019-03-29 11:26:24.596,1.0,sell,4083.96,BTC-26APR19-5000-C,46.51,0.0035,1.0,2,1553858784596,16954354,154
2019-03-29 21:59:57.898,2.0,sell,4083.58,BTC-26APR19-5000-C,49.58,0.0045,2.0,0,1553896797898,16962320,155
2019-03-29 22:44:49.617,1.0,sell,4084.2,BTC-26APR19-5000-C,49.58,0.0045,1.0,1,1553899489617,16962399,156
2019-03-29 23:06:22.203,0.2,sell,4080.03,BTC-26APR19-5000-C,47.1,0.0035,0.2,2,1553900782203,16962664,157
2019-03-30 04:35:47.668,0.4,buy,4072.54,BTC-26APR19-5000-C,49.02,0.004,0.4,0,1553920547668,16974212,158
2019-03-30 04:35:48.831,0.4,buy,4072.54,BTC-26APR19-5000-C,49.02,0.004,0.4,1,1553920548831,16974213,159
2019-03-30 04:35:49.958,0.4,buy,4072.54,BTC-26APR19-5000-C,49.02,0.004,0.4,1,1553920549958,16974214,160
2019-03-30 04:35:51.094,0.4,buy,4072.54,BTC-26APR19-5000-C,49.02,0.004,0.4,1,1553920551094,16974216,161
2019-03-30 21:06:28.010,0.4,sell,4079.98,BTC-26APR19-5000-C,49.32,0.004,0.4,1,1553979988010,16983259,162
2019-03-30 21:06:29.556,0.4,sell,4079.91,BTC-26APR19-5000-C,49.32,0.004,0.4,1,1553979989556,16983262,163
2019-03-31 02:12:55.616,1.0,buy,4083.67,BTC-26APR19-5000-C,51.92,0.005,1.0,0,1553998375616,16985900,164
2019-03-31 08:42:12.749,2.2,sell,4084.66,BTC-26APR19-5000-C,49.56,0.004,2.2,2,1554021732749,16987564,165
2019-04-02 01:06:41.989,2.0,sell,4144.87,BTC-26APR19-5000-C,45.48,0.003,2.0,2,1554167201989,17014589,166
2019-04-02 04:37:00.404,0.5,buy,4390.14,BTC-26APR19-5000-C,42.18,0.0065,0.5,0,1554179820404,17026694,167
2019-04-02 04:54:21.766,0.2,buy,4758.79,BTC-26APR19-5000-C,59.09,0.04,0.2,0,1554180861766,17040063,168
2019-04-02 04:55:19.451,0.1,buy,4773.66,BTC-26APR19-5000-C,57.95,0.04,0.1,1,1554180919451,17041434,169
2019-04-02 04:58:03.398,0.3,sell,4697.02,BTC-26APR19-5000-C,35.75,0.014,0.3,2,1554181083398,17043699,170
2019-04-02 05:03:20.078,9.7,sell,4707.99,BTC-26APR19-5000-C,48.94,0.0265,9.7,0,1554181400078,17046896,171
2019-04-02 05:19:46.994,0.6,buy,4940.32,BTC-26APR19-5000-C,44.41,0.04,0.6,0,1554182386994,17057146,172
2019-04-02 06:39:32.372,14.0,sell,4663.98,BTC-26APR19-5000-C,60.06,0.034,14.0,2,1554187172372,17085871,173
2019-04-02 06:41:59.420,6.0,sell,4685.02,BTC-26APR19-5000-C,49.55,0.0255,6.0,2,1554187319420,17086236,174
2019-04-02 07:16:55.332,1.0,buy,4718.49,BTC-26APR19-5000-C,58.7,0.0365,1.0,0,1554189415332,17090903,175
2019-04-02 08:06:32.933,10.0,buy,4715.79,BTC-26APR19-5000-C,58.94,0.0365,10.0,1,1554192392933,17093473,176
2019-04-02 09:24:54.476,1.0,buy,4748.99,BTC-26APR19-5000-C,57.03,0.037000000000000005,1.0,0,1554197094476,17097292,177
2019-04-02 09:25:05.486,9.0,buy,4752.05,BTC-26APR19-5000-C,56.8,0.037000000000000005,9.0,1,1554197105486,17097336,178
2019-04-02 09:30:05.950,1.0,buy,4788.35,BTC-26APR19-5000-C,54.53,0.0375,1.0,0,1554197405950,17098122,179
2019-04-02 09:35:05.258,15.0,buy,4785.1,BTC-26APR19-5000-C,53.27,0.036000000000000004,15.0,2,1554197705258,17098866,180
2019-04-02 10:08:45.011,0.1,buy,4805.18,BTC-26APR19-5000-C,59.75,0.044,0.1,0,1554199725011,17102984,181
2019-04-02 10:37:30.661,2.1,buy,4771.24,BTC-26APR19-5000-C,61.45,0.043,2.1,2,1554201450661,17105063,182
2019-04-02 12:34:51.390,0.1,buy,4802.8,BTC-26APR19-5000-C,60.57,0.0445,0.1,0,1554208491390,17108906,183
2019-04-02 12:37:37.454,0.9,buy,4819.24,BTC-26APR19-5000-C,59.26,0.0445,0.9,1,1554208657454,17109426,184
2019-04-02 14:10:13.034,0.3,sell,4710.38,BTC-26APR19-5000-C,63.26,0.04,0.3,2,1554214213034,17114009,185
2019-04-02 14:42:12.821,0.3,sell,4729.37,BTC-26APR19-5000-C,55.17,0.0335,0.3,2,1554216132821,17118778,186
2019-04-02 15:08:30.323,0.4,buy,4735.07,BTC-26APR19-5000-C,57.34,0.036000000000000004,0.4,0,1554217710323,17119673,187
2019-04-02 16:15:25.352,2.1,sell,4726.19,BTC-26APR19-5000-C,54.96,0.033,2.1,2,1554221725352,17122263,188
2019-04-02 16:19:35.325,1.0,buy,4733.05,BTC-26APR19-5000-C,57.04,0.0355,1.0,0,1554221975325,17122404,189
2019-04-02 16:38:04.484,1.0,buy,4742.38,BTC-26APR19-5000-C,57.38,0.0365,1.0,0,1554223084484,17122698,190
2019-04-02 18:29:09.026,1.0,buy,4731.82,BTC-26APR19-5000-C,60.33,0.0385,1.0,0,1554229749026,17126554,191
2019-04-02 20:11:09.508,1.0,buy,4788.49,BTC-26APR19-5000-C,56.05,0.0385,1.0,1,1554235869508,17129341,192
2019-04-02 20:12:03.959,0.3,buy,4798.3,BTC-26APR19-5000-C,55.79,0.039,0.3,0,1554235923959,17129517,193
2019-04-02 20:12:04.024,0.1,buy,4798.3,BTC-26APR19-5000-C,55.79,0.039,0.1,1,1554235924024,17129518,194
2019-04-02 20:12:26.791,0.2,buy,4799.72,BTC-26APR19-5000-C,56.18,0.0395,0.2,0,1554235946791,17129538,195
2019-04-02 20:20:37.822,1.0,buy,4813.78,BTC-26APR19-5000-C,58.6,0.043,1.0,0,1554236437822,17131106,196
2019-04-02 23:15:27.292,1.0,buy,4875.73,BTC-26APR19-5000-C,56.65,0.046,1.0,0,1554246927292,17143948,197
2019-04-02 23:18:26.302,9.4,buy,4921.56,BTC-26APR19-5000-C,56.69,0.05,9.4,0,1554247106302,17145298,198
2019-04-02 23:18:54.869,0.6,buy,4907.14,BTC-26APR19-5000-C,57.94,0.05,0.6,1,1554247134869,17145723,199
2019-04-02 23:37:40.785,0.1,buy,4920.8,BTC-26APR19-5000-C,60.24,0.0535,0.1,0,1554248260785,17148540,200
2019-04-03 01:39:04.068,0.2,buy,4941.83,BTC-26APR19-5000-C,65.44,0.0605,0.2,0,1554255544068,17165531,201
2019-04-03 02:15:34.956,1.0,sell,4980.14,BTC-26APR19-5000-C,63.0,0.0615,1.0,0,1554257734956,17168453,202
2019-04-03 02:53:06.884,1.0,buy,5063.61,BTC-26APR19-5000-C,71.16,0.0775,1.0,0,1554259986884,17172876,203
2019-04-03 02:53:06.884,0.3,buy,5063.61,BTC-26APR19-5000-C,71.16,0.0775,0.3,1,1554259986884,17172877,204
2019-04-03 03:17:44.654,1.0,sell,5034.39,BTC-26APR19-5000-C,64.95,0.0685,1.0,2,1554261464654,17177082,205
2019-04-03 05:14:59.284,0.3,sell,4937.82,BTC-26APR19-5000-C,70.99,0.0655,0.3,2,1554268499284,17187828,206
2019-04-03 05:14:59.349,0.3,sell,4937.82,BTC-26APR19-5000-C,70.99,0.0655,0.3,3,1554268499349,17187829,207
2019-04-03 05:14:59.411,0.3,sell,4937.82,BTC-26APR19-5000-C,70.99,0.0655,0.3,3,1554268499411,17187830,208
2019-04-03 07:56:04.134,0.1,sell,4950.03,BTC-26APR19-5000-C,70.06,0.0655,0.1,3,1554278164134,17191221,209
2019-04-03 08:33:49.322,0.2,buy,4942.6,BTC-26APR19-5000-C,72.77,0.0675,0.2,0,1554280429322,17192195,210
2019-04-03 11:52:57.569,5.0,sell,4965.56,BTC-26APR19-5000-C,66.9,0.0635,5.0,2,1554292377569,17195011,211
2019-04-03 16:09:20.876,5.4,buy,5085.85,BTC-26APR19-5000-C,70.33,0.078,5.4,0,1554307760876,17206968,212
2019-04-03 16:09:23.475,0.3,buy,5087.66,BTC-26APR19-5000-C,70.15,0.078,0.3,1,1554307763475,17207023,213
2019-04-03 16:09:27.906,0.3,buy,5090.67,BTC-26APR19-5000-C,69.85,0.078,0.3,1,1554307767906,17207057,214
2019-04-03 16:09:28.204,0.3,buy,5093.01,BTC-26APR19-5000-C,69.62,0.078,0.3,1,1554307768204,17207063,215
2019-04-03 16:09:28.345,1.0,buy,5093.01,BTC-26APR19-5000-C,69.62,0.078,1.0,1,1554307768345,17207065,216
2019-04-03 16:09:29.368,0.2,buy,5093.01,BTC-26APR19-5000-C,69.62,0.078,0.2,1,1554307769368,17207076,217
2019-04-03 16:09:29.385,0.3,buy,5093.01,BTC-26APR19-5000-C,69.62,0.078,0.3,1,1554307769385,17207077,218
2019-04-03 16:09:31.157,0.5,buy,5095.67,BTC-26APR19-5000-C,69.35,0.078,0.5,1,1554307771157,17207127,219
2019-04-03 16:09:31.527,0.3,buy,5095.67,BTC-26APR19-5000-C,69.35,0.078,0.3,1,1554307771527,17207136,220
2019-04-03 16:09:31.810,0.3,buy,5095.67,BTC-26APR19-5000-C,69.35,0.078,0.3,1,1554307771810,17207139,221
2019-04-03 16:09:32.583,0.6,buy,5096.0,BTC-26APR19-5000-C,69.32,0.078,0.6,1,1554307772583,17207150,222
2019-04-03 16:09:35.532,0.5,buy,5105.38,BTC-26APR19-5000-C,68.37,0.078,0.5,1,1554307775532,17207264,223
2019-04-03 16:29:51.944,9.2,sell,5103.62,BTC-26APR19-5000-C,68.57,0.078,9.2,1,1554308991944,17212383,224
2019-04-03 16:29:51.947,0.8,buy,5103.62,BTC-26APR19-5000-C,68.57,0.078,0.8,1,1554308991947,17212384,225
2019-04-03 16:48:08.651,1.0,buy,5141.49,BTC-26APR19-5000-C,75.57,0.0885,1.0,0,1554310088651,17214145,226
2019-04-03 17:02:08.685,0.2,sell,5152.56,BTC-26APR19-5000-C,67.68,0.08199999999999999,0.2,2,1554310928685,17215055,227
2019-04-03 17:31:53.767,1.0,sell,5121.73,BTC-26APR19-5000-C,67.81,0.079,1.0,2,1554312713767,17220042,228
2019-04-03 18:05:56.793,0.4,buy,5131.09,BTC-26APR19-5000-C,75.17,0.087,0.4,0,1554314756793,17221678,229
2019-04-03 18:15:11.976,1.0,buy,5133.9,BTC-26APR19-5000-C,75.93,0.08800000000000001,1.0,0,1554315311976,17221821,230
2019-04-03 18:33:29.375,0.9,buy,5146.44,BTC-26APR19-5000-C,71.54,0.085,0.9,2,1554316409375,17222184,231
2019-04-03 18:35:01.227,0.1,buy,5159.91,BTC-26APR19-5000-C,70.14,0.085,0.1,3,1554316501227,17222328,232
2019-04-03 19:32:26.061,9.0,buy,5165.83,BTC-26APR19-5000-C,76.9,0.092,9.0,0,1554319946061,17226302,233
2019-04-03 19:32:26.061,1.0,buy,5165.83,BTC-26APR19-5000-C,76.9,0.092,1.0,1,1554319946061,17226303,234
2019-04-03 19:33:50.127,10.0,buy,5165.98,BTC-26APR19-5000-C,77.41,0.0925,10.0,0,1554320030127,17226370,235
2019-04-03 19:35:05.682,8.3,buy,5164.43,BTC-26APR19-5000-C,78.09,0.093,8.3,0,1554320105682,17226414,236
2019-04-03 19:35:05.682,1.7,buy,5164.43,BTC-26APR19-5000-C,78.09,0.093,1.7,1,1554320105682,17226415,237
2019-04-03 19:36:16.963,10.0,buy,5164.87,BTC-26APR19-5000-C,78.05,0.093,10.0,1,1554320176963,17226432,238
2019-04-03 19:37:06.645,5.6000000000000005,buy,5162.83,BTC-26APR19-5000-C,77.74,0.0925,5.6000000000000005,2,1554320226645,17226444,239
2019-04-03 19:37:06.651,4.4,sell,5162.83,BTC-26APR19-5000-C,78.78,0.0935,4.4,0,1554320226651,17226445,240
2019-04-03 19:39:20.164,10.7,buy,5155.21,BTC-26APR19-5000-C,79.05,0.093,10.7,2,1554320360164,17226610,241
2019-04-03 19:39:20.164,4.3,buy,5155.21,BTC-26APR19-5000-C,79.05,0.093,4.3,3,1554320360164,17226611,242
2019-04-03 19:40:37.141,10.0,buy,5154.68,BTC-26APR19-5000-C,80.14,0.094,10.0,0,1554320437141,17226650,243
2019-04-03 19:45:08.856,10.0,buy,5148.58,BTC-26APR19-5000-C,78.17,0.0915,10.0,2,1554320708856,17227053,244
2019-04-03 19:47:58.618,5.0,buy,5137.97,BTC-26APR19-5000-C,79.77,0.092,5.0,0,1554320878618,17227121,245
2019-04-03 19:48:38.147,10.0,buy,5141.51,BTC-26APR19-5000-C,80.45,0.093,10.0,0,1554320918147,17227151,246
2019-04-03 20:13:49.263,4.0,sell,5184.07,BTC-26APR19-5000-C,73.46,0.0905,4.0,2,1554322429263,17228697,247
2019-04-03 20:15:26.170,4.0,buy,5238.45,BTC-26APR19-5000-C,73.94,0.0965,4.0,0,1554322526170,17229888,248
2019-04-03 20:22:21.464,0.5,buy,5256.85,BTC-26APR19-5000-C,75.68,0.1,0.5,0,1554322941464,17232387,249
2019-04-03 20:47:42.427,1.0,sell,5254.3,BTC-26APR19-5000-C,71.68,0.096,1.0,2,1554324462427,17237102,250
2019-04-03 20:55:49.441,5.0,buy,5283.71,BTC-26APR19-5000-C,79.23,0.106,5.0,0,1554324949441,17237610,251
2019-04-03 20:55:49.444,6.2,sell,5283.71,BTC-26APR19-5000-C,79.23,0.106,6.2,1,1554324949444,17237611,252
2019-04-03 20:55:54.584,13.8,sell,5283.08,BTC-26APR19-5000-C,79.3,0.106,13.8,1,1554324954584,17237618,253
2019-04-03 21:00:35.604,0.2,buy,5303.24,BTC-26APR19-5000-C,78.68,0.1075,0.2,0,1554325235604,17238182,254
2019-04-03 21:00:58.338,14.0,buy,5302.55,BTC-26APR19-5000-C,81.49,0.11,14.0,0,1554325258338,17238221,255
2019-04-03 21:01:11.422,0.2,buy,5304.68,BTC-26APR19-5000-C,82.34,0.111,0.2,0,1554325271422,17238255,256
2019-04-03 21:01:11.426,0.6,sell,5304.68,BTC-26APR19-5000-C,82.34,0.111,0.6,1,1554325271426,17238256,257
2019-04-03 21:01:29.581,10.0,buy,5305.97,BTC-26APR19-5000-C,82.2,0.111,10.0,1,1554325289581,17238288,258
2019-04-03 21:01:58.847,10.7,buy,5314.29,BTC-26APR19-5000-C,81.27,0.111,10.7,1,1554325318847,17238328,259
2019-04-03 21:01:58.850,9.3,sell,5314.29,BTC-26APR19-5000-C,81.27,0.111,9.3,1,1554325318850,17238329,260
2019-04-03 21:24:46.594,0.5,sell,5306.18,BTC-26APR19-5000-C,73.98,0.1035,0.5,2,1554326686594,17240915,261
2019-04-03 22:04:33.349,14.0,buy,5228.95,BTC-26APR19-5000-C,80.45,0.1015,14.0,2,1554329073349,17246627,262
2019-04-03 22:04:57.636,10.0,buy,5227.29,BTC-26APR19-5000-C,81.16,0.102,10.0,0,1554329097636,17246683,263
2019-04-03 22:05:14.330,12.5,sell,5225.35,BTC-26APR19-5000-C,80.84,0.1015,12.5,2,1554329114330,17246693,264
2019-04-03 22:05:19.068,0.7000000000000001,sell,5224.8,BTC-26APR19-5000-C,80.9,0.1015,0.7000000000000001,3,1554329119068,17246696,265
2019-04-03 22:05:19.156,2.8000000000000003,sell,5224.8,BTC-26APR19-5000-C,80.9,0.1015,2.8000000000000003,3,1554329119156,17246697,266
2019-04-03 22:43:24.355,0.1,sell,5125.27,BTC-26APR19-5000-C,71.93,0.083,0.1,2,1554331404355,17250559,267
2019-04-03 22:43:24.355,1.9,sell,5125.27,BTC-26APR19-5000-C,70.89,0.08199999999999999,1.9,2,1554331404355,17250560,268
2019-04-03 22:58:29.507,1.0,buy,5089.63,BTC-26APR19-5000-C,76.58,0.084,1.0,0,1554332309507,17258010,269
2019-04-04 01:06:11.134,0.8,sell,5041.9,BTC-26APR19-5000-C,80.89,0.0835,0.8,2,1554339971134,17282660,270
2019-04-04 02:56:07.485,0.1,sell,5021.71,BTC-26APR19-5000-C,71.7,0.0725,0.1,2,1554346567485,17288355,271
2019-04-04 11:36:46.908,0.1,sell,4968.95,BTC-26APR19-5000-C,73.21,0.0685,0.1,2,1554377806908,17304357,272
2019-04-04 12:14:58.899,1.5,buy,5011.53,BTC-26APR19-5000-C,73.32,0.0725,1.5,0,1554380098899,17305819,273
2019-04-04 12:36:26.809,0.5,buy,5002.24,BTC-26APR19-5000-C,74.24,0.0725,0.5,1,1554381386809,17306556,274
2019-04-04 14:12:34.157,5.0,buy,5041.62,BTC-26APR19-5000-C,73.11,0.075,5.0,0,1554387154157,17309473,275
2019-04-04 14:42:42.977,1.5,sell,5009.43,BTC-26APR19-5000-C,69.05,0.068,1.5,2,1554388962977,17310603,276
2019-04-04 15:05:37.916,0.2,sell,5006.2,BTC-26APR19-5000-C,67.84,0.0665,0.2,2,1554390337916,17311182,277
2019-04-04 15:51:59.125,3.5,buy,4987.38,BTC-26APR19-5000-C,68.15,0.065,3.5,2,1554393119125,17312719,278
2019-04-04 15:57:26.052,1.1,buy,5000.71,BTC-26APR19-5000-C,68.94,0.067,1.1,0,1554393446052,17312869,279
2019-04-04 16:18:38.169,5.3,sell,4987.77,BTC-26APR19-5000-C,68.14,0.065,5.3,2,1554394718169,17313647,280
2019-04-04 17:36:52.607,1.0,sell,4948.86,BTC-26APR19-5000-C,68.81,0.062,1.0,2,1554399412607,17316893,281
2019-04-04 18:10:15.665,1.0,buy,4854.68,BTC-26APR19-5000-C,72.7,0.0575,1.0,2,1554401415665,17320906,282
2019-04-04 18:20:27.467,1.0,sell,4843.15,BTC-26APR19-5000-C,68.02,0.052000000000000005,1.0,2,1554402027467,17322701,283
2019-04-04 21:15:26.828,0.3,buy,4863.85,BTC-26APR19-5000-C,68.48,0.054000000000000006,0.3,0,1554412526828,17334943,284
2019-04-04 21:50:54.428,0.2,buy,4942.75,BTC-26APR19-5000-C,67.59,0.06,0.2,0,1554414654428,17338177,285
2019-04-04 23:18:13.300,0.4,sell,4916.42,BTC-26APR19-5000-C,67.01,0.057,0.4,2,1554419893300,17340925,286
2019-04-05 05:57:17.043,1.0,sell,4973.58,BTC-26APR19-5000-C,68.33,0.063,1.0,0,1554443837043,17351071,287
2019-04-05 06:49:02.865,0.5,sell,4941.2,BTC-26APR19-5000-C,71.46,0.063,0.5,1,1554446942865,17352278,288
2019-04-05 07:19:01.892,0.5,sell,4935.47,BTC-26APR19-5000-C,72.03,0.063,0.5,1,1554448741892,17352929,289
2019-04-05 07:54:44.716,10.0,sell,4950.85,BTC-26APR19-5000-C,76.91,0.069,10.0,0,1554450884716,17353892,290
2019-04-05 07:57:53.993,3.0,sell,4934.33,BTC-26APR19-5000-C,71.67,0.0625,3.0,2,1554451073993,17354324,291
2019-04-05 09:15:03.594,1.0,buy,4951.26,BTC-26APR19-5000-C,74.35,0.0665,1.0,0,1554455703594,17356535,292
2019-04-05 09:15:08.374,1.0,buy,4950.69,BTC-26APR19-5000-C,74.4,0.0665,1.0,1,1554455708374,17356538,293
2019-04-05 11:19:11.763,2.5,buy,4968.13,BTC-26APR19-5000-C,72.37,0.066,2.5,2,1554463151763,17358580,294
2019-04-05 13:35:46.694,1.0,sell,4993.06,BTC-26APR19-5000-C,72.75,0.0685,1.0,0,1554471346694,17365329,295
2019-04-05 16:01:19.932,0.2,sell,4987.46,BTC-26APR19-5000-C,68.2,0.0635,0.2,2,1554480079932,17371513,296
2019-04-05 19:14:24.516,1.0,sell,5014.74,BTC-26APR19-5000-C,68.36,0.066,1.0,0,1554491664516,17379765,297
2019-04-06 08:30:02.044,2.0,buy,4993.63,BTC-26APR19-5000-C,73.04,0.0675,2.0,0,1554539402044,17390935,298
2019-04-06 12:06:10.985,0.5,buy,5003.74,BTC-26APR19-5000-C,73.38,0.0685,0.5,0,1554552370985,17393079,299
2019-04-06 12:07:45.461,0.5,buy,5005.83,BTC-26APR19-5000-C,73.17,0.0685,0.5,1,1554552465461,17393115,300
2019-04-06 20:06:41.608,2.0,buy,5163.97,BTC-26APR19-5000-C,69.35,0.08,2.0,0,1554581201608,17421351,301
2019-04-06 21:16:47.708,1.0,sell,5008.31,BTC-26APR19-5000-C,65.46,0.061,1.0,2,1554585407708,17432063,302
2019-04-07 09:03:04.662,11.0,sell,5171.92,BTC-26APR19-5000-C,73.98,0.084,11.0,0,1554627784662,17461727,303
2019-04-07 09:27:51.352,2.5,buy,5152.27,BTC-26APR19-5000-C,68.88,0.0775,2.5,2,1554629271352,17462536,304
2019-04-07 13:15:23.129,1.0,sell,5139.07,BTC-26APR19-5000-C,66.71,0.07400000000000001,1.0,2,1554642923129,17466936,305
2019-04-07 15:11:21.902,0.2,buy,5148.03,BTC-26APR19-5000-C,70.39,0.078,0.2,0,1554649881902,17468886,306
2019-04-07 18:16:19.381,0.2,buy,5134.8,BTC-26APR19-5000-C,68.73,0.075,0.2,2,1554660979381,17475326,307
2019-04-07 19:12:13.503,0.2,buy,5159.37,BTC-26APR19-5000-C,65.31,0.0745,0.2,2,1554664333503,17476961,308
2019-04-07 20:31:27.916,0.2,buy,5171.4,BTC-26APR19-5000-C,66.27,0.0765,0.2,0,1554669087916,17479636,309
2019-04-07 22:25:42.482,0.2,buy,5177.08,BTC-26APR19-5000-C,68.05,0.0785,0.2,0,1554675942482,17483096,310
2019-04-07 22:26:10.511,4.0,buy,5183.51,BTC-26APR19-5000-C,69.02,0.08,4.0,0,1554675970511,17483431,311
2019-04-07 22:26:10.552,0.2,sell,5183.51,BTC-26APR19-5000-C,69.02,0.08,0.2,1,1554675970552,17483435,312
2019-04-07 22:26:51.866,1.0,buy,5183.6,BTC-26APR19-5000-C,71.36,0.08199999999999999,1.0,0,1554676011866,17484086,313
2019-04-07 22:52:18.961,2.9,buy,5138.59,BTC-26APR19-5000-C,69.22,0.0755,2.9,2,1554677538961,17489320,314
2019-04-07 23:14:41.345,4.1,buy,5204.66,BTC-26APR19-5000-C,70.6,0.0835,4.1,0,1554678881345,17493144,315
2019-04-08 04:56:18.017,0.3,buy,5304.8,BTC-26APR19-5000-C,70.13,0.0935,0.3,0,1554699378017,17513023,316
2019-04-08 05:20:38.883,10.0,sell,5283.43,BTC-26APR19-5000-C,67.49,0.08900000000000001,10.0,2,1554700838883,17513839,317
2019-04-08 11:09:33.574,4.0,sell,5199.69,BTC-26APR19-5000-C,67.41,0.0795,4.0,2,1554721773574,17525563,318
2019-04-08 16:23:46.183,0.4,buy,5215.35,BTC-26APR19-5000-C,68.83,0.08199999999999999,0.4,0,1554740626183,17535858,319
2019-04-08 16:23:52.033,0.4,buy,5215.59,BTC-26APR19-5000-C,68.8,0.08199999999999999,0.4,1,1554740632033,17535860,320
2019-04-08 16:24:04.093,0.2,buy,5213.59,BTC-26APR19-5000-C,69.06,0.08199999999999999,0.2,1,1554740644093,17535861,321
2019-04-08 17:03:02.519,0.2,buy,5217.7,BTC-26APR19-5000-C,71.01,0.084,0.2,0,1554742982519,17537158,322
2019-04-08 17:27:23.743,0.4,sell,5189.07,BTC-26APR19-5000-C,68.66,0.079,0.4,2,1554744443743,17537529,323
2019-04-08 17:27:27.263,0.6,buy,5189.57,BTC-26APR19-5000-C,68.6,0.079,0.6,3,1554744447263,17537533,324
2019-04-08 20:48:32.757,0.2,buy,5260.82,BTC-26APR19-5000-C,74.9,0.0915,0.2,0,1554756512757,17542251,325
2019-04-10 06:07:20.784,1.0,sell,5267.36,BTC-26APR19-5000-C,62.09,0.08,1.0,2,1554876440784,17593346,326
2019-04-10 14:38:40.708,0.6,buy,5270.11,BTC-26APR19-5000-C,58.3,0.077,0.6,2,1554907120708,17602141,327
2019-04-10 15:02:23.416,0.4,buy,5271.06,BTC-26APR19-5000-C,58.18,0.077,0.4,3,1554908543416,17602259,328
2019-04-10 16:42:05.502,0.1,sell,5276.69,BTC-26APR19-5000-C,55.32,0.0755,0.1,2,1554914525502,17605256,329
2019-04-10 16:48:19.910,0.1,sell,5274.63,BTC-26APR19-5000-C,54.97,0.075,0.1,2,1554914899910,17605327,330
2019-04-10 16:49:28.448,0.8,sell,5274.72,BTC-26APR19-5000-C,54.96,0.075,0.8,3,1554914968448,17605337,331
2019-04-10 18:34:27.770,0.2,buy,5459.12,BTC-26APR19-5000-C,58.75,0.1,0.2,0,1554921267770,17615317,332
2019-04-10 19:24:10.760,4.0,buy,5406.22,BTC-26APR19-5000-C,61.24,0.095,4.0,2,1554924250760,17624530,333
2019-04-10 19:24:13.310,2.0,buy,5406.38,BTC-26APR19-5000-C,61.21,0.095,2.0,3,1554924253310,17624533,334
2019-04-10 19:45:49.630,4.0,sell,5419.02,BTC-26APR19-5000-C,63.5,0.098,4.0,0,1554925549630,17625735,335
2019-04-10 20:01:16.647,1.0,buy,5413.04,BTC-26APR19-5000-C,66.12,0.099,1.0,0,1554926476647,17626394,336
2019-04-10 20:17:05.717,1.0,sell,5402.42,BTC-26APR19-5000-C,66.53,0.098,1.0,2,1554927425717,17626953,337
2019-04-10 20:43:40.528,1.0,sell,5266.87,BTC-26APR19-5000-C,68.1,0.0835,1.0,2,1554929020528,17637455,338
2019-04-10 20:47:41.521,1.0,buy,5291.13,BTC-26APR19-5000-C,67.13,0.0855,1.0,0,1554929261521,17638972,339
2019-04-10 21:57:45.307,1.0,buy,5296.25,BTC-26APR19-5000-C,70.54,0.0885,1.0,0,1554933465307,17647442,340
2019-04-11 09:49:39.797,4.6000000000000005,sell,5103.88,BTC-26APR19-5000-C,64.78,0.0625,4.6000000000000005,2,1554976179797,17678032,341
2019-04-11 11:01:39.151,1.0,sell,5069.31,BTC-26APR19-5000-C,59.87,0.055,1.0,2,1554980499151,17689241,342
2019-04-11 11:37:32.651,0.4,sell,5021.85,BTC-26APR19-5000-C,62.06,0.052000000000000005,0.4,2,1554982652651,17695468,343
2019-04-11 11:46:27.950,0.4,sell,5042.1,BTC-26APR19-5000-C,62.72,0.0545,0.4,0,1554983187950,17696377,344
2019-04-11 15:37:29.365,0.1,buy,5058.74,BTC-26APR19-5000-C,60.34,0.054000000000000006,0.1,2,1554997049365,17704927,345
2019-04-11 19:40:45.055,0.4,buy,5060.18,BTC-26APR19-5000-C,59.23,0.053,0.4,2,1555011645055,17713627,346
2019-04-12 02:11:14.413,0.6,buy,4973.85,BTC-26APR19-5000-C,64.7,0.0485,0.6,0,1555035074413,17733586,348
2019-04-12 02:11:14.413,0.4,buy,4973.85,BTC-26APR19-5000-C,61.53,0.046,0.4,2,1555035074413,17733585,347
2019-04-12 06:20:43.746,0.4,buy,5014.88,BTC-26APR19-5000-C,63.98,0.0515,0.4,0,1555050043746,17738788,349
2019-04-12 08:31:38.150,0.1,sell,5018.51,BTC-26APR19-5000-C,57.95,0.047,0.1,2,1555057898150,17742277,350
2019-04-12 10:44:36.894,8.0,buy,5079.16,BTC-26APR19-5000-C,54.1,0.05,8.0,0,1555065876894,17744736,351
2019-04-12 10:54:03.869,4.0,sell,5079.46,BTC-26APR19-5000-C,58.0,0.053,4.0,0,1555066443869,17745450,352
2019-04-12 14:40:35.124,0.5,sell,5079.27,BTC-26APR19-5000-C,54.4,0.05,0.5,2,1555080035124,17750359,353
2019-04-12 16:44:16.878,0.2,buy,5081.55,BTC-26APR19-5000-C,58.23,0.053,0.2,0,1555087456878,17752246,354
2019-04-12 16:45:18.130,0.8,buy,5081.91,BTC-26APR19-5000-C,58.84,0.0535,0.8,0,1555087518130,17752256,355
2019-04-13 03:32:25.066,0.1,sell,5112.37,BTC-26APR19-5000-C,49.32,0.049,0.1,2,1555126345066,17765721,356
2019-04-13 03:32:59.555,0.9,sell,5113.42,BTC-26APR19-5000-C,48.48,0.0485,0.9,2,1555126379555,17765739,357
2019-04-13 09:07:53.714,0.5,buy,5081.01,BTC-26APR19-5000-C,55.75,0.05,0.5,0,1555146473714,17769910,358
2019-04-13 20:14:51.472,5.0,sell,5070.77,BTC-26APR19-5000-C,52.03,0.0455,5.0,2,1555186491472,17783978,359
2019-04-14 14:31:51.232,0.1,sell,5070.39,BTC-26APR19-5000-C,50.19,0.043,0.1,2,1555252311232,17796721,360
2019-04-14 17:22:59.941,0.1,sell,5091.77,BTC-26APR19-5000-C,49.3,0.0445,0.1,0,1555262579941,17799753,361
2019-04-14 18:13:02.402,0.1,buy,5097.52,BTC-26APR19-5000-C,51.37,0.0465,0.1,0,1555265582402,17800177,362
2019-04-14 22:16:10.221,0.1,sell,5166.68,BTC-26APR19-5000-C,46.63,0.051,0.1,0,1555280170221,17805057,363
2019-04-14 22:16:25.168,0.4,sell,5167.86,BTC-26APR19-5000-C,46.41,0.051,0.4,1,1555280185168,17805098,364
2019-04-14 22:16:49.941,0.1,sell,5166.66,BTC-26APR19-5000-C,46.64,0.051,0.1,1,1555280209941,17805142,365
2019-04-14 22:17:08.080,0.1,buy,5170.71,BTC-26APR19-5000-C,47.44,0.052000000000000005,0.1,0,1555280228080,17805197,366
2019-04-14 22:34:21.538,0.1,buy,5181.17,BTC-26APR19-5000-C,47.06,0.053,0.1,0,1555281261538,17807199,367
2019-04-14 22:47:50.934,0.2,buy,5171.62,BTC-26APR19-5000-C,50.43,0.054000000000000006,0.2,0,1555282070934,17808076,368
2019-04-14 23:27:53.242,7.0,buy,5157.53,BTC-26APR19-5000-C,54.55,0.055,7.0,1,1555284473242,17809534,370
2019-04-14 23:27:53.242,0.3,buy,5157.53,BTC-26APR19-5000-C,54.55,0.055,0.3,0,1555284473242,17809533,369
2019-04-14 23:29:13.789,2.7,sell,5156.54,BTC-26APR19-5000-C,54.72,0.055,2.7,1,1555284553789,17809542,371
2019-04-15 01:16:44.179,0.1,buy,5169.72,BTC-26APR19-5000-C,55.65,0.057,0.1,0,1555291004179,17811102,373
2019-04-15 01:16:44.179,2.7,buy,5169.72,BTC-26APR19-5000-C,55.65,0.057,2.7,1,1555291004179,17811103,374
2019-04-15 01:16:44.179,0.2,buy,5169.72,BTC-26APR19-5000-C,54.11,0.056,0.2,0,1555291004179,17811101,372
2019-04-15 07:24:39.856,0.4,sell,5149.27,BTC-26APR19-5000-C,53.73,0.053,0.4,2,1555313079856,17815120,375
2019-04-15 14:46:13.965,1.0,sell,5164.52,BTC-26APR19-5000-C,46.1,0.0495,1.0,2,1555339573965,17820283,376
2019-04-15 14:46:51.917,1.0,sell,5165.18,BTC-26APR19-5000-C,45.97,0.0495,1.0,3,1555339611917,17820289,377
2019-04-15 17:28:27.298,2.0,sell,5111.48,BTC-26APR19-5000-C,54.38,0.0485,2.0,2,1555349307298,17822609,378
2019-04-15 17:30:55.773,2.0,buy,5063.33,BTC-26APR19-5000-C,55.39,0.044000000000000004,2.0,2,1555349455773,17825337,379
2019-04-15 17:36:59.045,0.6,sell,5009.91,BTC-26APR19-5000-C,55.98,0.039,0.6,2,1555349819045,17828655,380
2019-04-15 17:45:02.221,0.2,buy,5061.27,BTC-26APR19-5000-C,48.26,0.039,0.2,3,1555350302221,17830776,381
2019-04-15 19:41:43.612,0.1,sell,5012.11,BTC-26APR19-5000-C,55.15,0.0385,0.1,2,1555357303612,17835818,382
2019-04-16 14:35:07.944,0.4,buy,5053.85,BTC-26APR19-5000-C,52.36,0.0395,0.4,0,1555425307944,17860772,383
2019-04-16 14:35:10.112,0.4,buy,5053.93,BTC-26APR19-5000-C,52.35,0.0395,0.4,1,1555425310112,17860790,384
2019-04-16 14:35:15.948,0.4,buy,5053.7,BTC-26APR19-5000-C,52.39,0.0395,0.4,1,1555425315948,17860799,385
2019-04-16 14:35:19.791,0.1,buy,5053.62,BTC-26APR19-5000-C,53.18,0.04,0.1,0,1555425319791,17860808,386
2019-04-16 14:35:19.791,0.3,buy,5053.62,BTC-26APR19-5000-C,53.18,0.04,0.3,1,1555425319791,17860809,387
2019-04-16 14:35:21.677,0.4,buy,5053.86,BTC-26APR19-5000-C,53.14,0.04,0.4,1,1555425321677,17860817,388
2019-04-16 14:35:21.770,0.4,buy,5053.86,BTC-26APR19-5000-C,53.14,0.04,0.4,1,1555425321770,17860823,389
2019-04-16 14:35:21.805,0.4,buy,5053.86,BTC-26APR19-5000-C,53.14,0.04,0.4,1,1555425321805,17860829,390
2019-04-16 14:35:21.851,0.4,buy,5053.86,BTC-26APR19-5000-C,53.14,0.04,0.4,1,1555425321851,17860834,391
2019-04-16 14:53:05.356,1.0,buy,5060.47,BTC-26APR19-5000-C,53.65,0.041,1.0,0,1555426385356,17861378,392
2019-04-16 16:42:05.436,1.0,sell,5088.07,BTC-26APR19-5000-C,48.38,0.0405,1.0,2,1555432925436,17864326,393
2019-04-16 17:21:06.547,0.1,buy,5100.71,BTC-26APR19-5000-C,49.4,0.0425,0.1,0,1555435266547,17864933,394
2019-04-16 17:21:16.028,0.1,buy,5111.2,BTC-26APR19-5000-C,48.29,0.043,0.1,0,1555435276028,17865181,395
2019-04-16 17:30:56.815,0.2,buy,5219.81,BTC-26APR19-5000-C,51.68,0.058,0.2,0,1555435856815,17869523,396
2019-04-16 18:07:55.938,0.5,buy,5209.93,BTC-26APR19-5000-C,51.27,0.0565,0.5,2,1555438075938,17875562,397
2019-04-16 18:36:48.659,0.5,buy,5191.46,BTC-26APR19-5000-C,52.68,0.055,0.5,2,1555439808659,17876698,398
2019-04-16 20:09:42.736,1.0,sell,5181.79,BTC-26APR19-5000-C,46.15,0.05,1.0,2,1555445382736,17879117,399
2019-04-16 20:37:29.399,4.0,sell,5190.11,BTC-26APR19-5000-C,45.22,0.0505,4.0,0,1555447049399,17879447,400
2019-04-17 00:08:25.490,0.1,buy,5219.56,BTC-26APR19-5000-C,46.93,0.055,0.1,0,1555459705490,17883192,401
2019-04-17 00:11:14.018,0.2,buy,5255.63,BTC-26APR19-5000-C,46.47,0.0595,0.2,0,1555459874018,17884361,402
2019-04-17 08:10:53.762,0.2,sell,5217.41,BTC-26APR19-5000-C,51.17,0.0565,0.2,2,1555488653762,17893654,403
2019-04-17 09:25:05.668,4.0,buy,5204.35,BTC-26APR19-5000-C,49.72,0.054000000000000006,4.0,2,1555493105668,17894904,404
2019-04-17 14:15:07.231,5.0,sell,5193.52,BTC-26APR19-5000-C,45.31,0.05,5.0,2,1555510507231,17902999,405
2019-04-17 20:48:00.790,0.5,sell,5242.95,BTC-26APR19-5000-C,47.07,0.057,0.5,0,1555534080790,17908142,406
2019-04-18 09:08:36.515,0.1,buy,5236.44,BTC-26APR19-5000-C,53.54,0.0585,0.1,0,1555578516515,17920354,407
2019-04-18 22:45:24.271,4.0,buy,5294.86,BTC-26APR19-5000-C,47.68,0.063,4.0,0,1555627524271,17937044,408
2019-04-18 22:46:38.715,4.0,buy,5296.42,BTC-26APR19-5000-C,47.11,0.063,4.0,1,1555627598715,17937047,409
2019-04-18 22:46:53.922,2.0,buy,5297.1,BTC-26APR19-5000-C,46.85,0.063,2.0,1,1555627613922,17937055,410
2019-04-19 01:06:08.585,4.0,buy,5264.56,BTC-26APR19-5000-C,46.11,0.058,4.0,2,1555635968585,17939139,411
2019-04-19 05:04:50.006,0.1,buy,5236.15,BTC-26APR19-5000-C,55.56,0.058,0.1,3,1555650290006,17946575,412
2019-04-19 05:04:50.006,0.9,buy,5236.15,BTC-26APR19-5000-C,55.56,0.058,0.9,3,1555650290006,17946576,413
2019-04-19 08:15:14.029,0.3,sell,5242.02,BTC-26APR19-5000-C,47.39,0.055,0.3,2,1555661714029,17947817,414
2019-04-19 10:50:17.528,0.1,buy,5246.22,BTC-26APR19-5000-C,47.57,0.0555,0.1,0,1555671017528,17949550,415
2019-04-19 11:12:04.301,1.0,buy,5264.91,BTC-26APR19-5000-C,47.38,0.058,1.0,0,1555672324301,17949771,416
2019-04-19 16:24:23.433,1.0,buy,5305.34,BTC-26APR19-5000-C,48.87,0.064,1.0,0,1555691063433,17955664,417
2019-04-19 16:25:42.767,4.0,buy,5349.65,BTC-26APR19-5000-C,55.22,0.0725,4.0,0,1555691142767,17957032,418
2019-04-19 18:04:07.162,2.0,sell,5277.65,BTC-26APR19-5000-C,46.21,0.059000000000000004,2.0,2,1555697047162,17963464,419
2019-04-19 18:14:28.403,1.0,sell,5277.29,BTC-26APR19-5000-C,46.38,0.059000000000000004,1.0,3,1555697668403,17963516,420
2019-04-20 06:07:06.239,0.1,sell,5334.43,BTC-26APR19-5000-C,47.05,0.067,0.1,0,1555740426239,17976848,421
2019-04-20 06:07:06.239,0.9,sell,5334.43,BTC-26APR19-5000-C,47.05,0.067,0.9,1,1555740426239,17976849,422
2019-04-20 20:50:12.208,4.0,sell,5311.8,BTC-26APR19-5000-C,52.52,0.0645,4.0,2,1555793412208,17988740,423
2019-04-20 23:25:43.531,0.5,sell,5301.47,BTC-26APR19-5000-C,44.28,0.0605,0.5,2,1555802743531,17994495,424
2019-04-20 23:29:32.377,0.5,sell,5309.44,BTC-26APR19-5000-C,45.4,0.062,0.5,0,1555802972377,17994574,425
2019-04-21 10:07:20.130,0.7000000000000001,sell,5252.86,BTC-26APR19-5000-C,43.8,0.0525,0.7000000000000001,2,1555841240130,18008551,426
2019-04-22 15:39:57.640,4.0,buy,5353.22,BTC-26APR19-5000-C,56.29,0.069,4.0,0,1555947597640,18040157,427
2019-04-22 15:40:14.764,2.1,buy,5366.45,BTC-26APR19-5000-C,53.1,0.0705,2.1,0,1555947614764,18040574,428
2019-04-22 15:41:36.048,3.2,sell,5371.63,BTC-26APR19-5000-C,59.95,0.0725,3.2,0,1555947696048,18043444,429
2019-04-22 15:41:44.510,0.1,buy,5367.34,BTC-26APR19-5000-C,60.73,0.07200000000000001,0.1,2,1555947704510,18043640,430
2019-04-22 15:42:06.464,4.0,buy,5366.04,BTC-26APR19-5000-C,59.16,0.0715,4.0,2,1555947726464,18044434,431
2019-04-22 15:42:27.114,0.1,sell,5366.08,BTC-26APR19-5000-C,53.47,0.0705,0.1,2,1555947747114,18044732,432
2019-04-22 15:42:27.114,2.9,sell,5366.08,BTC-26APR19-5000-C,50.22,0.07,2.9,2,1555947747114,18044733,433
2019-04-22 20:18:57.711,1.0,sell,5375.87,BTC-26APR19-5000-C,54.7,0.07200000000000001,1.0,0,1555964337711,18067190,434
2019-04-22 22:53:49.659,0.1,buy,5403.27,BTC-26APR19-5000-C,60.42,0.077,0.1,0,1555973629659,18070953,435
2019-04-22 22:59:23.791,0.1,sell,5401.19,BTC-26APR19-5000-C,55.67,0.076,0.1,2,1555973963791,18071171,436
2019-04-23 05:05:04.135,0.4,buy,5519.63,BTC-26APR19-5000-C,82.66,0.0975,0.4,0,1555995904135,18096202,437
2019-04-23 05:15:28.177,0.1,sell,5517.74,BTC-26APR19-5000-C,84.54,0.0975,0.1,1,1555996528177,18096627,438
2019-04-23 05:43:07.905,0.4,buy,5545.1,BTC-26APR19-5000-C,72.89,0.1,0.4,0,1555998187905,18097576,439
2019-04-23 08:10:20.697,7.9,buy,5546.46,BTC-26APR19-5000-C,81.01,0.10099999999999999,7.9,0,1556007020697,18101159,440
2019-04-23 09:00:48.681,1.0,sell,5541.57,BTC-26APR19-5000-C,53.59,0.098,1.0,2,1556010048681,18103567,441
2019-04-23 09:19:14.593,2.1,buy,5539.66,BTC-26APR19-5000-C,81.76,0.1,2.1,0,1556011154593,18104096,442
2019-04-23 12:05:31.062,1.0,buy,5551.76,BTC-26APR19-5000-C,80.84,0.1015,1.0,0,1556021131062,18107701,443
2019-04-23 13:10:03.258,1.0,sell,5566.41,BTC-26APR19-5000-C,0.0,0.1015,1.0,1,1556025003258,18109897,444
2019-04-23 13:10:11.086,1.0,sell,5565.4,BTC-26APR19-5000-C,0.0,0.1015,1.0,1,1556025011086,18109900,445
2019-04-23 14:16:28.441,4.0,sell,5577.66,BTC-26APR19-5000-C,0.0,0.1035,4.0,0,1556028988441,18111642,446
2019-04-23 23:57:28.599,8.1,sell,5546.04,BTC-26APR19-5000-C,48.66,0.0985,8.1,2,1556063848599,18132711,447
2019-04-25 05:04:17.486,6.0,sell,5431.37,BTC-26APR19-5000-C,0.0,0.0785,6.0,2,1556168657486,18206961,448
2019-04-25 05:05:33.733,0.1,sell,5429.68,BTC-26APR19-5000-C,0.0,0.078,0.1,2,1556168733733,18206973,449
2019-04-25 05:05:33.733,0.9,sell,5429.68,BTC-26APR19-5000-C,0.0,0.078,0.9,3,1556168733733,18206974,450
2019-04-25 22:04:24.529,6.0,sell,5249.81,BTC-26APR19-5000-C,0.0,0.0445,6.0,2,1556229864529,18243713,451
2019-04-25 22:04:30.477,6.0,sell,5230.87,BTC-26APR19-5000-C,0.0,0.0435,6.0,2,1556229870477,18244105,452
2019-04-25 22:04:30.477,15.0,sell,5230.87,BTC-26APR19-5000-C,0.0,0.0425,15.0,2,1556229870477,18244106,453
2019-04-25 22:04:30.477,0.1,sell,5230.87,BTC-26APR19-5000-C,0.0,0.0425,0.1,3,1556229870477,18244107,454
2019-04-25 22:04:57.272,0.1,buy,5178.25,BTC-26APR19-5000-C,274.66,0.055999999999999994,0.1,0,1556229897272,18245623,455
2019-04-25 22:05:07.269,1.0,buy,5158.48,BTC-26APR19-5000-C,256.98,0.0515,1.0,2,1556229907269,18245970,456
2019-04-25 22:05:13.885,0.1,sell,5152.57,BTC-26APR19-5000-C,205.49,0.0445,0.1,2,1556229913885,18246351,457
2019-04-25 22:05:17.093,0.8,sell,5151.89,BTC-26APR19-5000-C,206.18,0.0445,0.8,3,1556229917093,18246480,458
2019-04-25 22:06:01.453,0.1,sell,5126.88,BTC-26APR19-5000-C,82.72,0.0275,0.1,2,1556229961453,18247426,459
2019-04-25 22:09:19.167,2.0,sell,5110.46,BTC-26APR19-5000-C,59.75,0.023,2.0,2,1556230159167,18250979,460
2019-04-25 22:09:26.133,1.0,sell,5104.75,BTC-26APR19-5000-C,0.0,0.0205,1.0,2,1556230166133,18251232,461
2019-04-25 22:09:26.478,10.0,sell,5104.75,BTC-26APR19-5000-C,0.0,0.02,10.0,2,1556230166478,18251262,462
2019-04-25 22:10:16.330,5.0,sell,5052.26,BTC-26APR19-5000-C,0.0,0.01,5.0,2,1556230216330,18253263,463
2019-04-25 22:10:18.862,5.0,sell,5046.0,BTC-26APR19-5000-C,22.11,0.0095,5.0,2,1556230218862,18253428,464
2019-04-25 22:14:33.564,0.2,buy,5099.9,BTC-26APR19-5000-C,124.27,0.027999999999999997,0.2,0,1556230473564,18262301,465
2019-04-25 22:14:39.030,1.8,sell,5103.29,BTC-26APR19-5000-C,120.46,0.027999999999999997,1.8,1,1556230479030,18262440,466
2019-04-25 22:29:40.538,2.0,sell,5088.22,BTC-26APR19-5000-C,77.08,0.021,2.0,2,1556231380538,18272012,467
2019-04-25 22:39:58.838,1.0,sell,5123.03,BTC-26APR19-5000-C,0.0,0.0215,1.0,0,1556231998838,18275362,468
2019-04-25 22:49:06.435,1.0,sell,5150.1,BTC-26APR19-5000-C,0.0,0.027000000000000003,1.0,0,1556232546435,18278425,469
2019-04-25 23:23:13.646,3.0,buy,5135.99,BTC-26APR19-5000-C,89.69,0.028999999999999998,3.0,0,1556234593646,18283936,470
2019-04-26 00:25:03.263,0.3,sell,5072.14,BTC-26APR19-5000-C,68.17,0.017,0.3,2,1556238303263,18289928,471
2019-04-26 01:50:14.826,1.1,sell,5159.13,BTC-26APR19-5000-C,0.0,0.028999999999999998,1.1,0,1556243414826,18295490,472
2019-04-26 02:33:51.983,6.0,sell,5208.04,BTC-26APR19-5000-C,158.99,0.043,6.0,0,1556246031983,18298608,473
2019-04-26 02:34:00.972,6.0,sell,5202.29,BTC-26APR19-5000-C,138.79,0.040999999999999995,6.0,2,1556246040972,18298725,474
2019-04-26 02:39:47.854,6.0,sell,5279.74,BTC-26APR19-5000-C,161.1,0.0545,6.0,0,1556246387854,18301061,475
