date_utc,amount,direction,indexPrice,instrument,iv,price,quantity,tickDirection,timeStamp,tradeId,tradeSeq
2019-04-23 03:19:05.718,1.5,sell,5418.31,BTC-27DEC19-15000-C,78.36,0.0255,1.5,1,1555989545718,18075253,1
2019-04-23 04:39:42.462,0.5,sell,5526.28,BTC-27DEC19-15000-C,77.36,0.0255,0.5,1,1555994382462,18092240,2
2019-04-24 21:59:42.585,5.0,sell,5434.02,BTC-27DEC19-15000-C,75.21,0.0205,5.0,2,1556143182585,18198853,3
2019-04-29 09:01:35.549,0.1,sell,5165.23,BTC-27DEC19-15000-C,77.35,0.0185,0.1,2,1556528495549,18411199,4
2019-04-30 09:04:12.357,6.9,sell,5157.14,BTC-27DEC19-15000-C,78.46,0.0195,6.9,0,1556615052357,18452334,5
2019-04-30 22:46:03.675,0.5,sell,5281.37,BTC-27DEC19-15000-C,77.38,0.0195,0.5,1,1556664363675,18486846,6
2019-05-01 08:56:13.402,3.0,sell,5292.58,BTC-27DEC19-15000-C,77.89,0.02,3.0,0,1556700973402,18502452,7
2019-05-02 09:00:26.471,6.9,sell,5374.18,BTC-27DEC19-15000-C,77.65,0.0205,6.9,0,1556787626471,18540861,8
2019-05-03 13:32:53.972,1.0,buy,5737.85,BTC-27DEC19-15000-C,78.01,0.0265,1.0,0,1556890373972,18679497,9
2019-05-06 13:32:11.052,18.0,buy,5634.94,BTC-27DEC19-15000-C,79.78,0.027000000000000003,18.0,0,1557149531052,18951978,10
2019-05-06 15:23:39.643,3.0,buy,5652.9,BTC-27DEC19-15000-C,78.55,0.0255,3.0,2,1557156219643,18956983,11
2019-05-10 05:34:38.551,0.1,buy,6272.91,BTC-27DEC19-15000-C,79.54,0.0345,0.1,0,1557466478551,19324779,12
2019-05-10 08:19:24.015,0.1,buy,6282.65,BTC-27DEC19-15000-C,80.01,0.0355,0.1,0,1557476364015,19340440,13
2019-05-10 08:23:16.113,0.1,buy,6282.54,BTC-27DEC19-15000-C,80.59,0.0365,0.1,0,1557476596113,19340852,14
2019-05-10 13:42:35.981,0.1,sell,6287.41,BTC-27DEC19-15000-C,80.61,0.0365,0.1,1,1557495755981,19358198,15
2019-05-10 13:45:56.632,0.1,sell,6288.5,BTC-27DEC19-15000-C,80.59,0.0365,0.1,1,1557495956632,19358239,16
2019-05-10 15:56:26.222,0.2,buy,6302.98,BTC-27DEC19-15000-C,80.68,0.037000000000000005,0.2,0,1557503786222,19366875,17
2019-05-10 15:56:43.531,0.2,buy,6303.0,BTC-27DEC19-15000-C,80.69,0.037000000000000005,0.2,1,1557503803531,19367055,18
2019-05-10 17:30:07.076,0.1,buy,6388.33,BTC-27DEC19-15000-C,80.2,0.0375,0.1,0,1557509407076,19385388,19
2019-05-10 17:38:03.090,0.1,sell,6386.67,BTC-27DEC19-15000-C,80.22,0.0375,0.1,1,1557509883090,19386008,20
2019-05-10 17:58:40.800,4.0,buy,6406.33,BTC-27DEC19-15000-C,80.36,0.038,4.0,0,1557511120800,19387050,21
2019-05-10 19:58:31.196,0.1,buy,6373.82,BTC-27DEC19-15000-C,81.21,0.039,0.1,0,1557518311196,19394995,22
2019-05-10 21:08:07.428,0.2,buy,6315.97,BTC-27DEC19-15000-C,81.74,0.039,0.2,1,1557522487428,19407661,23
2019-05-10 21:38:45.414,0.1,buy,6332.13,BTC-27DEC19-15000-C,81.64,0.039,0.1,1,1557524325414,19410595,24
2019-05-10 22:21:40.620,0.1,buy,6354.73,BTC-27DEC19-15000-C,81.69,0.0395,0.1,0,1557526900620,19412160,25
2019-05-10 22:21:40.620,0.1,buy,6354.73,BTC-27DEC19-15000-C,81.69,0.0395,0.1,1,1557526900620,19412161,26
2019-05-11 00:30:43.031,0.1,buy,6388.9,BTC-27DEC19-15000-C,81.89,0.0405,0.1,0,1557534643031,19417483,27
2019-05-11 01:21:44.452,0.1,buy,6376.28,BTC-27DEC19-15000-C,81.96,0.0405,0.1,1,1557537704452,19419293,28
2019-05-11 03:08:29.950,0.1,buy,6530.72,BTC-27DEC19-15000-C,82.34,0.0445,0.1,0,1557544109950,19435545,29
2019-05-11 06:08:13.025,0.1,buy,6790.06,BTC-27DEC19-15000-C,77.01,0.0385,0.1,2,1557554893025,19478397,30
2019-05-11 06:08:13.196,4.9,buy,6790.06,BTC-27DEC19-15000-C,77.01,0.0385,4.9,3,1557554893196,19478403,31
2019-05-11 06:08:13.282,5.0,buy,6790.06,BTC-27DEC19-15000-C,77.01,0.0385,5.0,3,1557554893282,19478409,32
2019-05-11 08:57:44.204,1.0,buy,6682.56,BTC-27DEC19-15000-C,80.88,0.0445,1.0,0,1557565064204,19540142,33
2019-05-11 14:25:02.765,0.1,buy,6792.86,BTC-27DEC19-15000-C,82.36,0.05,0.1,0,1557584702765,19572552,34
2019-05-11 18:22:02.184,4.9,buy,6998.19,BTC-27DEC19-15000-C,83.84,0.058,4.9,0,1557598922184,19623860,35
2019-05-11 18:29:07.066,4.9,sell,6934.52,BTC-27DEC19-15000-C,83.52,0.056,4.9,2,1557599347066,19625298,36
2019-05-11 22:42:59.833,0.1,sell,7257.95,BTC-27DEC19-15000-C,83.89,0.065,0.1,0,1557614579833,19682108,37
2019-05-11 22:49:55.246,0.1,buy,7245.06,BTC-27DEC19-15000-C,84.85,0.0665,0.1,0,1557614995246,19686669,38
2019-05-12 13:59:14.504,0.1,buy,7111.03,BTC-27DEC19-15000-C,88.7,0.0715,0.1,0,1557669554504,19980170,39
2019-05-12 14:53:19.896,0.1,buy,7042.07,BTC-27DEC19-15000-C,87.44,0.067,0.1,2,1557672799896,19992981,40
2019-05-12 15:03:28.741,0.1,buy,6970.62,BTC-27DEC19-15000-C,87.4,0.0655,0.1,2,1557673408741,20000569,41
2019-05-12 15:17:59.425,1.0,buy,6981.96,BTC-27DEC19-15000-C,85.8,0.062,1.0,2,1557674279425,20005894,42
2019-05-12 15:43:02.635,1.0,sell,6814.05,BTC-27DEC19-15000-C,84.01,0.055,1.0,2,1557675782635,20011303,43
2019-05-12 15:53:39.196,0.1,buy,6856.29,BTC-27DEC19-15000-C,87.54,0.0635,0.1,0,1557676419196,20017961,44
2019-05-12 16:16:46.373,0.1,buy,6947.99,BTC-27DEC19-15000-C,87.03,0.064,0.1,0,1557677806373,20025496,45
2019-05-12 20:31:26.069,0.1,buy,7124.02,BTC-27DEC19-15000-C,88.54,0.0715,0.1,0,1557693086069,20073194,46
2019-05-13 02:47:10.246,0.1,buy,7029.39,BTC-27DEC19-15000-C,85.88,0.063,0.1,2,1557715630246,20124648,47
2019-05-13 04:25:35.259,1.0,buy,7043.66,BTC-27DEC19-15000-C,86.59,0.065,1.0,0,1557721535259,20128562,48
2019-05-13 13:58:21.517,0.1,buy,7371.16,BTC-27DEC19-15000-C,85.8,0.07,0.1,0,1557755901517,20188098,49
2019-05-13 14:11:13.570,0.1,buy,7413.46,BTC-27DEC19-15000-C,86.02,0.0715,0.1,0,1557756673570,20190067,50
2019-05-13 15:23:31.608,0.1,buy,7796.4,BTC-27DEC19-15000-C,88.51,0.08800000000000001,0.1,0,1557761011608,20231507,51
2019-05-13 17:29:53.084,2.0,sell,7828.84,BTC-27DEC19-15000-C,94.14,0.10400000000000001,2.0,0,1557768593084,20280780,52
2019-05-13 17:35:26.271,0.1,buy,7832.2,BTC-27DEC19-15000-C,93.37,0.102,0.1,2,1557768926271,20283087,53
2019-05-13 19:25:37.486,3.2,sell,7860.94,BTC-27DEC19-15000-C,85.31,0.081,3.2,2,1557775537486,20296375,54
2019-05-13 20:08:25.172,0.1,buy,7854.1,BTC-27DEC19-15000-C,90.05,0.0935,0.1,0,1557778105172,20304545,55
2019-05-13 20:11:09.769,0.1,buy,7860.98,BTC-27DEC19-15000-C,90.17,0.094,0.1,0,1557778269769,20304838,56
2019-05-13 20:47:47.725,0.1,buy,7908.53,BTC-27DEC19-15000-C,90.14,0.095,0.1,0,1557780467725,20308439,57
2019-05-13 21:29:26.425,0.1,buy,8040.23,BTC-27DEC19-15000-C,90.18,0.0985,0.1,0,1557782966425,20319494,58
2019-05-13 22:15:26.640,0.1,buy,8101.62,BTC-27DEC19-15000-C,90.04,0.1,0.1,0,1557785726640,20334266,59
2019-05-13 22:22:11.685,6.3,buy,8056.6,BTC-27DEC19-15000-C,90.09,0.099,6.3,2,1557786131685,20335954,60
2019-05-13 23:36:21.483,0.1,buy,7829.85,BTC-27DEC19-15000-C,94.09,0.104,0.1,0,1557790581483,20366277,61
2019-05-14 07:26:22.033,2.0,buy,8113.87,BTC-27DEC19-15000-C,97.24,0.122,2.0,0,1557818782033,20447051,62
2019-05-14 09:28:19.924,1.0,sell,8116.4,BTC-27DEC19-15000-C,94.14,0.113,1.0,2,1557826099924,20488957,63
2019-05-14 16:12:40.329,0.1,buy,7870.81,BTC-27DEC19-15000-C,96.7,0.112,0.1,2,1557850360329,20553970,64
2019-05-16 21:01:51.381,0.1,buy,7728.71,BTC-27DEC19-15000-C,95.65,0.1055,0.1,2,1558040511381,20981950,65
2019-05-17 04:37:25.516,0.5,buy,7315.15,BTC-27DEC19-15000-C,95.57,0.094,0.5,2,1558067845516,21100440,66
2019-05-17 04:40:04.428,0.4,buy,7308.83,BTC-27DEC19-15000-C,95.59,0.094,0.4,3,1558068004428,21101477,67
2019-05-17 05:03:14.589,0.5,buy,7239.21,BTC-27DEC19-15000-C,98.09,0.0995,0.5,0,1558069394589,21108184,68
2019-05-17 05:49:13.894,0.3,buy,7235.14,BTC-27DEC19-15000-C,98.27,0.1,0.3,0,1558072153894,21114635,69
2019-05-17 06:42:06.808,1.0,buy,7161.11,BTC-27DEC19-15000-C,98.35,0.0985,1.0,2,1558075326808,21123459,70
2019-05-17 08:12:16.567,1.0,buy,7261.76,BTC-27DEC19-15000-C,97.89,0.0995,1.0,0,1558080736567,21131633,71
2019-05-17 13:41:50.979,0.1,buy,7157.98,BTC-27DEC19-15000-C,99.87,0.103,0.1,0,1558100510979,21177820,72
2019-05-17 14:01:56.348,0.1,buy,7192.63,BTC-27DEC19-15000-C,99.8,0.1035,0.1,0,1558101716348,21179737,73
2019-05-17 16:08:58.017,1.0,buy,6990.12,BTC-27DEC19-15000-C,98.98,0.096,1.0,2,1558109338017,21193309,74
2019-05-17 16:14:08.705,1.0,buy,7064.34,BTC-27DEC19-15000-C,99.01,0.098,1.0,0,1558109648705,21194136,75
2019-05-17 16:53:50.185,0.1,buy,7082.57,BTC-27DEC19-15000-C,100.19,0.1015,0.1,0,1558112030185,21200239,76
2019-05-17 17:33:27.600,0.1,buy,7055.05,BTC-27DEC19-15000-C,100.73,0.102,0.1,0,1558114407600,21207335,77
2019-05-17 19:18:29.150,1.0,buy,7081.77,BTC-27DEC19-15000-C,96.96,0.0925,1.0,2,1558120709150,21222612,78
2019-05-18 00:50:49.044,0.1,buy,7308.04,BTC-27DEC19-15000-C,100.33,0.106,0.1,0,1558140649044,21255391,79
2019-05-18 01:03:06.972,0.1,buy,7331.03,BTC-27DEC19-15000-C,99.94,0.1055,0.1,2,1558141386972,21256170,80
2019-05-18 17:05:29.470,0.1,buy,7272.32,BTC-27DEC19-15000-C,99.14,0.0995,0.1,2,1558199129470,21308537,81
2019-05-18 18:13:03.551,1.0,sell,7283.72,BTC-27DEC19-15000-C,95.43,0.09,1.0,2,1558203183551,21311772,82
2019-05-18 19:43:32.203,1.0,sell,7265.05,BTC-27DEC19-15000-C,93.55,0.085,1.0,2,1558208612203,21315161,83
2019-05-18 19:44:09.254,1.9,sell,7265.25,BTC-27DEC19-15000-C,90.98,0.0785,1.9,2,1558208649254,21315164,84
2019-05-19 03:15:31.721,0.2,sell,7783.64,BTC-27DEC19-15000-C,93.78,0.0985,0.2,0,1558235731721,21356974,85
2019-05-19 18:52:20.745,0.1,sell,7980.75,BTC-27DEC19-15000-C,93.41,0.105,0.1,0,1558291940745,21443342,86
2019-05-19 21:11:09.587,3.2,buy,8036.89,BTC-27DEC19-15000-C,94.63,0.1095,3.2,0,1558300269587,21456353,87
2019-05-20 00:44:49.592,0.1,sell,7890.95,BTC-27DEC19-15000-C,95.75,0.11,0.1,0,1558313089592,21503811,88
2019-05-20 03:19:19.703,1.0,buy,7977.11,BTC-27DEC19-15000-C,96.45,0.114,1.0,0,1558322359703,21517856,89
2019-05-20 05:41:19.814,0.1,sell,7984.18,BTC-27DEC19-15000-C,93.92,0.107,0.1,2,1558330879814,21531389,90
2019-05-20 07:44:49.670,0.5,sell,7946.33,BTC-27DEC19-15000-C,92.71,0.1025,0.5,2,1558338289670,21542554,91
2019-05-20 14:01:06.274,0.1,buy,7770.17,BTC-27DEC19-15000-C,98.16,0.1125,0.1,0,1558360866274,21590613,92
2019-05-20 14:57:48.980,0.1,buy,7800.21,BTC-27DEC19-15000-C,98.47,0.114,0.1,0,1558364268980,21595202,93
2019-05-20 14:59:43.276,0.1,buy,7823.07,BTC-27DEC19-15000-C,98.23,0.114,0.1,1,1558364383276,21595494,94
2019-05-20 16:53:09.208,0.5,sell,7862.53,BTC-27DEC19-15000-C,93.54,0.102,0.5,2,1558371189208,21603124,95
2019-05-21 11:18:13.396,2.5,sell,7946.13,BTC-27DEC19-15000-C,91.64,0.0985,2.5,2,1558437493396,21684225,96
2019-05-22 21:24:19.838,1.0,sell,7783.67,BTC-27DEC19-15000-C,89.37,0.08800000000000001,1.0,2,1558560259838,21820734,97
2019-05-24 05:36:01.193,0.4,buy,7818.36,BTC-27DEC19-15000-C,89.49,0.08800000000000001,0.4,3,1558676161193,21963974,98
2019-05-24 07:48:20.541,0.1,sell,7872.94,BTC-27DEC19-15000-C,89.35,0.08900000000000001,0.1,0,1558684100541,21968602,99
2019-05-24 08:20:50.493,0.1,buy,7978.99,BTC-27DEC19-15000-C,88.37,0.08900000000000001,0.1,1,1558686050493,21971446,100
2019-05-24 17:31:42.455,4.2,buy,8092.82,BTC-27DEC19-15000-C,88.35,0.092,4.2,0,1558719102455,22008669,101
2019-05-26 15:29:22.878,0.1,buy,8002.65,BTC-27DEC19-15000-C,91.92,0.098,0.1,0,1558884562878,22107313,102
2019-05-27 01:17:43.984,0.1,buy,8895.59,BTC-27DEC19-15000-C,89.83,0.1195,0.1,0,1558919863984,22257664,103
2019-05-27 20:50:12.312,4.0,sell,8745.52,BTC-27DEC19-15000-C,88.86,0.114,4.0,2,1558990212312,22356610,104
2019-05-28 06:44:34.143,0.1,sell,8739.16,BTC-27DEC19-15000-C,88.24,0.11199999999999999,0.1,2,1559025874143,22383620,105
2019-05-28 10:05:07.419,1.0,sell,8686.24,BTC-27DEC19-15000-C,87.99,0.11,1.0,2,1559037907419,22394437,106
2019-05-28 16:23:56.434,0.3,sell,8674.12,BTC-27DEC19-15000-C,88.62,0.111,0.3,0,1559060636434,22425220,107
2019-05-28 17:12:21.233,10.0,buy,8661.63,BTC-27DEC19-15000-C,90.52,0.11599999999999999,10.0,0,1559063541233,22428169,108
2019-05-28 17:12:24.992,10.0,buy,8661.63,BTC-27DEC19-15000-C,90.7,0.1165,10.0,0,1559063544992,22428170,109
2019-05-29 03:53:33.024,4.0,sell,8659.27,BTC-27DEC19-15000-C,91.47,0.11599999999999999,4.0,2,1559102013024,22462764,110
2019-05-29 09:31:46.980,10.0,buy,8574.15,BTC-27DEC19-15000-C,92.04,0.113,10.0,2,1559122306980,22495096,111
2019-05-29 10:30:46.618,1.0,sell,8650.5,BTC-27DEC19-15000-C,92.07,0.115,1.0,0,1559125846618,22499910,112
2019-05-29 13:07:50.294,10.0,sell,8639.44,BTC-27DEC19-15000-C,88.96,0.106,10.0,2,1559135270294,22507897,113
2019-05-29 13:54:37.289,10.0,sell,8744.45,BTC-27DEC19-15000-C,88.35,0.107,10.0,1,1559138077289,22515536,115
2019-05-29 13:54:37.289,10.0,sell,8744.45,BTC-27DEC19-15000-C,88.35,0.107,10.0,0,1559138077289,22515535,114
2019-05-29 13:54:37.403,10.0,buy,8744.45,BTC-27DEC19-15000-C,88.35,0.107,10.0,1,1559138077403,22515537,116
2019-05-29 15:00:41.276,0.3,buy,8707.94,BTC-27DEC19-15000-C,87.92,0.105,0.3,2,1559142041276,22521241,117
2019-05-29 15:03:53.150,0.2,sell,8701.69,BTC-27DEC19-15000-C,87.08,0.1025,0.2,2,1559142233150,22521438,118
2019-05-29 15:04:06.709,0.1,sell,8702.76,BTC-27DEC19-15000-C,87.07,0.1025,0.1,3,1559142246709,22521439,119
2019-05-29 15:04:25.448,0.1,buy,8701.67,BTC-27DEC19-15000-C,87.44,0.1035,0.1,0,1559142265448,22521442,120
2019-05-29 15:04:45.157,0.2,buy,8702.75,BTC-27DEC19-15000-C,87.25,0.10300000000000001,0.2,2,1559142285157,22521465,121
2019-05-29 16:56:56.149,0.1,sell,8741.99,BTC-27DEC19-15000-C,87.29,0.1035,0.1,0,1559149016149,22529037,122
2019-05-30 05:35:42.771,9.7,buy,8744.05,BTC-27DEC19-15000-C,87.17,0.105,9.7,0,1559194542771,22583249,123
2019-05-30 05:35:56.435,10.0,buy,8746.74,BTC-27DEC19-15000-C,87.52,0.106,10.0,0,1559194556435,22583299,124
2019-05-30 06:12:26.145,3.0,buy,8721.83,BTC-27DEC19-15000-C,88.3,0.1075,3.0,0,1559196746145,22584953,125
2019-05-30 07:16:02.393,12.0,buy,8704.11,BTC-27DEC19-15000-C,87.8,0.1055,12.0,2,1559200562393,22587181,126
2019-05-30 07:16:08.631,12.0,buy,8704.11,BTC-27DEC19-15000-C,87.8,0.1055,12.0,3,1559200568631,22587182,127
2019-05-30 07:41:14.411,5.0,buy,8717.69,BTC-27DEC19-15000-C,87.89,0.106,5.0,0,1559202074411,22587934,128
2019-05-30 07:43:47.914,5.0,buy,8717.24,BTC-27DEC19-15000-C,87.9,0.106,5.0,1,1559202227914,22588015,129
2019-05-30 16:16:12.974,10.0,sell,8735.09,BTC-27DEC19-15000-C,88.64,0.107,10.0,0,1559232972974,22634949,130
2019-05-30 23:57:17.841,1.0,sell,8275.61,BTC-27DEC19-15000-C,89.94,0.09699999999999999,1.0,2,1559260637841,22752585,131
2019-05-31 03:04:06.984,1.0,buy,8254.59,BTC-27DEC19-15000-C,91.23,0.0995,1.0,0,1559271846984,22763414,132
2019-05-31 05:49:08.037,23.0,sell,8223.31,BTC-27DEC19-15000-C,86.95,0.0875,23.0,2,1559281748037,22775276,133
2019-05-31 05:54:35.325,21.0,sell,8227.98,BTC-27DEC19-15000-C,86.85,0.0875,21.0,3,1559282075325,22775497,134
2019-05-31 16:51:40.616,9.0,sell,8441.89,BTC-27DEC19-15000-C,85.86,0.0905,9.0,1,1559321500616,22821735,136
2019-05-31 16:51:40.616,1.0,sell,8441.89,BTC-27DEC19-15000-C,85.86,0.0905,1.0,0,1559321500616,22821734,135
2019-05-31 18:22:37.089,2.0,buy,8444.65,BTC-27DEC19-15000-C,87.29,0.0945,2.0,0,1559326957089,22828515,137
2019-06-01 05:06:05.948,17.0,sell,8510.04,BTC-27DEC19-15000-C,84.83,0.0915,17.0,2,1559365565948,22865003,138
2019-06-01 05:06:33.385,7.5,sell,8514.78,BTC-27DEC19-15000-C,84.57,0.091,7.5,2,1559365593385,22865064,139
2019-06-01 05:14:36.436,32.0,sell,8510.41,BTC-27DEC19-15000-C,84.58,0.091,32.0,3,1559366076436,22865347,140
2019-06-01 05:31:24.816,27.0,sell,8522.66,BTC-27DEC19-15000-C,84.66,0.0915,27.0,0,1559367084816,22865681,141
2019-06-02 06:39:40.516,33.0,buy,8578.7,BTC-27DEC19-15000-C,86.27,0.095,33.0,0,1559457580516,22915011,142
2019-06-02 06:40:13.221,8.0,buy,8577.67,BTC-27DEC19-15000-C,86.65,0.096,8.0,0,1559457613221,22915014,143
2019-06-02 06:45:42.078,11.0,buy,8573.81,BTC-27DEC19-15000-C,86.51,0.0955,11.0,2,1559457942078,22915057,144
2019-06-02 07:06:20.454,8.5,buy,8589.45,BTC-27DEC19-15000-C,86.37,0.0955,8.5,3,1559459180454,22915453,145
2019-06-02 07:06:25.372,8.5,buy,8589.11,BTC-27DEC19-15000-C,86.37,0.0955,8.5,3,1559459185372,22915454,146
2019-06-02 07:06:55.434,6.3,buy,8588.82,BTC-27DEC19-15000-C,86.37,0.0955,6.3,3,1559459215434,22915457,147
2019-06-02 07:08:06.283,4.0,buy,8589.7,BTC-27DEC19-15000-C,86.55,0.096,4.0,0,1559459286283,22915463,148
2019-06-02 07:08:40.397,4.0,buy,8590.3,BTC-27DEC19-15000-C,86.55,0.096,4.0,1,1559459320397,22915467,149
2019-06-02 13:50:43.686,3.0,buy,8702.88,BTC-27DEC19-15000-C,86.87,0.0995,3.0,0,1559483443686,22946211,150
2019-06-03 11:10:38.746,17.7,sell,8515.38,BTC-27DEC19-15000-C,84.07,0.0865,17.7,2,1559560238746,23019427,151
2019-06-04 00:14:50.346,0.1,buy,7871.18,BTC-27DEC19-15000-C,90.15,0.086,0.1,2,1559607290346,23133461,152
2019-06-04 06:41:56.766,16.0,buy,7856.57,BTC-27DEC19-15000-C,87.81,0.079,16.0,2,1559630516766,23176957,153
2019-06-04 06:42:27.807,15.4,buy,7869.41,BTC-27DEC19-15000-C,87.49,0.0785,15.4,2,1559630547807,23177043,154
2019-06-04 06:46:13.640,7.2,buy,7853.62,BTC-27DEC19-15000-C,88.27,0.08,7.2,0,1559630773640,23177611,155
2019-06-04 06:46:46.594,10.0,buy,7852.01,BTC-27DEC19-15000-C,88.06,0.0795,10.0,2,1559630806594,23177650,156
2019-06-04 09:16:39.384,5.5,buy,7903.08,BTC-27DEC19-15000-C,87.73,0.0795,5.5,3,1559639799384,23193985,157
2019-06-04 09:17:00.090,5.5,buy,7902.14,BTC-27DEC19-15000-C,87.52,0.079,5.5,2,1559639820090,23194007,158
2019-06-04 09:18:17.306,4.9,buy,7888.68,BTC-27DEC19-15000-C,87.65,0.079,4.9,3,1559639897306,23194198,159
2019-06-04 16:58:00.300,10.0,sell,7894.32,BTC-27DEC19-15000-C,86.31,0.0745,10.0,2,1559667480300,23225661,160
2019-06-04 16:58:15.716,10.0,sell,7903.28,BTC-27DEC19-15000-C,86.42,0.075,10.0,0,1559667495716,23225823,161
2019-06-04 17:07:19.986,5.0,sell,7913.04,BTC-27DEC19-15000-C,86.35,0.075,5.0,1,1559668039986,23226831,162
2019-06-04 19:11:02.042,0.3,sell,7531.81,BTC-27DEC19-15000-C,85.71,0.0645,0.3,2,1559675462042,23274771,163
2019-06-04 22:01:17.461,0.1,buy,7482.31,BTC-27DEC19-15000-C,87.63,0.068,0.1,0,1559685677461,23306386,164
2019-06-05 00:27:30.377,15.0,sell,7759.36,BTC-27DEC19-15000-C,83.93,0.066,15.0,2,1559694450377,23325557,165
2019-06-06 02:48:20.399,20.0,buy,7844.59,BTC-27DEC19-15000-C,82.79,0.065,20.0,3,1559789300399,23437620,167
2019-06-06 02:48:20.399,4.9,buy,7844.59,BTC-27DEC19-15000-C,82.79,0.065,4.9,2,1559789300399,23437619,166
2019-06-06 02:48:48.566,4.9,buy,7844.59,BTC-27DEC19-15000-C,83.22,0.066,4.9,0,1559789328566,23437621,168
2019-06-06 02:48:48.566,15.0,buy,7844.59,BTC-27DEC19-15000-C,83.22,0.066,15.0,1,1559789328566,23437622,169
2019-06-06 03:23:05.381,25.5,sell,7838.05,BTC-27DEC19-15000-C,80.91,0.0605,25.5,2,1559791385381,23438653,171
2019-06-06 03:23:05.381,4.9,sell,7838.05,BTC-27DEC19-15000-C,81.35,0.0615,4.9,2,1559791385381,23438652,170
2019-06-06 03:23:19.781,4.9,sell,7840.29,BTC-27DEC19-15000-C,80.88,0.0605,4.9,3,1559791399781,23438696,172
2019-06-06 03:23:19.781,20.6,sell,7840.29,BTC-27DEC19-15000-C,80.88,0.0605,20.6,3,1559791399781,23438697,173
2019-06-06 03:58:38.284,4.9,sell,7866.77,BTC-27DEC19-15000-C,81.31,0.062,4.9,0,1559793518284,23439780,174
2019-06-06 03:58:38.284,12.2,sell,7866.77,BTC-27DEC19-15000-C,80.43,0.06,12.2,2,1559793518284,23439781,175
2019-06-06 03:59:16.310,2.8000000000000003,sell,7865.11,BTC-27DEC19-15000-C,80.88,0.061,2.8000000000000003,0,1559793556310,23439784,176
2019-06-06 04:18:56.772,1.0,buy,7832.55,BTC-27DEC19-15000-C,82.96,0.065,1.0,0,1559794736772,23440361,177
2019-06-06 18:37:29.625,0.1,buy,7527.47,BTC-27DEC19-15000-C,82.97,0.057,0.1,2,1559846249625,23513308,178
2019-06-06 18:42:42.904,4.9,sell,7541.1,BTC-27DEC19-15000-C,80.94,0.053,4.9,2,1559846562904,23514298,179
2019-06-06 20:47:51.313,4.9,sell,7711.12,BTC-27DEC19-15000-C,80.24,0.055,4.9,0,1559854071313,23529479,180
2019-06-07 00:49:15.717,10.1,sell,7794.52,BTC-27DEC19-15000-C,78.08,0.052000000000000005,10.1,2,1559868555717,23545427,182
2019-06-07 00:49:15.717,4.9,sell,7794.52,BTC-27DEC19-15000-C,78.79,0.0535,4.9,2,1559868555717,23545426,181
2019-06-07 00:50:34.910,15.5,sell,7783.63,BTC-27DEC19-15000-C,78.41,0.0525,15.5,2,1559868634910,23545559,184
2019-06-07 00:50:34.910,3.5,sell,7783.63,BTC-27DEC19-15000-C,78.87,0.0535,3.5,0,1559868634910,23545558,183
2019-06-07 01:29:19.832,15.0,sell,7799.94,BTC-27DEC19-15000-C,78.24,0.0525,15.0,2,1559870959832,23547247,186
2019-06-07 01:29:19.832,4.9,sell,7799.94,BTC-27DEC19-15000-C,78.48,0.053,4.9,0,1559870959832,23547246,185
2019-06-07 02:08:22.477,20.6,buy,7791.91,BTC-27DEC19-15000-C,79.95,0.056,20.6,0,1559873302477,23548477,187
2019-06-07 02:24:22.683,15.0,sell,7804.29,BTC-27DEC19-15000-C,78.89,0.054000000000000006,15.0,2,1559874262683,23549004,188
2019-06-07 13:55:38.627,10.0,sell,7984.06,BTC-27DEC19-15000-C,78.14,0.056,10.0,0,1559915738627,23589507,189
2019-06-07 21:50:21.157,4.9,sell,7965.62,BTC-27DEC19-15000-C,77.19,0.0535,4.9,2,1559944221157,23625586,190
2019-06-07 21:50:21.157,10.3,sell,7965.62,BTC-27DEC19-15000-C,76.72,0.0525,10.3,2,1559944221157,23625587,191
2019-06-07 22:04:34.719,4.9,buy,7951.17,BTC-27DEC19-15000-C,78.45,0.056,4.9,0,1559945074719,23625977,192
2019-06-07 22:04:34.719,17.5,buy,7951.17,BTC-27DEC19-15000-C,78.45,0.056,17.5,1,1559945074719,23625978,193
2019-06-07 22:05:02.186,6.5,buy,7952.06,BTC-27DEC19-15000-C,78.44,0.056,6.5,1,1559945102186,23625994,194
2019-06-07 22:09:05.329,4.9,buy,7964.62,BTC-27DEC19-15000-C,78.32,0.056,4.9,1,1559945345329,23626405,195
2019-06-07 22:09:05.329,21.3,buy,7964.62,BTC-27DEC19-15000-C,78.32,0.056,21.3,1,1559945345329,23626406,196
2019-06-08 08:44:38.226,10.0,buy,7971.41,BTC-27DEC19-15000-C,79.17,0.057,10.0,0,1559983478226,23650184,197
2019-06-08 08:56:44.904,4.2,buy,7980.06,BTC-27DEC19-15000-C,79.55,0.058,4.2,0,1559984204904,23650959,199
2019-06-08 08:56:44.904,4.0,buy,7980.06,BTC-27DEC19-15000-C,78.87,0.0565,4.0,2,1559984204904,23650958,198
2019-06-08 08:56:44.904,1.8,buy,7980.06,BTC-27DEC19-15000-C,79.55,0.058,1.8,1,1559984204904,23650960,200
2019-06-08 09:07:55.176,1.0,buy,7972.38,BTC-27DEC19-15000-C,80.33,0.0595,1.0,0,1559984875176,23651241,202
2019-06-08 09:07:55.176,4.0,buy,7972.38,BTC-27DEC19-15000-C,79.2,0.057,4.0,2,1559984875176,23651240,201
2019-06-08 11:43:20.026,1.0,sell,7988.7,BTC-27DEC19-15000-C,77.14,0.053,1.0,2,1559994200026,23654525,203
2019-06-09 16:10:28.031,0.5,sell,7678.23,BTC-27DEC19-15000-C,79.12,0.05,0.5,2,1560096628031,23725921,204
2019-06-10 00:49:13.640,1.0,buy,7635.41,BTC-27DEC19-15000-C,78.43,0.048,1.0,2,1560127753640,23786010,205
2019-06-10 18:44:40.396,7.5,sell,7953.05,BTC-27DEC19-15000-C,77.25,0.052000000000000005,7.5,0,1560192280396,23871758,206
2019-06-11 16:54:50.137,0.1,buy,7868.5,BTC-27DEC19-15000-C,79.09,0.0525,0.1,0,1560272090137,23945317,207
2019-06-13 02:44:48.376,20.0,buy,8115.59,BTC-27DEC19-15000-C,78.98,0.0575,20.0,0,1560393888376,24049563,208
2019-06-13 02:51:48.881,9.9,buy,8113.54,BTC-27DEC19-15000-C,79.03,0.0575,9.9,1,1560394308881,24049723,209
2019-06-13 19:01:16.774,2.0,buy,8286.67,BTC-27DEC19-15000-C,80.93,0.0655,2.0,0,1560452476774,24090416,210
2019-06-14 12:56:27.773,0.1,buy,8361.97,BTC-27DEC19-15000-C,78.14,0.0605,0.1,2,1560516987773,24134325,211
2019-06-14 15:38:44.448,12.5,buy,8449.91,BTC-27DEC19-15000-C,79.13,0.0645,12.5,0,1560526724448,24147968,212
2019-06-14 15:57:23.733,13.2,buy,8428.94,BTC-27DEC19-15000-C,78.85,0.0635,13.2,2,1560527843733,24148605,213
2019-06-14 17:26:28.097,16.0,buy,8393.62,BTC-27DEC19-15000-C,79.07,0.063,16.0,2,1560533188097,24153402,214
2019-06-14 17:29:36.211,5.5,buy,8393.03,BTC-27DEC19-15000-C,79.07,0.063,5.5,3,1560533376211,24153432,215
2019-06-15 07:07:13.229,0.1,buy,8673.95,BTC-27DEC19-15000-C,80.79,0.0735,0.1,0,1560582433229,24203759,216
2019-06-15 07:13:54.345,0.1,buy,8694.72,BTC-27DEC19-15000-C,80.84,0.07400000000000001,0.1,0,1560582834345,24204011,217
2019-06-15 14:21:07.366,16.3,buy,8668.75,BTC-27DEC19-15000-C,79.79,0.071,16.3,3,1560608467366,24213779,219
2019-06-15 14:21:07.366,5.0,buy,8668.75,BTC-27DEC19-15000-C,79.79,0.071,5.0,2,1560608467366,24213778,218
2019-06-15 15:09:31.625,11.1,buy,8702.71,BTC-27DEC19-15000-C,80.23,0.073,11.1,0,1560611371625,24216388,220
2019-06-15 15:35:55.495,9.9,buy,8809.77,BTC-27DEC19-15000-C,80.02,0.075,9.9,0,1560612955495,24219565,221
2019-06-15 15:45:14.589,5.5,buy,8813.69,BTC-27DEC19-15000-C,80.25,0.0755,5.5,0,1560613514589,24221726,222
2019-06-16 13:26:44.071,11.5,sell,9107.91,BTC-27DEC19-15000-C,82.89,0.092,11.5,0,1560691604071,24364130,223
2019-06-16 13:27:25.711,3.5,sell,9109.94,BTC-27DEC19-15000-C,82.88,0.092,3.5,1,1560691645711,24364157,224
2019-06-16 13:35:09.718,10.0,sell,9129.49,BTC-27DEC19-15000-C,82.54,0.0915,10.0,2,1560692109718,24364540,225
2019-06-16 13:36:00.647,5.5,sell,9129.18,BTC-27DEC19-15000-C,82.54,0.0915,5.5,3,1560692160647,24364574,226
2019-06-16 19:00:03.092,1.0,buy,9056.75,BTC-27DEC19-15000-C,84.25,0.0935,1.0,0,1560711603092,24402023,227
2019-06-16 21:37:32.691,10.0,sell,9001.67,BTC-27DEC19-15000-C,81.94,0.08800000000000001,10.0,2,1560721052691,24429812,228
2019-06-16 21:37:40.479,10.0,sell,9001.69,BTC-27DEC19-15000-C,81.94,0.08800000000000001,10.0,3,1560721060479,24429813,229
2019-06-17 00:30:33.598,0.1,buy,9152.13,BTC-27DEC19-15000-C,83.43,0.094,0.1,0,1560731433598,24442154,230
2019-06-17 14:35:32.092,12.0,buy,9342.64,BTC-27DEC19-15000-C,84.32,0.0995,12.0,0,1560782132092,24505523,231
2019-06-17 14:36:05.071,5.0,buy,9339.69,BTC-27DEC19-15000-C,84.33,0.0995,5.0,1,1560782165071,24505570,232
2019-06-17 14:48:59.862,7.2,buy,9345.61,BTC-27DEC19-15000-C,84.26,0.0995,7.2,1,1560782939862,24506507,233
2019-06-17 15:16:44.257,10.0,buy,9274.24,BTC-27DEC19-15000-C,84.58,0.098,10.0,2,1560784604257,24515380,234
2019-06-17 17:32:12.559,5.9,buy,9249.45,BTC-27DEC19-15000-C,84.41,0.097,5.9,2,1560792732559,24539109,235
2019-06-17 19:54:49.571,4.0,sell,9293.63,BTC-27DEC19-15000-C,82.09,0.092,4.0,2,1560801289571,24551290,236
2019-06-17 21:33:35.416,5.0,buy,9273.82,BTC-27DEC19-15000-C,84.1,0.097,5.0,0,1560807215416,24568375,237
2019-06-17 21:33:35.416,9.6,buy,9273.82,BTC-27DEC19-15000-C,84.1,0.097,9.6,1,1560807215416,24568376,238
2019-06-17 21:34:31.527,6.0,buy,9271.47,BTC-27DEC19-15000-C,83.91,0.0965,6.0,2,1560807271527,24568407,239
2019-06-17 21:40:22.715,7.0,buy,9251.06,BTC-27DEC19-15000-C,84.31,0.09699999999999999,7.0,0,1560807622715,24568635,240
2019-06-18 14:00:29.856,15.1,buy,9176.36,BTC-27DEC19-15000-C,84.94,0.09699999999999999,15.1,1,1560866429856,24650832,241
2019-06-18 17:16:11.518,2.0,sell,9008.72,BTC-27DEC19-15000-C,81.94,0.0855,2.0,2,1560878171518,24673317,242
2019-06-18 17:43:50.677,3.0,buy,9023.94,BTC-27DEC19-15000-C,83.34,0.0895,3.0,0,1560879830677,24679363,243
2019-06-19 02:24:23.121,15.0,buy,9122.4,BTC-27DEC19-15000-C,84.91,0.0955,15.0,0,1560911063121,24714782,244
2019-06-19 02:24:40.793,9.9,buy,9122.39,BTC-27DEC19-15000-C,84.91,0.0955,9.9,1,1560911080793,24714783,245
2019-06-19 02:25:26.949,3.5,buy,9123.38,BTC-27DEC19-15000-C,84.91,0.0955,3.5,1,1560911126949,24714787,246
2019-06-20 03:39:42.329,1.0,sell,9337.24,BTC-27DEC19-15000-C,82.68,0.096,1.0,0,1561001982329,24784888,247
2019-06-20 03:39:48.934,1.0,sell,9337.01,BTC-27DEC19-15000-C,82.68,0.096,1.0,1,1561001988934,24784895,248
2019-06-20 17:13:36.899,0.1,buy,9330.33,BTC-27DEC19-15000-C,84.34,0.0995,0.1,0,1561050816899,24836093,249
