date_utc,amount,direction,indexPrice,instrument,iv,price,quantity,tickDirection,timeStamp,tradeId,tradeSeq
2019-03-08 12:46:03.910,5.0,sell,3879.64,BTC-22MAR19-3875-P,42.7,0.0325,5.0,1,1552049163910,16383681,1
2019-03-08 12:50:06.426,0.2,sell,3879.18,BTC-22MAR19-3875-P,42.62,0.0325,0.2,1,1552049406426,16383811,2
2019-03-08 15:33:39.618,1.0,sell,3889.11,BTC-22MAR19-3875-P,43.83,0.032,1.0,2,1552059219618,16388280,3
2019-03-10 04:18:24.020,1.0,sell,3897.65,BTC-22MAR19-3875-P,43.85,0.029,1.0,2,1552191504020,16452599,4
2019-03-10 22:38:56.764,1.0,sell,3901.57,BTC-22MAR19-3875-P,47.42,0.03,1.0,0,1552257536764,16467645,5
2019-03-12 08:06:55.102,1.0,sell,3848.93,BTC-22MAR19-3875-P,43.77,0.0325,1.0,0,1552378015102,16511788,6
2019-03-12 13:00:25.875,1.0,sell,3872.7,BTC-22MAR19-3875-P,46.22,0.0305,1.0,2,1552395625875,16519529,7
2019-03-12 13:09:12.992,2.0,sell,3874.62,BTC-22MAR19-3875-P,43.56,0.0285,2.0,3,1552396152992,16519977,9
2019-03-12 13:09:12.992,1.0,sell,3874.62,BTC-22MAR19-3875-P,43.56,0.0285,1.0,2,1552396152992,16519976,8
2019-03-12 13:10:39.495,1.0,sell,3873.46,BTC-22MAR19-3875-P,43.33,0.0285,1.0,3,1552396239495,16520025,10
2019-03-12 13:11:49.763,0.1,sell,3871.16,BTC-22MAR19-3875-P,43.62,0.029,0.1,0,1552396309763,16520058,11
2019-03-12 13:14:08.345,0.9,sell,3870.2,BTC-22MAR19-3875-P,43.43,0.029,0.9,1,1552396448345,16520114,12
2019-03-12 17:02:37.074,1.0,sell,3858.61,BTC-22MAR19-3875-P,43.64,0.0305,1.0,0,1552410157074,16523965,13
2019-03-12 17:04:29.709,4.0,sell,3859.37,BTC-22MAR19-3875-P,42.27,0.0295,4.0,2,1552410269709,16523989,14
2019-03-12 19:30:41.152,6.0,buy,3850.83,BTC-22MAR19-3875-P,47.6,0.034,6.0,0,1552419041152,16524806,15
2019-03-12 23:23:51.370,6.0,sell,3859.58,BTC-22MAR19-3875-P,47.6,0.0325,6.0,2,1552433031370,16526331,16
2019-03-12 23:24:05.192,6.0,sell,3859.85,BTC-22MAR19-3875-P,47.66,0.0325,6.0,3,1552433045192,16526334,17
2019-03-12 23:24:20.943,1.5,sell,3859.85,BTC-22MAR19-3875-P,47.66,0.0325,1.5,3,1552433060943,16526342,18
2019-03-13 08:38:04.505,5.0,buy,3858.25,BTC-22MAR19-3875-P,49.11,0.033,5.0,0,1552466284505,16531198,19
2019-03-13 09:59:40.470,5.0,buy,3844.74,BTC-22MAR19-3875-P,47.78,0.034,5.0,0,1552471180470,16532022,20
2019-03-13 11:41:23.891,6.8,buy,3843.8,BTC-22MAR19-3875-P,48.55,0.0345,6.8,0,1552477283891,16535433,21
2019-03-13 12:40:40.432,1.0,sell,3843.97,BTC-22MAR19-3875-P,47.9,0.034,1.0,2,1552480840432,16536065,22
2019-03-13 12:43:38.065,2.5,sell,3848.28,BTC-22MAR19-3875-P,48.11,0.0335,2.5,2,1552481018065,16536212,23
2019-03-13 14:28:16.667,5.0,sell,3862.45,BTC-22MAR19-3875-P,54.7,0.028999999999999998,5.0,2,1552487296667,16537734,24
2019-03-14 10:56:21.678,7.2,sell,3849.0,BTC-22MAR19-3875-P,47.19,0.0305,7.2,0,1552560981678,16552357,25
2019-03-14 14:18:49.791,0.2,buy,3880.28,BTC-22MAR19-3875-P,50.53,0.027999999999999997,0.2,2,1552573129791,16560272,26
2019-03-14 14:22:46.791,2.8000000000000003,buy,3829.16,BTC-22MAR19-3875-P,43.81,0.032,2.8000000000000003,0,1552573366791,16561742,27
2019-03-14 14:25:24.563,1.2,sell,3828.58,BTC-22MAR19-3875-P,41.76,0.032,1.2,1,1552573524563,16565337,28
2019-03-14 14:33:25.313,2.0,sell,3832.79,BTC-22MAR19-3875-P,42.29,0.031,2.0,2,1552574005313,16567983,29
2019-03-14 16:08:14.068,5.1000000000000005,sell,3852.21,BTC-22MAR19-3875-P,46.65,0.0315,5.1000000000000005,0,1552579694068,16571981,30
2019-03-14 16:43:38.799,0.1,buy,3851.53,BTC-22MAR19-3875-P,48.32,0.0325,0.1,0,1552581818799,16572167,31
2019-03-14 17:08:27.477,1.0,buy,3849.89,BTC-22MAR19-3875-P,47.94,0.0325,1.0,1,1552583307477,16572397,32
2019-03-14 18:29:04.614,3.0,sell,3854.11,BTC-22MAR19-3875-P,47.24,0.03,3.0,2,1552588144614,16572739,33
2019-03-14 20:37:43.692,1.0,buy,3852.73,BTC-22MAR19-3875-P,51.35,0.0325,1.0,0,1552595863692,16573264,34
2019-03-14 23:29:26.643,6.0,sell,3853.46,BTC-22MAR19-3875-P,46.82,0.0295,6.0,2,1552606166643,16574643,35
2019-03-15 00:45:52.068,0.4,sell,3859.06,BTC-22MAR19-3875-P,45.9,0.0285,0.4,2,1552610752068,16575050,36
2019-03-15 01:11:09.532,6.0,sell,3868.31,BTC-22MAR19-3875-P,48.52,0.0275,6.0,2,1552612269532,16576030,37
2019-03-15 01:28:37.683,0.5,buy,3865.12,BTC-22MAR19-3875-P,50.78,0.03,0.5,0,1552613317683,16576381,38
2019-03-15 07:59:35.490,1.0,sell,3854.82,BTC-22MAR19-3875-P,43.86,0.027000000000000003,1.0,2,1552636775490,16580920,39
2019-03-15 08:00:40.793,1.0,sell,3854.45,BTC-22MAR19-3875-P,43.77,0.027000000000000003,1.0,3,1552636840793,16580932,40
2019-03-15 08:00:58.499,0.2,buy,3854.69,BTC-22MAR19-3875-P,44.74,0.0275,0.2,0,1552636858499,16580935,41
2019-03-15 08:28:12.202,1.0,sell,3854.04,BTC-22MAR19-3875-P,42.81,0.0265,1.0,2,1552638492202,16581245,42
2019-03-15 08:38:19.384,0.6,sell,3855.69,BTC-22MAR19-3875-P,42.35,0.026000000000000002,0.6,2,1552639099384,16581420,43
2019-03-15 09:23:28.938,8.0,sell,3854.44,BTC-22MAR19-3875-P,43.04,0.0265,8.0,0,1552641808938,16581990,44
2019-03-15 10:54:46.880,0.2,sell,3869.47,BTC-22MAR19-3875-P,41.57,0.0235,0.2,2,1552647286880,16584197,45
2019-03-15 10:54:46.880,0.3,sell,3869.47,BTC-22MAR19-3875-P,41.57,0.0235,0.3,3,1552647286880,16584198,46
2019-03-15 11:40:02.118,0.8,sell,3887.86,BTC-22MAR19-3875-P,42.38,0.0215,0.8,2,1552650002118,16585940,47
2019-03-15 11:46:40.080,7.9,sell,3883.03,BTC-22MAR19-3875-P,45.86,0.024,7.9,0,1552650400080,16586654,48
2019-03-15 11:55:21.281,0.3,sell,3885.9,BTC-22MAR19-3875-P,43.8,0.0225,0.3,3,1552650921281,16587142,50
2019-03-15 11:55:21.281,4.7,sell,3885.9,BTC-22MAR19-3875-P,43.8,0.0225,4.7,2,1552650921281,16587141,49
2019-03-15 11:55:46.221,6.0,sell,3885.77,BTC-22MAR19-3875-P,42.85,0.022000000000000002,6.0,2,1552650946221,16587167,51
2019-03-15 11:56:31.071,1.7,sell,3885.14,BTC-22MAR19-3875-P,41.79,0.0215,1.7,3,1552650991071,16587198,53
2019-03-15 11:56:31.071,8.0,sell,3885.14,BTC-22MAR19-3875-P,41.79,0.0215,8.0,2,1552650991071,16587197,52
2019-03-15 11:56:31.071,0.3,sell,3885.14,BTC-22MAR19-3875-P,41.79,0.0215,0.3,3,1552650991071,16587199,54
2019-03-15 11:56:47.245,0.2,sell,3884.64,BTC-22MAR19-3875-P,42.59,0.022000000000000002,0.2,0,1552651007245,16587225,55
2019-03-15 11:56:47.245,6.8,sell,3884.64,BTC-22MAR19-3875-P,41.67,0.0215,6.8,2,1552651007245,16587226,56
2019-03-15 11:56:55.331,4.6000000000000005,sell,3884.24,BTC-22MAR19-3875-P,41.58,0.0215,4.6000000000000005,3,1552651015331,16587233,57
2019-03-15 12:04:58.890,4.0,buy,3890.63,BTC-22MAR19-3875-P,42.15,0.021,4.0,2,1552651498890,16588231,58
2019-03-15 12:18:22.121,0.2,buy,3886.46,BTC-22MAR19-3875-P,45.82,0.0235,0.2,0,1552652302121,16588811,59
2019-03-15 12:18:22.123,0.8,sell,3886.46,BTC-22MAR19-3875-P,45.82,0.0235,0.8,1,1552652302123,16588812,60
2019-03-15 12:49:00.199,0.2,sell,3879.35,BTC-22MAR19-3875-P,42.37,0.0225,0.2,2,1552654140199,16590653,61
2019-03-15 12:49:00.199,2.6,sell,3879.35,BTC-22MAR19-3875-P,42.37,0.0225,2.6,3,1552654140199,16590654,62
2019-03-15 12:50:34.390,0.2,sell,3879.39,BTC-22MAR19-3875-P,42.39,0.0225,0.2,3,1552654234390,16590715,63
2019-03-15 15:42:29.238,0.2,sell,3898.68,BTC-22MAR19-3875-P,42.59,0.02,0.2,2,1552664549238,16595487,65
2019-03-15 15:42:29.238,1.5,sell,3898.68,BTC-22MAR19-3875-P,42.59,0.02,1.5,3,1552664549238,16595488,66
2019-03-15 15:42:29.238,0.3,sell,3898.68,BTC-22MAR19-3875-P,43.52,0.0205,0.3,2,1552664549238,16595486,64
2019-03-15 16:00:44.107,0.2,sell,3902.1,BTC-22MAR19-3875-P,43.39,0.02,0.2,3,1552665644107,16596740,67
2019-03-15 16:00:45.898,0.2,buy,3902.76,BTC-22MAR19-3875-P,43.54,0.02,0.2,3,1552665645898,16596746,68
2019-03-15 16:00:46.006,0.2,buy,3902.76,BTC-22MAR19-3875-P,43.54,0.02,0.2,3,1552665646006,16596748,69
2019-03-15 16:02:13.495,6.9,sell,3903.39,BTC-22MAR19-3875-P,41.8,0.019,6.9,2,1552665733495,16596886,70
2019-03-15 16:02:13.495,0.1,sell,3903.39,BTC-22MAR19-3875-P,41.8,0.019,0.1,3,1552665733495,16596887,71
2019-03-15 16:48:28.203,1.0,buy,3895.55,BTC-22MAR19-3875-P,42.03,0.02,1.0,0,1552668508203,16597992,72
2019-03-15 17:02:20.682,6.0,buy,3896.01,BTC-22MAR19-3875-P,42.16,0.02,6.0,1,1552669340682,16598129,73
2019-03-15 17:02:52.441,4.0,buy,3895.96,BTC-22MAR19-3875-P,42.15,0.02,4.0,1,1552669372441,16598130,74
2019-03-15 17:11:51.917,5.0,buy,3895.75,BTC-22MAR19-3875-P,44.0,0.021,5.0,0,1552669911917,16598366,75
2019-03-15 17:40:25.709,1.0,buy,3900.17,BTC-22MAR19-3875-P,44.13,0.0205,1.0,2,1552671625709,16598719,76
2019-03-15 20:18:45.741,5.0,buy,3902.23,BTC-22MAR19-3875-P,43.06,0.0195,5.0,2,1552681125741,16600571,77
2019-03-15 20:20:17.553,4.8,buy,3902.13,BTC-22MAR19-3875-P,44.94,0.0205,4.8,1,1552681217553,16600592,79
2019-03-15 20:20:17.553,0.2,buy,3902.13,BTC-22MAR19-3875-P,44.94,0.0205,0.2,0,1552681217553,16600591,78
2019-03-15 20:58:40.572,5.1000000000000005,sell,3898.15,BTC-22MAR19-3875-P,42.23,0.0195,5.1000000000000005,2,1552683520572,16600827,80
2019-03-15 20:59:30.784,0.2,sell,3898.05,BTC-22MAR19-3875-P,42.21,0.0195,0.2,3,1552683570784,16600896,81
2019-03-15 20:59:30.784,1.2,sell,3898.05,BTC-22MAR19-3875-P,42.21,0.0195,1.2,3,1552683570784,16600897,82
2019-03-16 00:36:04.933,3.0,sell,3901.76,BTC-22MAR19-3875-P,42.6,0.019,3.0,2,1552696564933,16602859,83
2019-03-16 00:54:15.343,2.8000000000000003,sell,3915.47,BTC-22MAR19-3875-P,41.79,0.017,2.8000000000000003,2,1552697655343,16603705,84
2019-03-16 01:05:35.139,0.1,sell,3912.39,BTC-22MAR19-3875-P,42.12,0.0175,0.1,0,1552698335139,16604521,85
2019-03-16 01:06:37.286,0.2,sell,3910.66,BTC-22MAR19-3875-P,42.72,0.018000000000000002,0.2,0,1552698397286,16604569,86
2019-03-16 01:25:25.321,0.2,buy,3922.47,BTC-22MAR19-3875-P,47.28,0.019,0.2,0,1552699525321,16605456,87
2019-03-16 01:25:25.321,0.6,buy,3922.47,BTC-22MAR19-3875-P,47.28,0.019,0.6,1,1552699525321,16605457,88
2019-03-16 02:00:25.406,1.0,sell,3934.99,BTC-22MAR19-3875-P,42.05,0.015,1.0,2,1552701625406,16607952,89
2019-03-16 02:02:12.578,0.3,sell,3932.83,BTC-22MAR19-3875-P,40.61,0.0145,0.3,2,1552701732578,16608006,90
2019-03-16 02:07:57.642,3.0,sell,3933.51,BTC-22MAR19-3875-P,39.76,0.013999999999999999,3.0,2,1552702077642,16608157,91
2019-03-16 03:47:44.564,0.1,sell,3952.58,BTC-22MAR19-3875-P,45.79,0.015,0.1,0,1552708064564,16612603,92
2019-03-16 03:54:32.766,0.2,sell,3961.95,BTC-22MAR19-3875-P,47.61,0.015,0.2,1,1552708472766,16613726,93
2019-03-16 03:54:34.716,0.2,buy,3961.95,BTC-22MAR19-3875-P,47.61,0.015,0.2,1,1552708474716,16613730,94
2019-03-16 03:54:34.745,0.2,buy,3961.95,BTC-22MAR19-3875-P,47.61,0.015,0.2,1,1552708474745,16613732,95
2019-03-16 03:54:50.077,0.2,buy,3962.01,BTC-22MAR19-3875-P,47.62,0.015,0.2,1,1552708490077,16613748,96
2019-03-16 03:58:12.678,0.2,buy,3957.9,BTC-22MAR19-3875-P,46.84,0.015,0.2,1,1552708692678,16614001,97
2019-03-16 04:10:14.565,1.0,sell,3956.78,BTC-22MAR19-3875-P,51.8,0.0175,1.0,0,1552709414565,16615404,98
2019-03-16 04:11:29.922,1.0,sell,3965.49,BTC-22MAR19-3875-P,52.49,0.017,1.0,2,1552709489922,16615552,99
2019-03-16 04:17:29.094,1.0,sell,3994.23,BTC-22MAR19-3875-P,53.66,0.015,1.0,2,1552709849094,16617719,100
2019-03-16 04:38:44.324,4.0,sell,3997.72,BTC-22MAR19-3875-P,51.08,0.0135,4.0,2,1552711124324,16624657,101
2019-03-16 05:23:26.307,6.5,buy,4020.6,BTC-22MAR19-3875-P,52.91,0.0125,6.5,2,1552713806307,16629984,102
2019-03-16 05:48:51.458,8.0,sell,4002.24,BTC-22MAR19-3875-P,53.19,0.013999999999999999,8.0,0,1552715331458,16631751,103
2019-03-16 06:05:23.362,6.0,buy,3997.19,BTC-22MAR19-3875-P,53.43,0.0145,6.0,0,1552716323362,16632804,104
2019-03-16 06:17:58.667,0.1,buy,3996.64,BTC-22MAR19-3875-P,56.63,0.016,0.1,0,1552717078667,16633300,105
2019-03-16 06:33:09.170,0.2,sell,4006.76,BTC-22MAR19-3875-P,56.33,0.015,0.2,2,1552717989170,16633875,106
2019-03-16 06:37:33.527,0.1,sell,4008.51,BTC-22MAR19-3875-P,56.66,0.015,0.1,3,1552718253527,16634050,107
2019-03-16 07:41:26.642,0.2,buy,4005.35,BTC-22MAR19-3875-P,55.19,0.0145,0.2,2,1552722086642,16635332,108
2019-03-16 11:11:15.998,2.8000000000000003,sell,4004.59,BTC-22MAR19-3875-P,48.91,0.0115,2.8000000000000003,2,1552734675998,16638595,109
2019-03-16 11:11:27.787,2.5,sell,4004.03,BTC-22MAR19-3875-P,48.82,0.0115,2.5,3,1552734687787,16638602,111
2019-03-16 11:11:27.787,0.3,sell,4004.03,BTC-22MAR19-3875-P,48.82,0.0115,0.3,3,1552734687787,16638601,110
2019-03-16 11:11:27.788,0.6,sell,4004.03,BTC-22MAR19-3875-P,48.82,0.0115,0.6,3,1552734687788,16638603,112
2019-03-16 11:11:27.792,1.7,sell,4004.03,BTC-22MAR19-3875-P,48.82,0.0115,1.7,3,1552734687792,16638605,113
2019-03-16 11:11:27.798,0.3,sell,4004.03,BTC-22MAR19-3875-P,48.82,0.0115,0.3,3,1552734687798,16638606,114
2019-03-16 11:11:27.936,1.2,sell,4004.03,BTC-22MAR19-3875-P,46.49,0.0105,1.2,2,1552734687936,16638607,115
2019-03-16 11:11:27.948,1.3,sell,4004.03,BTC-22MAR19-3875-P,45.31,0.01,1.3,2,1552734687948,16638611,117
2019-03-16 11:11:27.948,0.2,sell,4004.03,BTC-22MAR19-3875-P,46.49,0.0105,0.2,3,1552734687948,16638610,116
2019-03-16 11:11:27.952,0.7000000000000001,sell,4004.03,BTC-22MAR19-3875-P,45.31,0.01,0.7000000000000001,3,1552734687952,16638612,118
2019-03-16 11:11:29.756,1.4,buy,4004.03,BTC-22MAR19-3875-P,45.31,0.01,1.4,3,1552734689756,16638620,122
2019-03-16 11:11:29.756,1.0,buy,4004.03,BTC-22MAR19-3875-P,45.31,0.01,1.0,3,1552734689756,16638618,120
2019-03-16 11:11:29.756,0.9,buy,4004.03,BTC-22MAR19-3875-P,45.31,0.01,0.9,3,1552734689756,16638619,121
2019-03-16 11:11:29.756,0.4,buy,4004.03,BTC-22MAR19-3875-P,45.31,0.01,0.4,3,1552734689756,16638617,119
2019-03-16 11:11:29.756,2.5,buy,4004.03,BTC-22MAR19-3875-P,45.31,0.01,2.5,3,1552734689756,16638621,123
2019-03-16 11:11:29.756,1.5,buy,4004.03,BTC-22MAR19-3875-P,45.31,0.01,1.5,3,1552734689756,16638622,124
2019-03-17 02:03:04.546,0.5,sell,3967.88,BTC-22MAR19-3875-P,42.46,0.0105,0.5,0,1552788184546,16653234,125
2019-03-17 08:22:44.702,0.3,sell,3958.64,BTC-22MAR19-3875-P,40.54,0.01,0.3,2,1552810964702,16659343,126
2019-03-17 12:35:59.813,1.5,buy,3963.1,BTC-22MAR19-3875-P,43.4,0.0105,1.5,0,1552826159813,16662321,127
2019-03-17 12:38:14.500,1.0,buy,3960.04,BTC-22MAR19-3875-P,44.0,0.011,1.0,0,1552826294500,16662372,128
2019-03-17 12:41:02.271,1.0,buy,3957.74,BTC-22MAR19-3875-P,47.13,0.0125,1.0,0,1552826462271,16662427,129
2019-03-17 15:14:40.202,1.0,buy,3967.65,BTC-22MAR19-3875-P,48.53,0.012,1.0,2,1552835680202,16664878,130
2019-03-17 16:14:37.364,10.0,sell,3975.92,BTC-22MAR19-3875-P,47.96,0.011,10.0,2,1552839277364,16665268,131
2019-03-17 18:00:52.907,0.2,sell,3965.53,BTC-22MAR19-3875-P,42.42,0.0095,0.2,2,1552845652907,16666124,132
2019-03-17 18:00:52.907,0.3,sell,3965.53,BTC-22MAR19-3875-P,42.42,0.0095,0.3,3,1552845652907,16666125,133
2019-03-17 21:49:04.496,1.0,sell,3977.5,BTC-22MAR19-3875-P,42.94,0.0085,1.0,2,1552859344496,16667255,134
2019-03-18 01:12:50.179,1.0,sell,4001.88,BTC-22MAR19-3875-P,46.98,0.008,1.0,2,1552871570179,16671478,135
2019-03-18 01:49:49.612,1.0,sell,4003.02,BTC-22MAR19-3875-P,44.41,0.006999999999999999,1.0,2,1552873789612,16673658,136
2019-03-18 01:49:49.612,399.0,sell,4003.02,BTC-22MAR19-3875-P,44.41,0.006999999999999999,399.0,3,1552873789612,16673659,137
2019-03-18 01:53:19.162,125.0,buy,4001.65,BTC-22MAR19-3875-P,44.17,0.006999999999999999,125.0,3,1552873999162,16673742,138
2019-03-18 02:36:07.437,0.1,buy,3997.11,BTC-22MAR19-3875-P,47.82,0.0085,0.1,0,1552876567437,16675196,139
2019-03-18 02:36:16.843,0.1,buy,3996.81,BTC-22MAR19-3875-P,47.76,0.0085,0.1,1,1552876576843,16675197,140
2019-03-18 03:22:06.394,0.5,sell,3999.53,BTC-22MAR19-3875-P,41.08,0.006,0.5,2,1552879326394,16675972,141
2019-03-18 04:56:10.886,1.0,buy,3980.85,BTC-22MAR19-3875-P,42.31,0.0075,1.0,0,1552884970886,16677754,142
2019-03-18 08:12:13.012,0.2,sell,3956.14,BTC-22MAR19-3875-P,44.74,0.01,0.2,0,1552896733012,16684090,143
2019-03-18 08:33:05.798,0.3,sell,3964.2,BTC-22MAR19-3875-P,45.25,0.0095,0.3,2,1552897985798,16684597,144
2019-03-18 08:33:06.063,6.0,sell,3964.2,BTC-22MAR19-3875-P,45.25,0.0095,6.0,3,1552897986063,16684600,145
2019-03-18 08:35:45.252,0.3,sell,3964.84,BTC-22MAR19-3875-P,45.4,0.0095,0.3,3,1552898145252,16684722,146
2019-03-18 08:36:39.115,3.4,sell,3965.59,BTC-22MAR19-3875-P,45.57,0.0095,3.4,3,1552898199115,16684739,147
2019-03-18 08:39:21.022,0.2,buy,3966.89,BTC-22MAR19-3875-P,43.09,0.0085,0.2,2,1552898361022,16684795,148
2019-03-18 10:19:25.017,1.0,buy,3956.79,BTC-22MAR19-3875-P,44.03,0.0095,1.0,0,1552904365017,16686128,149
2019-03-18 11:21:16.158,0.5,buy,3941.39,BTC-22MAR19-3875-P,40.76,0.0095,0.5,1,1552908076158,16687367,150
2019-03-18 15:16:49.719,0.1,sell,3965.14,BTC-22MAR19-3875-P,42.85,0.008,0.1,2,1552922209719,16691080,151
2019-03-18 19:12:26.962,0.3,buy,3960.72,BTC-22MAR19-3875-P,45.76,0.009000000000000001,0.3,0,1552936346962,16692808,152
2019-03-18 19:12:26.968,5.6000000000000005,buy,3960.72,BTC-22MAR19-3875-P,45.76,0.009000000000000001,5.6000000000000005,1,1552936346968,16692809,153
2019-03-18 19:12:26.970,1.7,buy,3960.72,BTC-22MAR19-3875-P,45.76,0.009000000000000001,1.7,1,1552936346970,16692810,154
2019-03-18 19:12:26.974,0.6,buy,3960.72,BTC-22MAR19-3875-P,45.76,0.009000000000000001,0.6,1,1552936346974,16692811,155
2019-03-18 19:12:27.204,1.5,buy,3960.72,BTC-22MAR19-3875-P,45.76,0.009000000000000001,1.5,1,1552936347204,16692812,156
2019-03-18 19:12:27.217,1.0,buy,3960.72,BTC-22MAR19-3875-P,45.76,0.009000000000000001,1.0,1,1552936347217,16692813,157
2019-03-18 19:12:27.217,1.2,buy,3960.72,BTC-22MAR19-3875-P,45.76,0.009000000000000001,1.2,1,1552936347217,16692814,158
2019-03-18 19:12:27.244,1.1,buy,3960.72,BTC-22MAR19-3875-P,45.76,0.009000000000000001,1.1,1,1552936347244,16692815,159
2019-03-18 19:12:27.444,1.4,buy,3960.72,BTC-22MAR19-3875-P,45.76,0.009000000000000001,1.4,1,1552936347444,16692816,160
2019-03-18 19:12:27.450,0.9,buy,3960.72,BTC-22MAR19-3875-P,45.76,0.009000000000000001,0.9,1,1552936347450,16692817,161
2019-03-18 19:12:27.458,1.5,buy,3960.72,BTC-22MAR19-3875-P,45.76,0.009000000000000001,1.5,1,1552936347458,16692819,163
2019-03-18 19:12:27.458,1.0,buy,3960.72,BTC-22MAR19-3875-P,45.76,0.009000000000000001,1.0,1,1552936347458,16692818,162
2019-03-18 19:12:27.576,1.5,buy,3960.72,BTC-22MAR19-3875-P,45.76,0.009000000000000001,1.5,1,1552936347576,16692820,164
2019-03-18 21:39:34.404,5.0,sell,3978.0,BTC-22MAR19-3875-P,44.22,0.006999999999999999,5.0,2,1552945174404,16694026,165
2019-03-18 21:39:48.470,5.0,sell,3977.97,BTC-22MAR19-3875-P,44.22,0.006999999999999999,5.0,3,1552945188470,16694027,166
2019-03-18 22:22:04.677,2.0,sell,3975.24,BTC-22MAR19-3875-P,40.62,0.006,2.0,2,1552947724677,16694217,167
2019-03-19 00:25:39.069,250.0,sell,3974.43,BTC-22MAR19-3875-P,40.97,0.006,250.0,3,1552955139069,16695364,168
2019-03-19 00:28:55.975,2.0,sell,3976.0,BTC-22MAR19-3875-P,41.31,0.006,2.0,3,1552955335975,16695438,169
2019-03-19 03:26:13.228,3.0,sell,3975.98,BTC-22MAR19-3875-P,40.4,0.0055,3.0,2,1552965973228,16696932,170
2019-03-19 06:28:30.276,0.1,sell,3966.33,BTC-22MAR19-3875-P,39.11,0.0055,0.1,3,1552976910276,16699792,171
2019-03-19 12:33:58.959,0.1,sell,3969.47,BTC-22MAR19-3875-P,37.89,0.0045,0.1,2,1552998838959,16704415,172
2019-03-19 13:35:09.588,2.0,buy,3970.36,BTC-22MAR19-3875-P,42.08,0.0055,2.0,0,1553002509588,16704917,173
2019-03-19 13:41:53.875,5.0,sell,3969.78,BTC-22MAR19-3875-P,38.28,0.0045,5.0,2,1553002913875,16704940,174
2019-03-19 17:28:26.868,1.0,buy,4004.78,BTC-22MAR19-3875-P,47.19,0.0045,1.0,3,1553016506868,16712378,175
2019-03-19 19:43:42.027,0.9,sell,3993.11,BTC-22MAR19-3875-P,38.82,0.003,0.9,2,1553024622027,16715521,176
2019-03-20 00:23:34.427,1.0,sell,4002.57,BTC-22MAR19-3875-P,37.03,0.002,1.0,2,1553041414427,16718193,177
2019-03-20 01:37:50.024,0.5,buy,3976.34,BTC-22MAR19-3875-P,43.88,0.0045,0.5,0,1553045870024,16722494,178
2019-03-20 01:39:09.150,16.0,buy,3976.31,BTC-22MAR19-3875-P,45.98,0.005,16.0,0,1553045949150,16722496,179
2019-03-20 01:39:09.150,10.0,buy,3976.31,BTC-22MAR19-3875-P,45.98,0.005,10.0,1,1553045949150,16722497,180
2019-03-20 01:39:09.150,1.7,buy,3976.31,BTC-22MAR19-3875-P,45.98,0.005,1.7,1,1553045949150,16722498,181
2019-03-20 01:39:20.441,1.7,buy,3975.78,BTC-22MAR19-3875-P,45.85,0.005,1.7,1,1553045960441,16722501,182
2019-03-20 01:39:20.441,16.0,buy,3975.78,BTC-22MAR19-3875-P,45.85,0.005,16.0,1,1553045960441,16722502,183
2019-03-20 05:54:10.913,1.0,sell,3980.53,BTC-22MAR19-3875-P,39.69,0.003,1.0,2,1553061250913,16724696,184
2019-03-20 06:39:02.155,0.7000000000000001,sell,3983.44,BTC-22MAR19-3875-P,43.16,0.0035,0.7000000000000001,0,1553063942155,16725404,185
2019-03-20 06:42:19.289,40.0,sell,3981.37,BTC-22MAR19-3875-P,42.68,0.0035,40.0,1,1553064139289,16725500,186
2019-03-20 07:35:23.110,6.9,sell,3986.89,BTC-22MAR19-3875-P,36.33,0.002,6.9,3,1553067323110,16726409,189
2019-03-20 07:35:23.110,1.9,sell,3986.89,BTC-22MAR19-3875-P,36.33,0.002,1.9,3,1553067323110,16726408,188
2019-03-20 07:35:23.110,16.0,sell,3986.89,BTC-22MAR19-3875-P,36.33,0.002,16.0,2,1553067323110,16726407,187
2019-03-20 07:35:53.126,1.9,sell,3987.12,BTC-22MAR19-3875-P,36.39,0.002,1.9,3,1553067353126,16726416,190
2019-03-20 07:35:53.126,16.0,sell,3987.12,BTC-22MAR19-3875-P,36.39,0.002,16.0,3,1553067353126,16726417,191
2019-03-20 07:39:28.368,3.2,buy,3989.1,BTC-22MAR19-3875-P,36.83,0.002,3.2,3,1553067568368,16726435,192
2019-03-20 07:39:28.368,10.0,buy,3989.1,BTC-22MAR19-3875-P,36.83,0.002,10.0,3,1553067568368,16726436,193
2019-03-20 10:03:25.085,1.0,buy,3981.38,BTC-22MAR19-3875-P,44.21,0.0035,1.0,0,1553076205085,16728172,194
2019-03-20 12:51:56.119,0.1,sell,3997.73,BTC-22MAR19-3875-P,37.51,0.0015,0.1,2,1553086316119,16731722,195
2019-03-20 14:03:10.071,0.1,sell,3998.09,BTC-22MAR19-3875-P,38.11,0.0015,0.1,3,1553090590071,16732300,196
2019-03-20 17:48:14.837,1.0,buy,3994.11,BTC-22MAR19-3875-P,45.95,0.0025,1.0,0,1553104094837,16737333,197
2019-03-20 17:53:50.446,0.1,sell,3995.76,BTC-22MAR19-3875-P,39.46,0.0015,0.1,2,1553104430446,16737442,198
2019-03-20 18:19:59.590,1.0,sell,4004.06,BTC-22MAR19-3875-P,37.24,0.001,1.0,2,1553105999590,16737774,199
2019-03-20 19:13:04.224,0.5,sell,4010.69,BTC-22MAR19-3875-P,43.59,0.0015,0.5,0,1553109184224,16738525,200
2019-03-20 22:56:10.344,0.5,buy,4030.71,BTC-22MAR19-3875-P,45.67,0.001,0.5,2,1553122570344,16743916,201
2019-03-20 23:08:58.879,9.0,buy,4029.65,BTC-22MAR19-3875-P,45.59,0.001,9.0,3,1553123338879,16744227,202
2019-03-20 23:17:29.490,0.5,buy,4028.12,BTC-22MAR19-3875-P,45.35,0.001,0.5,3,1553123849490,16744445,203
2019-03-20 23:17:29.490,9.5,buy,4028.12,BTC-22MAR19-3875-P,45.35,0.001,9.5,3,1553123849490,16744446,204
2019-03-20 23:18:38.466,0.5,buy,4026.18,BTC-22MAR19-3875-P,44.94,0.001,0.5,3,1553123918466,16744479,205
2019-03-20 23:18:38.466,9.5,buy,4026.18,BTC-22MAR19-3875-P,44.94,0.001,9.5,3,1553123918466,16744480,206
2019-03-20 23:19:41.102,0.5,buy,4025.26,BTC-22MAR19-3875-P,44.75,0.001,0.5,3,1553123981102,16744529,207
2019-03-20 23:25:06.008,25.0,sell,4026.17,BTC-22MAR19-3875-P,45.01,0.001,25.0,3,1553124306008,16744679,208
2019-03-20 23:29:24.868,1.1,sell,4029.74,BTC-22MAR19-3875-P,45.84,0.001,1.1,3,1553124564868,16744790,209
2019-03-20 23:33:28.228,10.0,buy,4029.62,BTC-22MAR19-3875-P,45.86,0.001,10.0,3,1553124808228,16744876,210
2019-03-21 00:40:10.647,4.0,buy,4040.1,BTC-22MAR19-3875-P,49.02,0.001,4.0,3,1553128810647,16746108,211
2019-03-21 01:10:13.760,6.0,buy,4026.02,BTC-22MAR19-3875-P,46.23,0.001,6.0,3,1553130613760,16746546,212
2019-03-21 01:16:17.989,100.0,buy,4028.37,BTC-22MAR19-3875-P,46.84,0.001,100.0,3,1553130977989,16746695,213
2019-03-21 01:18:30.374,25.0,sell,4027.94,BTC-22MAR19-3875-P,46.77,0.001,25.0,3,1553131110374,16746715,214
2019-03-21 05:18:44.445,1.0,buy,4024.47,BTC-22MAR19-3875-P,54.83,0.0015,1.0,0,1553145524445,16748607,215
2019-03-21 06:33:54.305,9.0,buy,4025.5,BTC-22MAR19-3875-P,56.44,0.0015,9.0,1,1553150034305,16748965,216
2019-03-21 06:33:54.305,10.0,buy,4025.5,BTC-22MAR19-3875-P,56.44,0.0015,10.0,1,1553150034305,16748966,217
2019-03-21 07:37:09.481,5.5,sell,4036.56,BTC-22MAR19-3875-P,46.91,0.0005,5.5,2,1553153829481,16749694,218
2019-03-21 07:37:09.481,1.0,sell,4036.56,BTC-22MAR19-3875-P,46.91,0.0005,1.0,3,1553153829481,16749695,219
2019-03-21 07:37:09.481,0.5,sell,4036.56,BTC-22MAR19-3875-P,46.91,0.0005,0.5,3,1553153829481,16749696,220
2019-03-21 07:37:09.481,93.0,sell,4036.56,BTC-22MAR19-3875-P,46.91,0.0005,93.0,3,1553153829481,16749697,221
2019-03-21 07:37:15.129,7.0,sell,4036.6,BTC-22MAR19-3875-P,46.92,0.0005,7.0,3,1553153835129,16749698,222
2019-03-21 07:37:15.129,10.0,sell,4036.6,BTC-22MAR19-3875-P,46.92,0.0005,10.0,3,1553153835129,16749699,223
2019-03-21 07:39:22.921,2.0,buy,4036.69,BTC-22MAR19-3875-P,54.74,0.001,2.0,0,1553153962921,16749702,224
2019-03-21 07:52:52.000,8.0,buy,4036.32,BTC-22MAR19-3875-P,54.91,0.001,8.0,1,1553154772000,16749824,225
2019-03-21 07:52:52.000,2.0,buy,4036.32,BTC-22MAR19-3875-P,54.91,0.001,2.0,1,1553154772000,16749825,226
2019-03-21 10:56:02.269,1.3,buy,4026.14,BTC-22MAR19-3875-P,47.9,0.0005,1.3,2,1553165762269,16750885,227
2019-03-21 10:56:02.269,10.0,buy,4026.14,BTC-22MAR19-3875-P,47.9,0.0005,10.0,3,1553165762269,16750886,228
2019-03-21 11:29:20.302,0.5,sell,4036.98,BTC-22MAR19-3875-P,51.25,0.0005,0.5,3,1553167760302,16751449,229
2019-03-21 13:44:59.741,3.0,buy,4010.37,BTC-22MAR19-3875-P,55.41,0.001,3.0,0,1553175899741,16756411,230
2019-03-21 14:21:41.797,10.0,buy,4005.13,BTC-22MAR19-3875-P,46.58,0.0005,10.0,2,1553178101797,16757491,231
2019-03-21 14:22:17.494,0.2,sell,3997.12,BTC-22MAR19-3875-P,44.34,0.0005,0.2,3,1553178137494,16757898,232
2019-03-21 14:22:17.494,200.0,sell,3997.12,BTC-22MAR19-3875-P,44.34,0.0005,200.0,3,1553178137494,16757899,233
2019-03-21 14:43:30.624,5.0,buy,3996.3,BTC-22MAR19-3875-P,52.53,0.001,5.0,0,1553179410624,16758838,234
2019-03-21 14:57:03.135,0.1,sell,3970.78,BTC-22MAR19-3875-P,37.4,0.0005,0.1,2,1553180223135,16761233,235
2019-03-21 14:57:57.018,10.0,buy,3955.96,BTC-22MAR19-3875-P,39.58,0.001,10.0,0,1553180277018,16761860,236
2019-03-21 14:58:04.646,15.0,buy,3951.55,BTC-22MAR19-3875-P,43.27,0.0015,15.0,0,1553180284646,16761969,237
2019-03-21 14:58:43.853,6.2,buy,3922.09,BTC-22MAR19-3875-P,43.08,0.003,6.2,0,1553180323853,16762717,238
2019-03-21 14:58:53.992,5.1000000000000005,buy,3920.79,BTC-22MAR19-3875-P,45.9,0.0035,5.1000000000000005,0,1553180333992,16762957,239
2019-03-21 14:58:56.641,1.0,buy,3917.49,BTC-22MAR19-3875-P,44.29,0.0035,1.0,1,1553180336641,16763065,240
2019-03-21 14:59:00.768,1.0,buy,3922.77,BTC-22MAR19-3875-P,46.86,0.0035,1.0,1,1553180340768,16763270,241
2019-03-21 15:01:37.459,10.0,buy,3950.78,BTC-22MAR19-3875-P,47.67,0.002,10.0,2,1553180497459,16765062,242
2019-03-21 15:03:22.371,0.4,sell,3965.29,BTC-22MAR19-3875-P,48.43,0.0015,0.4,2,1553180602371,16765467,243
2019-03-21 15:19:39.983,0.6,sell,3970.65,BTC-22MAR19-3875-P,50.79,0.0015,0.6,3,1553181579983,16766599,244
2019-03-21 15:19:39.983,10.0,sell,3970.65,BTC-22MAR19-3875-P,50.79,0.0015,10.0,3,1553181579983,16766600,245
2019-03-21 17:05:58.355,1.0,buy,3963.9,BTC-22MAR19-3875-P,51.12,0.0015,1.0,3,1553187958355,16769551,246
2019-03-21 19:23:40.709,1.0,sell,3971.91,BTC-22MAR19-3875-P,43.9,0.0005,1.0,2,1553196220709,16770725,247
2019-03-21 21:03:18.913,1.0,buy,3973.98,BTC-22MAR19-3875-P,64.14,0.0015,1.0,0,1553202198913,16771143,248
2019-03-21 22:38:28.329,10.0,buy,3985.24,BTC-22MAR19-3875-P,66.55,0.001,10.0,2,1553207908329,16772033,249
2019-03-21 22:54:52.934,5.0,buy,3974.48,BTC-22MAR19-3875-P,62.75,0.001,5.0,3,1553208892934,16772323,250
2019-03-21 22:55:18.038,5.0,buy,3974.9,BTC-22MAR19-3875-P,62.94,0.001,5.0,3,1553208918038,16772330,251
2019-03-21 23:28:11.083,2.0,sell,3977.87,BTC-22MAR19-3875-P,55.83,0.0005,2.0,2,1553210891083,16772513,252
2019-03-22 00:14:53.158,0.1,buy,3971.78,BTC-22MAR19-3875-P,66.61,0.001,0.1,0,1553213693158,16772806,253
2019-03-22 00:42:08.195,22.4,sell,3978.16,BTC-22MAR19-3875-P,60.5,0.0005,22.4,2,1553215328195,16773110,254
2019-03-22 05:55:54.924,1.0,buy,3975.71,BTC-22MAR19-3875-P,111.62,0.0005,1.0,3,1553234154924,16774370,255
