date_utc,amount,direction,indexPrice,instrument,iv,price,quantity,tickDirection,timeStamp,tradeId,tradeSeq
2019-04-09 22:27:13.499,4.5,sell,5202.68,BTC-31MAY19-5750-C,62.91,0.055,4.5,1,1554848833499,17583355,1
2019-04-10 00:15:39.262,0.1,buy,5184.94,BTC-31MAY19-5750-C,62.32,0.053,0.1,2,1554855339262,17587312,2
2019-04-10 00:17:06.305,0.1,buy,5179.75,BTC-31MAY19-5750-C,62.2,0.0525,0.1,2,1554855426305,17587327,3
2019-04-10 00:18:01.714,5.0,buy,5179.63,BTC-31MAY19-5750-C,62.2,0.0525,5.0,3,1554855481714,17587331,4
2019-04-10 00:26:09.278,0.1,buy,5212.04,BTC-31MAY19-5750-C,61.15,0.053,0.1,0,1554855969278,17588372,5
2019-04-10 00:31:30.334,2.0,sell,5202.58,BTC-31MAY19-5750-C,60.86,0.052000000000000005,2.0,2,1554856290334,17588426,6
2019-04-10 05:58:17.453,3.0,buy,5264.39,BTC-31MAY19-5750-C,62.12,0.0575,3.0,0,1554875897453,17592658,7
2019-04-10 15:08:52.271,1.7,sell,5259.88,BTC-31MAY19-5750-C,60.46,0.0545,1.7,2,1554908932271,17602442,8
2019-04-10 17:43:06.502,0.1,sell,5289.04,BTC-31MAY19-5750-C,59.92,0.0555,0.1,0,1554918186502,17606057,9
2019-04-10 17:50:25.283,1.0,buy,5293.32,BTC-31MAY19-5750-C,60.08,0.055999999999999994,1.0,0,1554918625283,17606251,10
2019-04-10 22:13:51.335,5.0,sell,5276.51,BTC-31MAY19-5750-C,63.73,0.06,5.0,0,1554934431335,17648545,11
2019-04-11 04:38:40.173,12.8,sell,5233.16,BTC-31MAY19-5750-C,62.34,0.055,12.8,2,1554957520173,17668875,12
2019-04-11 06:27:38.182,7.2,buy,5210.03,BTC-31MAY19-5750-C,63.42,0.055,7.2,3,1554964058182,17670899,13
2019-04-11 11:43:34.013,0.1,buy,5026.11,BTC-31MAY19-5750-C,61.58,0.0415,0.1,2,1554983014013,17696101,14
2019-04-11 11:44:49.673,0.1,buy,5033.05,BTC-31MAY19-5750-C,61.67,0.042,0.1,0,1554983089673,17696159,15
2019-04-11 11:52:39.669,0.1,buy,5051.79,BTC-31MAY19-5750-C,61.65,0.043,0.1,0,1554983559669,17696822,16
2019-04-11 12:06:54.983,0.1,buy,5053.66,BTC-31MAY19-5750-C,62.33,0.044000000000000004,0.1,0,1554984414983,17697569,17
2019-04-11 12:07:03.676,0.1,buy,5051.93,BTC-31MAY19-5750-C,63.15,0.045,0.1,0,1554984423676,17697571,18
2019-04-11 12:15:52.103,5.0,sell,5038.26,BTC-31MAY19-5750-C,61.47,0.042,5.0,2,1554984952103,17697825,19
2019-04-11 12:54:25.593,0.1,buy,5052.65,BTC-31MAY19-5750-C,61.64,0.043,0.1,0,1554987265593,17699121,20
2019-04-11 13:10:01.730,0.1,buy,5066.83,BTC-31MAY19-5750-C,61.8,0.044,0.1,0,1554988201730,17700054,21
2019-04-11 17:43:03.109,5.0,sell,5041.24,BTC-31MAY19-5750-C,58.81,0.0385,5.0,2,1555004583109,17709520,22
2019-04-11 18:20:57.077,0.1,buy,5062.9,BTC-31MAY19-5750-C,61.35,0.043,0.1,0,1555006857077,17710160,23
2019-04-11 22:37:06.065,3.0,sell,5040.66,BTC-31MAY19-5750-C,60.88,0.040999999999999995,3.0,2,1555022226065,17720807,24
2019-04-12 01:44:46.979,20.0,sell,4932.25,BTC-31MAY19-5750-C,63.9,0.039,20.0,2,1555033486979,17730508,25
2019-04-12 01:44:55.182,1.0,sell,4923.92,BTC-31MAY19-5750-C,63.84,0.0385,1.0,2,1555033495182,17730757,26
2019-04-12 02:40:12.925,0.1,buy,5005.07,BTC-31MAY19-5750-C,65.14,0.0445,0.1,0,1555036812925,17734927,27
2019-04-12 14:56:56.346,2.0,sell,5083.25,BTC-31MAY19-5750-C,57.97,0.039,2.0,2,1555081016346,17750676,28
2019-04-12 15:27:56.615,2.0,buy,5067.38,BTC-31MAY19-5750-C,59.04,0.0395,2.0,0,1555082876615,17751255,29
2019-04-12 21:40:01.622,1.0,buy,5057.88,BTC-31MAY19-5750-C,59.98,0.04,1.0,0,1555105201622,17760919,30
2019-04-13 21:21:13.983,5.0,sell,5049.1,BTC-31MAY19-5750-C,57.82,0.036000000000000004,5.0,2,1555190473983,17785625,31
2019-04-15 17:30:10.275,1.0,sell,5052.73,BTC-31MAY19-5750-C,58.01,0.035,1.0,2,1555349410275,17824717,32
2019-04-16 01:46:15.105,0.2,buy,5051.41,BTC-31MAY19-5750-C,58.69,0.0355,0.2,0,1555379175105,17850156,33
2019-04-16 02:09:26.955,0.2,buy,5046.37,BTC-31MAY19-5750-C,58.51,0.035,0.2,2,1555380566955,17850391,34
2019-04-16 17:30:43.375,2.0,buy,5213.81,BTC-31MAY19-5750-C,54.78,0.039,2.0,0,1555435843375,17869242,35
2019-04-16 17:40:55.500,4.8,sell,5207.47,BTC-31MAY19-5750-C,56.63,0.040999999999999995,4.8,0,1555436455500,17873366,36
2019-04-16 19:27:45.573,0.5,sell,5205.67,BTC-31MAY19-5750-C,54.41,0.038,0.5,2,1555442865573,17878238,37
2019-04-16 20:15:09.379,4.7,buy,5179.88,BTC-31MAY19-5750-C,54.79,0.037000000000000005,4.7,2,1555445709379,17879185,38
2019-04-16 21:19:57.921,10.0,sell,5192.16,BTC-31MAY19-5750-C,54.27,0.037000000000000005,10.0,3,1555449597921,17880087,39
2019-04-17 05:28:37.184,0.2,buy,5221.48,BTC-31MAY19-5750-C,55.53,0.04,0.2,0,1555478917184,17892093,40
2019-04-17 11:04:21.194,0.3,buy,5227.84,BTC-31MAY19-5750-C,54.21,0.0385,0.3,2,1555499061194,17896258,41
2019-04-18 09:19:36.810,1.0,sell,5239.19,BTC-31MAY19-5750-C,54.27,0.0385,1.0,3,1555579176810,17920823,42
2019-04-18 17:56:58.196,5.0,sell,5279.42,BTC-31MAY19-5750-C,53.02,0.039,5.0,0,1555610218196,17930157,43
2019-04-18 18:00:06.366,0.1,buy,5263.34,BTC-31MAY19-5750-C,54.96,0.0405,0.1,0,1555610406366,17930463,44
2019-04-18 18:00:52.162,0.9,sell,5269.2,BTC-31MAY19-5750-C,55.08,0.040999999999999995,0.9,0,1555610452162,17930558,45
2019-04-18 23:06:24.161,0.1,sell,5274.79,BTC-31MAY19-5750-C,52.58,0.038,0.1,2,1555628784161,17938159,46
2019-04-19 07:59:14.509,1.0,buy,5247.86,BTC-31MAY19-5750-C,54.07,0.038,1.0,3,1555660754509,17947576,47
2019-04-19 16:29:01.927,0.3,buy,5332.97,BTC-31MAY19-5750-C,54.21,0.043,0.3,0,1555691341927,17958500,48
2019-04-19 16:29:01.927,1.7,buy,5332.97,BTC-31MAY19-5750-C,54.21,0.043,1.7,1,1555691341927,17958501,49
2019-04-21 07:17:22.081,0.3,sell,5330.54,BTC-31MAY19-5750-C,50.19,0.0365,0.3,2,1555831042081,17999787,50
2019-04-22 11:13:03.808,0.2,sell,5320.64,BTC-31MAY19-5750-C,49.77,0.0345,0.2,2,1555931583808,18036224,51
2019-04-23 09:09:03.043,1.0,sell,5540.88,BTC-31MAY19-5750-C,54.86,0.0545,1.0,0,1556010543043,18103798,52
2019-04-23 13:25:29.065,0.1,sell,5570.82,BTC-31MAY19-5750-C,54.85,0.0565,0.1,0,1556025929065,18110048,53
2019-04-23 17:27:40.657,5.0,buy,5594.42,BTC-31MAY19-5750-C,57.14,0.061,5.0,0,1556040460657,18116716,54
2019-04-24 04:17:44.184,2.0,buy,5596.85,BTC-31MAY19-5750-C,55.77,0.059,2.0,2,1556079464184,18142573,55
2019-04-24 04:48:00.442,0.2,buy,5602.69,BTC-31MAY19-5750-C,57.8,0.062,0.2,0,1556081280442,18144163,56
2019-04-24 16:37:14.962,0.1,sell,5431.97,BTC-31MAY19-5750-C,55.85,0.047,0.1,2,1556123834962,18183049,57
2019-04-24 16:38:20.182,1.9,sell,5423.96,BTC-31MAY19-5750-C,55.06,0.0455,1.9,2,1556123900182,18183130,58
2019-04-24 22:37:13.086,1.0,buy,5437.51,BTC-31MAY19-5750-C,58.18,0.05,1.0,0,1556145433086,18199109,59
2019-04-24 22:37:16.019,1.0,buy,5437.61,BTC-31MAY19-5750-C,58.18,0.05,1.0,1,1556145436019,18199110,60
2019-04-24 22:37:17.992,1.0,buy,5437.66,BTC-31MAY19-5750-C,58.17,0.05,1.0,1,1556145437992,18199111,61
2019-04-24 22:37:19.865,1.0,buy,5437.66,BTC-31MAY19-5750-C,58.17,0.05,1.0,1,1556145439865,18199112,62
2019-04-25 11:08:11.494,5.0,sell,5439.28,BTC-31MAY19-5750-C,54.4,0.045,5.0,2,1556190491494,18218499,63
2019-04-25 22:13:12.228,1.0,sell,5027.13,BTC-31MAY19-5750-C,51.76,0.0195,1.0,2,1556230392228,18259758,64
2019-04-25 22:14:12.123,5.0,buy,5073.74,BTC-31MAY19-5750-C,59.19,0.029,5.0,0,1556230452123,18261551,65
2019-04-25 22:31:32.650,0.1,buy,5113.69,BTC-31MAY19-5750-C,61.05,0.033,0.1,0,1556231492650,18272699,66
2019-04-25 22:37:57.682,3.1,sell,5133.67,BTC-31MAY19-5750-C,52.55,0.025,3.1,2,1556231877682,18274692,67
2019-04-26 02:32:16.950,0.4,buy,5196.22,BTC-31MAY19-5750-C,58.07,0.034,0.4,0,1556245936950,18298092,68
2019-04-26 04:29:22.736,0.1,sell,5195.04,BTC-31MAY19-5750-C,55.93,0.0315,0.1,2,1556252962736,18310635,69
2019-04-26 08:03:59.138,0.4,buy,5162.39,BTC-31MAY19-5750-C,57.18,0.031,0.4,2,1556265839138,18319065,70
2019-04-26 08:31:15.697,0.8,sell,5171.66,BTC-31MAY19-5750-C,55.82,0.03,0.8,2,1556267475697,18320029,71
2019-04-26 10:17:39.086,9.6,buy,5179.94,BTC-31MAY19-5750-C,59.6,0.0345,9.6,0,1556273859086,18322873,73
2019-04-26 10:17:39.086,0.4,buy,5179.94,BTC-31MAY19-5750-C,58.24,0.033,0.4,0,1556273859086,18322872,72
2019-04-26 10:18:09.302,0.4,buy,5179.01,BTC-31MAY19-5750-C,59.65,0.0345,0.4,1,1556273889302,18322877,74
2019-04-26 10:28:20.888,5.0,sell,5178.59,BTC-31MAY19-5750-C,59.68,0.0345,5.0,1,1556274500888,18323015,75
2019-04-26 10:44:50.686,5.0,sell,5168.37,BTC-31MAY19-5750-C,59.28,0.0335,5.0,2,1556275490686,18323217,76
2019-04-26 10:53:01.297,0.4,buy,5173.87,BTC-31MAY19-5750-C,58.1,0.0325,0.4,2,1556275981297,18323281,77
2019-04-26 10:53:44.262,0.4,sell,5171.56,BTC-31MAY19-5750-C,58.21,0.0325,0.4,3,1556276024262,18323285,78
2019-04-26 10:55:25.410,9.2,sell,5167.97,BTC-31MAY19-5750-C,58.39,0.0325,9.2,3,1556276125410,18323360,79
2019-04-26 12:27:09.357,10.0,buy,5143.15,BTC-31MAY19-5750-C,58.73,0.0315,10.0,2,1556281629357,18327794,80
2019-04-26 13:17:13.161,6.4,sell,5177.81,BTC-31MAY19-5750-C,58.45,0.033,6.4,0,1556284633161,18329402,81
2019-04-26 13:17:50.278,0.6,sell,5175.25,BTC-31MAY19-5750-C,58.57,0.033,0.6,1,1556284670278,18329446,82
2019-04-26 14:05:40.947,0.6,sell,5161.41,BTC-31MAY19-5750-C,58.36,0.032,0.6,2,1556287540947,18330412,83
2019-04-26 14:05:46.644,9.4,sell,5161.08,BTC-31MAY19-5750-C,58.38,0.032,9.4,3,1556287546644,18330413,84
2019-04-26 15:16:24.343,10.0,buy,5132.59,BTC-31MAY19-5750-C,60.74,0.033,10.0,0,1556291784343,18332478,85
2019-04-26 16:15:10.915,0.4,buy,5108.26,BTC-31MAY19-5750-C,62.43,0.0335,0.4,0,1556295310915,18336730,86
2019-04-26 16:16:46.282,0.1,buy,5107.64,BTC-31MAY19-5750-C,62.93,0.034,0.1,0,1556295406282,18336803,87
2019-04-26 20:02:24.056,11.4,sell,5094.26,BTC-31MAY19-5750-C,57.05,0.027000000000000003,11.4,2,1556308944056,18346412,88
2019-04-26 20:24:11.437,10.0,buy,5112.06,BTC-31MAY19-5750-C,60.53,0.0315,10.0,0,1556310251437,18346991,89
2019-04-26 20:24:11.437,0.4,buy,5112.06,BTC-31MAY19-5750-C,60.53,0.0315,0.4,1,1556310251437,18346992,90
2019-04-26 20:24:38.885,1.0,sell,5110.76,BTC-31MAY19-5750-C,60.59,0.0315,1.0,1,1556310278885,18347017,91
2019-04-26 21:10:48.303,5.0,sell,5100.27,BTC-31MAY19-5750-C,59.7,0.03,5.0,2,1556313048303,18348765,92
2019-04-27 14:08:36.449,0.1,buy,5166.24,BTC-31MAY19-5750-C,57.09,0.03,0.1,3,1556374116449,18364726,93
2019-04-27 14:17:10.737,0.3,buy,5178.67,BTC-31MAY19-5750-C,56.49,0.03,0.3,3,1556374630737,18365331,94
2019-04-27 19:35:22.388,0.1,buy,5211.3,BTC-31MAY19-5750-C,55.99,0.031,0.1,0,1556393722388,18371221,95
2019-04-28 17:31:20.215,20.0,sell,5185.13,BTC-31MAY19-5750-C,54.23,0.027000000000000003,20.0,2,1556472680215,18391850,96
2019-04-28 17:31:20.215,16.0,sell,5185.13,BTC-31MAY19-5750-C,54.23,0.027000000000000003,16.0,3,1556472680215,18391851,97
2019-04-28 17:31:20.215,6.0,sell,5185.13,BTC-31MAY19-5750-C,53.74,0.0265,6.0,2,1556472680215,18391852,98
2019-04-29 05:11:17.114,10.0,sell,5182.74,BTC-31MAY19-5750-C,57.69,0.03,10.0,0,1556514677114,18409088,99
2019-04-29 14:55:40.430,10.0,sell,5157.88,BTC-31MAY19-5750-C,57.35,0.027999999999999997,10.0,2,1556549740430,18428420,100
2019-04-29 17:07:03.089,6.4,buy,5156.43,BTC-31MAY19-5750-C,58.0,0.0285,6.4,0,1556557623089,18431610,101
2019-04-29 20:37:57.306,0.1,buy,5132.98,BTC-31MAY19-5750-C,58.81,0.028,0.1,2,1556570277306,18436866,102
2019-04-30 10:06:10.258,1.0,buy,5164.91,BTC-31MAY19-5750-C,56.72,0.027000000000000003,1.0,2,1556618770258,18454073,103
2019-04-30 10:12:28.637,0.1,sell,5171.25,BTC-31MAY19-5750-C,56.4,0.027000000000000003,0.1,3,1556619148637,18455176,104
2019-04-30 13:20:30.787,0.4,buy,5216.31,BTC-31MAY19-5750-C,56.7,0.0295,0.4,0,1556630430787,18465053,105
2019-04-30 13:22:03.623,0.4,buy,5251.2,BTC-31MAY19-5750-C,56.81,0.0315,0.4,0,1556630523623,18466893,106
2019-04-30 13:22:03.680,0.2,sell,5251.2,BTC-31MAY19-5750-C,56.81,0.0315,0.2,1,1556630523680,18466895,107
2019-04-30 14:29:53.164,1.0,buy,5278.4,BTC-31MAY19-5750-C,58.26,0.0345,1.0,0,1556634593164,18473729,108
2019-04-30 15:27:03.180,0.4,sell,5255.5,BTC-31MAY19-5750-C,56.18,0.031,0.4,2,1556638023180,18477199,109
2019-04-30 15:27:03.315,0.4,sell,5255.5,BTC-31MAY19-5750-C,56.18,0.031,0.4,3,1556638023315,18477209,110
2019-04-30 15:27:04.349,0.4,sell,5255.78,BTC-31MAY19-5750-C,54.23,0.029,0.4,2,1556638024349,18477230,111
2019-04-30 15:27:04.456,0.4,sell,5255.78,BTC-31MAY19-5750-C,54.23,0.029,0.4,3,1556638024456,18477240,112
2019-04-30 15:27:04.522,0.4,buy,5255.78,BTC-31MAY19-5750-C,54.23,0.029,0.4,3,1556638024522,18477253,113
2019-04-30 15:27:05.082,0.4,sell,5255.78,BTC-31MAY19-5750-C,54.23,0.029,0.4,3,1556638025082,18477268,114
2019-04-30 15:27:05.149,0.4,sell,5255.78,BTC-31MAY19-5750-C,54.23,0.029,0.4,3,1556638025149,18477276,115
2019-04-30 15:27:05.847,0.4,buy,5255.76,BTC-31MAY19-5750-C,54.72,0.0295,0.4,0,1556638025847,18477294,116
2019-04-30 16:05:24.222,0.4,buy,5250.81,BTC-31MAY19-5750-C,55.97,0.0305,0.4,0,1556640324222,18478235,117
2019-05-01 00:56:08.868,0.1,buy,5300.99,BTC-31MAY19-5750-C,57.92,0.035,0.1,0,1556672168868,18492772,118
2019-05-01 00:56:08.868,0.9,buy,5300.99,BTC-31MAY19-5750-C,57.92,0.035,0.9,1,1556672168868,18492773,119
2019-05-01 01:25:29.661,0.1,buy,5306.93,BTC-31MAY19-5750-C,57.61,0.035,0.1,1,1556673929661,18493213,120
2019-05-01 01:25:29.661,0.9,buy,5306.93,BTC-31MAY19-5750-C,57.61,0.035,0.9,1,1556673929661,18493214,121
2019-05-01 06:22:42.396,0.1,buy,5311.96,BTC-31MAY19-5750-C,57.53,0.035,0.1,1,1556691762396,18498978,122
2019-05-01 08:50:50.020,0.1,sell,5290.35,BTC-31MAY19-5750-C,54.99,0.031,0.1,2,1556700650020,18502384,123
2019-05-01 09:09:46.024,0.4,sell,5291.62,BTC-31MAY19-5750-C,53.96,0.03,0.4,2,1556701786024,18502581,127
2019-05-01 09:09:46.024,10.0,sell,5291.62,BTC-31MAY19-5750-C,54.44,0.0305,10.0,3,1556701786024,18502580,126
2019-05-01 09:09:46.024,16.0,sell,5291.62,BTC-31MAY19-5750-C,54.44,0.0305,16.0,3,1556701786024,18502579,125
2019-05-01 09:09:46.024,0.1,sell,5291.62,BTC-31MAY19-5750-C,54.44,0.0305,0.1,2,1556701786024,18502578,124
2019-05-01 09:09:46.024,50.0,sell,5291.62,BTC-31MAY19-5750-C,53.96,0.03,50.0,3,1556701786024,18502582,128
2019-05-01 12:28:54.035,9.0,buy,5297.09,BTC-31MAY19-5750-C,55.73,0.032,9.0,0,1556713734035,18506226,129
2019-05-01 12:32:53.925,0.1,sell,5291.08,BTC-31MAY19-5750-C,54.6,0.0305,0.1,2,1556713973925,18506498,130
2019-05-01 13:06:20.237,16.0,buy,5286.92,BTC-31MAY19-5750-C,55.33,0.031,16.0,0,1556715980237,18507778,131
2019-05-01 14:03:49.920,20.0,buy,5290.36,BTC-31MAY19-5750-C,56.15,0.032,20.0,0,1556719429920,18508561,132
2019-05-01 14:13:40.165,10.0,buy,5293.51,BTC-31MAY19-5750-C,56.47,0.0325,10.0,0,1556720020165,18508590,133
2019-05-01 18:45:13.305,0.1,buy,5303.39,BTC-31MAY19-5750-C,57.07,0.0335,0.1,0,1556736313305,18519212,134
2019-05-02 03:59:55.497,16.0,buy,5331.72,BTC-31MAY19-5750-C,56.82,0.0345,16.0,0,1556769595497,18530211,135
2019-05-02 14:10:21.893,0.2,buy,5367.04,BTC-31MAY19-5750-C,56.66,0.036000000000000004,0.2,0,1556806221893,18552303,136
2019-05-03 02:22:25.531,0.4,sell,5432.4,BTC-31MAY19-5750-C,51.89,0.0345,0.4,2,1556850145531,18585726,137
2019-05-03 02:22:25.531,1.6,sell,5432.4,BTC-31MAY19-5750-C,51.89,0.0345,1.6,3,1556850145531,18585727,138
2019-05-03 03:46:52.552,0.5,buy,5472.86,BTC-31MAY19-5750-C,54.21,0.0395,0.5,0,1556855212552,18593374,139
2019-05-03 03:50:55.284,0.1,sell,5467.16,BTC-31MAY19-5750-C,52.69,0.0375,0.1,2,1556855455284,18593450,140
2019-05-03 04:37:50.890,0.7000000000000001,buy,5493.3,BTC-31MAY19-5750-C,53.44,0.04,0.7000000000000001,0,1556858270890,18595436,141
2019-05-03 04:56:44.375,6.0,sell,5488.09,BTC-31MAY19-5750-C,51.92,0.038,6.0,2,1556859404375,18597338,142
2019-05-03 04:56:44.377,19.0,buy,5488.09,BTC-31MAY19-5750-C,51.92,0.038,19.0,3,1556859404377,18597339,143
2019-05-03 05:02:15.278,25.0,buy,5477.25,BTC-31MAY19-5750-C,52.59,0.038,25.0,3,1556859735278,18597530,144
2019-05-03 05:03:40.499,1.0,buy,5475.95,BTC-31MAY19-5750-C,52.67,0.038,1.0,3,1556859820499,18597582,145
2019-05-03 05:30:43.737,10.0,buy,5485.81,BTC-31MAY19-5750-C,53.01,0.039,10.0,0,1556861443737,18598542,146
2019-05-03 05:38:10.066,1.0,buy,5486.65,BTC-31MAY19-5750-C,52.96,0.039,1.0,1,1556861890066,18598669,147
2019-05-03 05:38:51.200,9.0,buy,5486.65,BTC-31MAY19-5750-C,52.96,0.039,9.0,1,1556861931200,18598672,148
2019-05-03 05:41:23.784,2.0,buy,5484.34,BTC-31MAY19-5750-C,57.29,0.0435,2.0,0,1556862083784,18598735,149
2019-05-03 07:53:59.618,0.5,buy,5583.35,BTC-31MAY19-5750-C,57.42,0.0505,0.5,0,1556870039618,18616312,150
2019-05-03 08:50:48.674,0.3,buy,5685.53,BTC-31MAY19-5750-C,52.72,0.053,0.3,0,1556873448674,18627836,151
2019-05-03 09:12:12.321,0.1,buy,5693.9,BTC-31MAY19-5750-C,58.03,0.0595,0.1,0,1556874732321,18639244,152
2019-05-03 09:12:43.946,0.1,buy,5714.29,BTC-31MAY19-5750-C,56.56,0.0595,0.1,1,1556874763946,18639545,153
2019-05-03 09:13:00.631,0.1,buy,5710.08,BTC-31MAY19-5750-C,56.87,0.0595,0.1,1,1556874780631,18639717,154
2019-05-03 09:15:45.604,0.4,buy,5707.14,BTC-31MAY19-5750-C,57.08,0.0595,0.4,1,1556874945604,18640388,155
2019-05-03 11:23:29.104,1.0,sell,5680.2,BTC-31MAY19-5750-C,55.92,0.055999999999999994,1.0,2,1556882609104,18669116,156
2019-05-03 11:32:13.358,2.0,sell,5693.22,BTC-31MAY19-5750-C,55.45,0.0565,2.0,0,1556883133358,18670265,157
2019-05-03 11:50:00.311,9.6,buy,5715.38,BTC-31MAY19-5750-C,60.68,0.064,9.6,1,1556884200311,18672298,159
2019-05-03 11:50:00.311,0.4,buy,5715.38,BTC-31MAY19-5750-C,60.68,0.064,0.4,0,1556884200311,18672297,158
2019-05-03 12:08:51.787,2.0,buy,5717.29,BTC-31MAY19-5750-C,61.01,0.0645,2.0,0,1556885331787,18673610,160
2019-05-03 12:30:22.100,5.0,sell,5735.13,BTC-31MAY19-5750-C,56.55,0.061,5.0,2,1556886622100,18674695,161
2019-05-03 14:19:33.563,1.0,sell,5758.72,BTC-31MAY19-5750-C,56.24,0.0625,1.0,0,1556893173563,18682635,162
2019-05-03 18:37:36.175,1.0,sell,5662.63,BTC-31MAY19-5750-C,56.1,0.0545,1.0,2,1556908656175,18702135,163
2019-05-03 18:50:16.254,1.0,buy,5689.23,BTC-31MAY19-5750-C,57.87,0.0585,1.0,0,1556909416254,18702857,164
2019-05-04 01:54:59.940,0.3,sell,5809.8,BTC-31MAY19-5750-C,55.11,0.065,0.3,0,1556934899940,18733810,165
2019-05-04 01:55:00.005,0.3,sell,5809.8,BTC-31MAY19-5750-C,55.11,0.065,0.3,1,1556934900005,18733815,166
2019-05-04 01:55:01.091,0.3,sell,5810.73,BTC-31MAY19-5750-C,55.04,0.065,0.3,1,1556934901091,18733850,167
2019-05-04 01:55:01.132,0.3,sell,5810.73,BTC-31MAY19-5750-C,55.04,0.065,0.3,1,1556934901132,18733853,168
2019-05-04 01:55:03.350,0.3,sell,5810.82,BTC-31MAY19-5750-C,55.03,0.065,0.3,1,1556934903350,18734081,169
2019-05-04 03:38:52.537,1.0,sell,5742.16,BTC-31MAY19-5750-C,54.83,0.059,1.0,2,1556941132537,18742019,170
2019-05-04 03:41:33.763,1.0,sell,5735.63,BTC-31MAY19-5750-C,54.4,0.058,1.0,2,1556941293763,18742092,171
2019-05-04 20:50:20.128,0.3,sell,5657.58,BTC-31MAY19-5750-C,53.42,0.05,0.3,2,1557003020128,18797782,172
2019-05-04 20:50:20.180,0.3,sell,5657.58,BTC-31MAY19-5750-C,53.42,0.05,0.3,3,1557003020180,18797784,173
2019-05-04 20:50:20.229,0.3,sell,5657.58,BTC-31MAY19-5750-C,53.42,0.05,0.3,3,1557003020229,18797786,174
2019-05-04 20:50:20.271,0.3,sell,5657.58,BTC-31MAY19-5750-C,52.95,0.0495,0.3,2,1557003020271,18797788,175
2019-05-04 20:50:20.293,0.3,sell,5657.58,BTC-31MAY19-5750-C,52.95,0.0495,0.3,3,1557003020293,18797790,176
2019-05-04 20:50:20.317,0.3,sell,5657.58,BTC-31MAY19-5750-C,52.95,0.0495,0.3,3,1557003020317,18797792,177
2019-05-04 20:50:22.153,0.3,sell,5657.17,BTC-31MAY19-5750-C,52.98,0.0495,0.3,3,1557003022153,18797800,178
2019-05-04 20:50:22.222,0.3,sell,5657.17,BTC-31MAY19-5750-C,52.98,0.0495,0.3,3,1557003022222,18797805,179
2019-05-04 20:50:22.759,0.3,sell,5658.03,BTC-31MAY19-5750-C,52.92,0.0495,0.3,3,1557003022759,18797812,180
2019-05-04 20:50:23.521,0.3,sell,5658.03,BTC-31MAY19-5750-C,52.92,0.0495,0.3,3,1557003023521,18797841,181
2019-05-04 20:50:23.608,0.3,sell,5658.03,BTC-31MAY19-5750-C,52.92,0.0495,0.3,3,1557003023608,18797849,182
2019-05-04 22:19:51.067,0.1,buy,5826.34,BTC-31MAY19-5750-C,60.8,0.0715,0.1,0,1557008391067,18823599,183
2019-05-05 18:04:14.826,9.6,sell,5638.86,BTC-31MAY19-5750-C,61.37,0.056,9.6,2,1557079454826,18887537,184
2019-05-05 19:21:35.245,2.0,sell,5703.05,BTC-31MAY19-5750-C,57.19,0.0565,2.0,0,1557084095245,18894909,185
2019-05-05 22:47:25.067,0.1,sell,5722.65,BTC-31MAY19-5750-C,59.19,0.06,0.1,0,1557096445067,18905931,186
2019-05-06 00:54:04.556,3.1,sell,5667.33,BTC-31MAY19-5750-C,59.64,0.056,3.1,2,1557104044556,18912320,187
2019-05-06 00:54:04.570,0.1,sell,5667.33,BTC-31MAY19-5750-C,59.64,0.056,0.1,3,1557104044570,18912321,188
2019-05-06 00:54:04.780,0.2,sell,5666.99,BTC-31MAY19-5750-C,59.66,0.056,0.2,3,1557104044780,18912331,189
2019-05-06 00:54:07.869,0.1,sell,5665.78,BTC-31MAY19-5750-C,59.75,0.056,0.1,3,1557104047869,18912360,190
2019-05-06 00:57:14.720,1.5,sell,5655.59,BTC-31MAY19-5750-C,60.5,0.056,1.5,3,1557104234720,18913412,191
2019-05-06 01:00:24.503,1.0,buy,5664.52,BTC-31MAY19-5750-C,62.71,0.059,1.0,0,1557104424503,18914796,192
2019-05-06 01:00:26.676,1.0,buy,5664.38,BTC-31MAY19-5750-C,62.72,0.059,1.0,1,1557104426676,18914802,193
2019-05-06 01:00:28.586,1.0,buy,5664.58,BTC-31MAY19-5750-C,62.7,0.059,1.0,1,1557104428586,18914803,194
2019-05-06 01:00:30.152,1.0,buy,5664.66,BTC-31MAY19-5750-C,62.7,0.059,1.0,1,1557104430152,18914804,195
2019-05-06 01:00:31.697,1.0,buy,5664.13,BTC-31MAY19-5750-C,62.74,0.059,1.0,1,1557104431697,18914815,196
2019-05-06 01:00:41.942,9.0,buy,5656.71,BTC-31MAY19-5750-C,63.28,0.059,9.0,0,1557104441942,18914847,198
2019-05-06 01:00:41.942,1.0,buy,5656.71,BTC-31MAY19-5750-C,62.8,0.0585,1.0,2,1557104441942,18914846,197
2019-05-06 01:01:45.236,0.2,sell,5666.33,BTC-31MAY19-5750-C,57.81,0.054000000000000006,0.2,2,1557104505236,18914976,199
2019-05-06 01:11:06.392,9.0,sell,5673.12,BTC-31MAY19-5750-C,63.03,0.06,9.0,0,1557105066392,18915685,200
2019-05-06 01:14:28.477,25.0,sell,5639.27,BTC-31MAY19-5750-C,61.7,0.056,25.0,2,1557105268477,18916628,201
2019-05-06 01:14:28.536,5.0,sell,5639.27,BTC-31MAY19-5750-C,61.7,0.056,5.0,3,1557105268536,18916629,202
2019-05-06 01:37:08.463,0.4,buy,5600.73,BTC-31MAY19-5750-C,62.1,0.0535,0.4,2,1557106628463,18924349,203
2019-05-06 01:37:08.463,4.6000000000000005,buy,5600.73,BTC-31MAY19-5750-C,63.53,0.055,4.6000000000000005,0,1557106628463,18924350,204
2019-05-06 01:37:33.594,5.0,buy,5601.1,BTC-31MAY19-5750-C,63.98,0.0555,5.0,0,1557106653594,18924519,205
2019-05-06 16:19:25.550,6.8,sell,5681.66,BTC-31MAY19-5750-C,60.3,0.057,6.8,0,1557159565550,18960030,206
2019-05-06 16:45:58.084,1.0,sell,5716.31,BTC-31MAY19-5750-C,60.58,0.06,1.0,0,1557161158084,18963533,207
2019-05-06 18:21:52.926,6.0,sell,5703.91,BTC-31MAY19-5750-C,61.61,0.06,6.0,1,1557166912926,18968423,208
2019-05-06 18:29:43.163,4.0,sell,5706.49,BTC-31MAY19-5750-C,60.94,0.0595,4.0,3,1557167383163,18968477,210
2019-05-06 18:29:43.163,14.4,sell,5706.49,BTC-31MAY19-5750-C,60.94,0.0595,14.4,2,1557167383163,18968476,209
2019-05-06 18:37:37.957,24.7,buy,5729.2,BTC-31MAY19-5750-C,62.58,0.063,24.7,0,1557167857957,18969582,211
2019-05-06 18:53:44.783,1.0,sell,5741.37,BTC-31MAY19-5750-C,60.19,0.0615,1.0,2,1557168824783,18971446,212
2019-05-08 09:33:21.348,5.7,sell,5808.9,BTC-31MAY19-5750-C,62.68,0.0675,5.7,0,1557308001348,19139487,213
2019-05-08 10:39:13.348,0.3,sell,5824.66,BTC-31MAY19-5750-C,61.39,0.0675,0.3,1,1557311953348,19141231,214
2019-05-08 10:40:24.406,0.2,sell,5823.34,BTC-31MAY19-5750-C,61.5,0.0675,0.2,1,1557312024406,19141241,215
2019-05-08 10:52:50.958,0.2,buy,5833.51,BTC-31MAY19-5750-C,61.14,0.068,0.2,0,1557312770958,19141567,216
2019-05-08 14:24:36.430,0.1,buy,5843.8,BTC-31MAY19-5750-C,62.48,0.07,0.1,0,1557325476430,19150163,217
2019-05-08 14:25:01.555,0.1,buy,5843.58,BTC-31MAY19-5750-C,62.5,0.07,0.1,1,1557325501555,19150173,218
2019-05-08 14:25:13.524,0.1,buy,5843.61,BTC-31MAY19-5750-C,62.5,0.07,0.1,1,1557325513524,19150175,219
2019-05-08 15:07:46.665,0.3,buy,5865.94,BTC-31MAY19-5750-C,62.1,0.0715,0.3,0,1557328066665,19151605,220
2019-05-08 15:07:52.552,1.0,buy,5865.14,BTC-31MAY19-5750-C,62.68,0.07200000000000001,1.0,0,1557328072552,19151608,221
2019-05-08 15:08:28.268,3.7,buy,5863.77,BTC-31MAY19-5750-C,62.29,0.0715,3.7,2,1557328108268,19151620,222
2019-05-08 15:10:31.520,5.0,buy,5864.91,BTC-31MAY19-5750-C,62.7,0.07200000000000001,5.0,0,1557328231520,19151664,223
2019-05-08 15:39:28.342,5.5,sell,5891.31,BTC-31MAY19-5750-C,61.38,0.073,5.5,0,1557329968342,19154449,224
2019-05-08 15:39:28.342,0.5,sell,5891.31,BTC-31MAY19-5750-C,61.38,0.073,0.5,1,1557329968342,19154450,225
2019-05-08 21:53:03.723,0.1,buy,5906.61,BTC-31MAY19-5750-C,59.28,0.07200000000000001,0.1,2,1557352383723,19172023,226
2019-05-08 21:57:29.840,0.3,sell,5901.92,BTC-31MAY19-5750-C,56.06,0.0685,0.3,2,1557352649840,19172093,227
2019-05-09 00:58:17.520,5.8,buy,6040.27,BTC-31MAY19-5750-C,57.4,0.0825,5.8,0,1557363497520,19200253,228
2019-05-09 01:08:10.748,5.8,buy,6064.21,BTC-31MAY19-5750-C,57.62,0.085,5.8,0,1557364090748,19205193,229
2019-05-09 02:45:03.614,0.3,buy,6054.69,BTC-31MAY19-5750-C,61.51,0.0875,0.3,0,1557369903614,19216878,230
2019-05-09 02:45:03.614,14.4,buy,6054.69,BTC-31MAY19-5750-C,62.07,0.08800000000000001,14.4,0,1557369903614,19216879,231
2019-05-09 02:46:52.232,0.3,buy,6045.85,BTC-31MAY19-5750-C,61.89,0.087,0.3,2,1557370012232,19216969,232
2019-05-09 02:46:52.232,14.4,buy,6045.85,BTC-31MAY19-5750-C,62.44,0.0875,14.4,0,1557370012232,19216970,233
2019-05-09 06:52:19.234,0.3,buy,6071.68,BTC-31MAY19-5750-C,57.12,0.085,0.3,2,1557384739234,19225633,234
2019-05-09 10:34:45.734,0.3,sell,6059.69,BTC-31MAY19-5750-C,55.81,0.0825,0.3,2,1557398085734,19233829,235
2019-05-09 10:34:45.734,11.7,sell,6059.69,BTC-31MAY19-5750-C,55.81,0.0825,11.7,3,1557398085734,19233830,236
2019-05-09 12:20:33.713,1.0,sell,6018.18,BTC-31MAY19-5750-C,55.37,0.078,1.0,2,1557404433713,19239047,237
2019-05-09 12:20:36.144,1.0,buy,6018.19,BTC-31MAY19-5750-C,55.37,0.078,1.0,3,1557404436144,19239049,238
2019-05-09 12:21:26.468,2.0,sell,6012.93,BTC-31MAY19-5750-C,54.82,0.077,2.0,2,1557404486468,19239152,239
2019-05-09 12:21:26.748,1.0,buy,6014.22,BTC-31MAY19-5750-C,55.23,0.0775,1.0,0,1557404486748,19239153,240
2019-05-09 22:51:41.845,0.3,buy,6143.58,BTC-31MAY19-5750-C,57.88,0.092,0.3,0,1557442301845,19275566,241
2019-05-09 22:51:41.845,14.4,buy,6143.58,BTC-31MAY19-5750-C,58.48,0.0925,14.4,0,1557442301845,19275567,242
2019-05-09 23:22:49.487,2.0,sell,6137.6,BTC-31MAY19-5750-C,53.81,0.08800000000000001,2.0,2,1557444169487,19279478,243
2019-05-10 02:27:24.301,0.2,buy,6224.19,BTC-31MAY19-5750-C,54.67,0.0975,0.2,0,1557455244301,19293839,244
2019-05-10 02:28:01.717,3.1,buy,6234.46,BTC-31MAY19-5750-C,55.23,0.099,3.1,0,1557455281717,19294262,245
2019-05-10 02:43:01.090,3.0,buy,6239.61,BTC-31MAY19-5750-C,54.53,0.099,3.0,1,1557456181090,19297168,246
2019-05-10 02:44:58.639,4.9,buy,6240.98,BTC-31MAY19-5750-C,54.34,0.099,4.9,1,1557456298639,19297607,247
2019-05-10 02:44:58.681,4.9,buy,6240.98,BTC-31MAY19-5750-C,54.34,0.099,4.9,1,1557456298681,19297608,248
2019-05-10 02:44:58.700,1.1,buy,6240.98,BTC-31MAY19-5750-C,54.34,0.099,1.1,1,1557456298700,19297609,249
2019-05-10 02:57:50.401,0.1,sell,6229.66,BTC-31MAY19-5750-C,53.29,0.09699999999999999,0.1,3,1557457070401,19299878,251
2019-05-10 02:57:50.401,4.9,sell,6229.66,BTC-31MAY19-5750-C,53.29,0.09699999999999999,4.9,2,1557457070401,19299877,250
2019-05-10 02:58:32.581,3.2,buy,6226.67,BTC-31MAY19-5750-C,53.71,0.09699999999999999,3.2,3,1557457112581,19300036,252
2019-05-10 03:00:56.456,3.2,buy,6226.38,BTC-31MAY19-5750-C,53.75,0.09699999999999999,3.2,3,1557457256456,19300263,253
2019-05-10 03:01:06.390,3.3000000000000003,buy,6226.99,BTC-31MAY19-5750-C,53.66,0.09699999999999999,3.3000000000000003,3,1557457266390,19300281,254
2019-05-10 03:01:17.596,3.3000000000000003,buy,6227.13,BTC-31MAY19-5750-C,53.64,0.09699999999999999,3.3000000000000003,3,1557457277596,19300285,255
2019-05-10 03:01:21.194,3.3000000000000003,buy,6227.33,BTC-31MAY19-5750-C,53.62,0.09699999999999999,3.3000000000000003,3,1557457281194,19300301,256
2019-05-10 03:01:21.720,3.3000000000000003,buy,6226.52,BTC-31MAY19-5750-C,53.73,0.09699999999999999,3.3000000000000003,3,1557457281720,19300302,257
2019-05-10 03:01:22.243,3.3000000000000003,buy,6226.52,BTC-31MAY19-5750-C,53.73,0.09699999999999999,3.3000000000000003,3,1557457282243,19300303,258
2019-05-10 03:01:24.641,2.1,buy,6226.52,BTC-31MAY19-5750-C,53.73,0.09699999999999999,2.1,3,1557457284641,19300304,259
2019-05-10 03:10:56.700,1.0,buy,6267.94,BTC-31MAY19-5750-C,57.25,0.10400000000000001,1.0,0,1557457856700,19301837,260
2019-05-10 06:42:54.317,5.5,sell,6285.33,BTC-31MAY19-5750-C,53.6,0.10300000000000001,5.5,2,1557470574317,19327362,261
2019-05-10 07:37:49.942,2.0,sell,6309.96,BTC-31MAY19-5750-C,53.45,0.1055,2.0,0,1557473869942,19333819,262
2019-05-10 12:32:53.571,3.0,buy,6269.76,BTC-31MAY19-5750-C,58.2,0.1045,3.0,2,1557491573571,19355700,263
2019-05-10 13:58:05.799,5.0,sell,6263.69,BTC-31MAY19-5750-C,53.04,0.1,5.0,2,1557496685799,19359141,264
2019-05-10 13:58:05.800,2.2,buy,6263.69,BTC-31MAY19-5750-C,53.04,0.1,2.2,3,1557496685800,19359142,265
2019-05-10 20:10:30.757,0.1,buy,6354.74,BTC-31MAY19-5750-C,70.53,0.122,0.1,0,1557519030757,19396151,266
2019-05-11 03:09:05.125,1.0,buy,6533.69,BTC-31MAY19-5750-C,54.46,0.13,1.0,0,1557544145125,19435689,267
2019-05-11 11:57:07.818,0.2,sell,6786.39,BTC-31MAY19-5750-C,77.76,0.16899999999999998,0.2,0,1557575827818,19558798,268
2019-05-11 11:59:14.183,0.2,sell,6784.24,BTC-31MAY19-5750-C,78.14,0.16899999999999998,0.2,1,1557575954183,19558957,269
2019-05-11 12:07:58.862,0.2,sell,6775.52,BTC-31MAY19-5750-C,79.66,0.16899999999999998,0.2,1,1557576478862,19559934,270
2019-05-11 12:08:25.148,0.1,sell,6770.58,BTC-31MAY19-5750-C,80.5,0.16899999999999998,0.1,1,1557576505148,19560006,271
2019-05-11 12:13:07.791,2.9,sell,6746.87,BTC-31MAY19-5750-C,84.35,0.16899999999999998,2.9,1,1557576787791,19561407,272
2019-05-11 16:04:29.859,0.5,sell,6900.96,BTC-31MAY19-5750-C,79.35,0.18100000000000002,0.5,0,1557590669859,19591751,273
2019-05-12 01:01:54.142,0.3,sell,7093.6,BTC-31MAY19-5750-C,102.55,0.21100000000000002,0.3,0,1557622914142,19767967,274
2019-05-12 09:49:46.856,4.0,sell,7305.21,BTC-31MAY19-5750-C,104.09,0.23,4.0,0,1557654586856,19888434,275
2019-05-12 09:49:51.534,1.0,sell,7299.63,BTC-31MAY19-5750-C,105.1,0.23,1.0,1,1557654591534,19888555,276
2019-05-12 09:49:54.554,1.0,sell,7292.87,BTC-31MAY19-5750-C,106.3,0.23,1.0,1,1557654594554,19888679,277
2019-05-12 10:11:31.993,1.0,sell,7410.79,BTC-31MAY19-5750-C,99.04,0.237,1.0,0,1557655891993,19900179,278
2019-05-12 10:11:36.973,1.0,sell,7416.36,BTC-31MAY19-5750-C,99.06,0.2375,1.0,0,1557655896973,19900192,279
2019-05-12 10:12:51.607,1.0,sell,7419.2,BTC-31MAY19-5750-C,100.83,0.2385,1.0,0,1557655971607,19900418,280
2019-05-12 10:14:08.841,1.0,buy,7424.09,BTC-31MAY19-5750-C,101.0,0.239,1.0,0,1557656048841,19900672,281
2019-05-12 10:18:41.872,1.0,buy,7442.29,BTC-31MAY19-5750-C,100.78,0.2405,1.0,0,1557656321872,19901381,282
2019-05-12 10:22:41.526,4.0,sell,7424.88,BTC-31MAY19-5750-C,100.85,0.239,4.0,2,1557656561526,19902873,283
2019-05-12 10:22:41.586,4.0,sell,7424.88,BTC-31MAY19-5750-C,100.85,0.239,4.0,3,1557656561586,19902874,284
2019-05-12 10:23:31.821,2.5,sell,7419.53,BTC-31MAY19-5750-C,100.78,0.2385,2.5,2,1557656611821,19903098,285
2019-05-13 13:46:56.191,4.0,sell,7406.69,BTC-31MAY19-5750-C,96.8,0.2345,4.0,2,1557755216191,20186259,286
2019-05-13 13:47:41.419,4.0,sell,7417.01,BTC-31MAY19-5750-C,96.99,0.2355,4.0,0,1557755261419,20186424,287
2019-05-13 15:44:20.773,8.0,buy,7734.4,BTC-31MAY19-5750-C,0.0,0.256,8.0,0,1557762260773,20243055,288
2019-05-14 06:39:24.329,0.6,sell,8046.78,BTC-31MAY19-5750-C,76.35,0.2865,0.6,0,1557815964329,20436590,289
2019-05-14 23:45:45.076,2.0,buy,7975.24,BTC-31MAY19-5750-C,105.5,0.285,2.0,2,1557877545076,20638013,290
2019-05-15 11:56:37.903,0.1,buy,7977.01,BTC-31MAY19-5750-C,0.0,0.2475,0.1,2,1557921397903,20704577,291
2019-05-16 02:05:09.186,3.0,sell,8318.28,BTC-31MAY19-5750-C,149.04,0.3225,3.0,0,1557972309186,20830437,292
2019-05-17 03:09:36.359,3.0,buy,6745.76,BTC-31MAY19-5750-C,149.88,0.198,3.0,2,1558062576359,21048119,293
2019-05-23 06:25:17.453,1.0,buy,7622.31,BTC-31MAY19-5750-C,0.0,0.24,1.0,0,1558592717453,21873691,294
2019-05-23 06:25:27.513,1.0,buy,7617.31,BTC-31MAY19-5750-C,0.0,0.245,1.0,0,1558592727513,21873717,295
2019-05-23 06:26:24.847,1.0,buy,7617.77,BTC-31MAY19-5750-C,120.15,0.249,1.0,0,1558592784847,21873767,296
2019-05-23 06:27:04.912,2.0,buy,7624.8,BTC-31MAY19-5750-C,115.53,0.249,2.0,1,1558592824912,21873796,297
2019-05-23 06:27:45.897,1.0,buy,7628.63,BTC-31MAY19-5750-C,120.15,0.25,1.0,0,1558592865897,21873814,298
2019-05-23 06:27:45.897,2.0,buy,7628.63,BTC-31MAY19-5750-C,120.15,0.25,2.0,1,1558592865897,21873815,299
2019-05-23 06:45:41.972,1.4,buy,7632.06,BTC-31MAY19-5750-C,118.03,0.25,1.4,1,1558593941972,21875546,300
2019-05-23 07:24:26.991,1.0,buy,7629.29,BTC-31MAY19-5750-C,120.02,0.25,1.0,1,1558596266991,21876761,301
2019-05-23 07:24:26.991,1.0,buy,7629.29,BTC-31MAY19-5750-C,120.02,0.25,1.0,1,1558596266991,21876762,302
2019-05-23 07:55:08.126,1.0,buy,7599.74,BTC-31MAY19-5750-C,145.53,0.252,1.0,0,1558598108126,21878145,303
2019-05-23 07:55:31.814,1.0,buy,7599.49,BTC-31MAY19-5750-C,150.05,0.253,1.0,0,1558598131814,21878175,304
2019-05-23 13:14:56.658,1.0,buy,7684.86,BTC-31MAY19-5750-C,112.69,0.254,1.0,0,1558617296658,21899663,305
2019-05-23 13:14:58.904,1.0,buy,7688.25,BTC-31MAY19-5750-C,118.68,0.255,1.0,0,1558617298904,21899837,306
2019-05-27 21:11:45.764,1.0,buy,8750.24,BTC-31MAY19-5750-C,297.66,0.3505,1.0,0,1558991505764,22357866,307
2019-05-28 13:30:13.768,0.8,sell,8587.43,BTC-31MAY19-5750-C,163.38,0.3305,0.8,2,1559050213768,22409887,308
2019-05-28 13:30:14.024,0.2,sell,8587.43,BTC-31MAY19-5750-C,163.38,0.3305,0.2,3,1559050214024,22409908,309
