date_utc,amount,direction,indexPrice,instrument,iv,price,quantity,tickDirection,timeStamp,tradeId,tradeSeq
2019-02-14 00:10:25.606,1.0,sell,3578.19,BTC-29MAR19-4500-C,55.47,0.0115,1.0,3,1550103025606,15349961,344
2019-02-14 01:35:07.326,1.0,sell,3582.24,BTC-29MAR19-4500-C,55.37,0.0115,1.0,3,1550108107326,15351991,345
2019-02-14 10:13:14.445,1.0,sell,3564.42,BTC-29MAR19-4500-C,54.27,0.01,1.0,2,1550139194445,15360022,346
2019-02-14 11:04:01.881,10.0,sell,3560.08,BTC-29MAR19-4500-C,56.79,0.0115,10.0,0,1550142241881,15362182,347
2019-02-14 11:57:19.879,10.0,sell,3553.81,BTC-29MAR19-4500-C,57.03,0.0115,10.0,1,1550145439879,15366332,348
2019-02-14 12:37:11.569,5.0,buy,3559.94,BTC-29MAR19-4500-C,57.55,0.012,5.0,0,1550147831569,15367553,349
2019-02-14 12:37:11.569,2.0,buy,3559.94,BTC-29MAR19-4500-C,58.23,0.0125,2.0,0,1550147831569,15367554,350
2019-02-14 12:43:51.046,1.0,sell,3560.67,BTC-29MAR19-4500-C,56.77,0.0115,1.0,2,1550148231046,15367715,351
2019-02-14 19:57:13.139,1.9,buy,3574.29,BTC-29MAR19-4500-C,57.77,0.0125,1.9,0,1550174233139,15373013,353
2019-02-14 19:57:13.139,0.1,buy,3574.29,BTC-29MAR19-4500-C,57.09,0.012,0.1,0,1550174233139,15373012,352
2019-02-14 22:51:13.647,0.1,sell,3565.06,BTC-29MAR19-4500-C,55.56,0.0105,0.1,2,1550184673647,15375282,354
2019-02-15 11:29:57.190,1.0,sell,3573.21,BTC-29MAR19-4500-C,54.49,0.01,1.0,2,1550230197190,15386454,355
2019-02-15 16:01:14.328,0.2,buy,3557.13,BTC-29MAR19-4500-C,55.38,0.01,0.2,3,1550246474328,15399805,356
2019-02-16 02:29:31.539,0.4,sell,3573.61,BTC-29MAR19-4500-C,54.79,0.01,0.4,3,1550284171539,15404914,357
2019-02-16 02:55:09.049,0.3,buy,3579.54,BTC-29MAR19-4500-C,57.38,0.012,0.3,0,1550285709049,15405372,359
2019-02-16 02:55:09.049,0.2,buy,3579.54,BTC-29MAR19-4500-C,56.69,0.0115,0.2,0,1550285709049,15405371,358
2019-02-16 02:56:04.675,0.3,buy,3579.08,BTC-29MAR19-4500-C,57.41,0.012,0.3,0,1550285764675,15405390,361
2019-02-16 02:56:04.675,0.2,buy,3579.08,BTC-29MAR19-4500-C,56.71,0.0115,0.2,2,1550285764675,15405389,360
2019-02-16 03:55:51.577,20.0,sell,3582.8,BTC-29MAR19-4500-C,55.12,0.0105,20.0,2,1550289351577,15406572,362
2019-02-17 09:25:29.035,0.2,sell,3597.97,BTC-29MAR19-4500-C,53.61,0.0095,0.2,2,1550395529035,15429504,363
2019-02-17 10:25:51.701,1.0,buy,3609.78,BTC-29MAR19-4500-C,53.66,0.01,1.0,0,1550399151701,15430475,364
2019-02-17 10:27:18.695,0.4,buy,3643.69,BTC-29MAR19-4500-C,52.77,0.0105,0.4,0,1550399238695,15432857,365
2019-02-17 13:19:20.800,0.2,buy,3564.01,BTC-29MAR19-4500-C,56.75,0.0105,0.2,1,1550409560800,15447463,366
2019-02-17 21:17:07.270,0.2,buy,3577.56,BTC-29MAR19-4500-C,53.98,0.009000000000000001,0.2,2,1550438227270,15452926,367
2019-02-18 01:07:44.330,0.2,sell,3699.81,BTC-29MAR19-4500-C,54.13,0.0135,0.2,0,1550452064330,15469502,368
2019-02-18 01:07:51.484,0.3,buy,3712.25,BTC-29MAR19-4500-C,53.3,0.0135,0.3,1,1550452071484,15469940,369
2019-02-18 04:23:21.085,1.2,buy,3672.5,BTC-29MAR19-4500-C,56.02,0.0135,1.2,1,1550463801085,15490721,370
2019-02-18 06:48:51.609,0.1,buy,3690.23,BTC-29MAR19-4500-C,53.49,0.012,0.1,2,1550472531609,15496646,371
2019-02-18 07:27:09.853,0.1,buy,3721.94,BTC-29MAR19-4500-C,53.56,0.0135,0.1,0,1550474829853,15500982,372
2019-02-18 08:25:07.478,2.0,buy,3697.94,BTC-29MAR19-4500-C,55.38,0.014,2.0,0,1550478307478,15505403,373
2019-02-18 09:13:21.121,0.2,sell,3700.53,BTC-29MAR19-4500-C,55.46,0.014,0.2,1,1550481201121,15507014,374
2019-02-18 09:29:21.351,0.2,sell,3701.47,BTC-29MAR19-4500-C,54.04,0.013,0.2,2,1550482161351,15507200,375
2019-02-18 09:29:21.351,0.8,sell,3701.47,BTC-29MAR19-4500-C,53.39,0.0125,0.8,2,1550482161351,15507201,376
2019-02-18 09:58:07.145,0.2,sell,3702.43,BTC-29MAR19-4500-C,55.35,0.014,0.2,0,1550483887145,15508068,377
2019-02-18 10:23:00.779,0.2,sell,3699.24,BTC-29MAR19-4500-C,55.58,0.014,0.2,1,1550485380779,15509553,378
2019-02-18 10:53:23.676,0.2,sell,3683.65,BTC-29MAR19-4500-C,53.74,0.012,0.2,2,1550487203676,15510749,379
2019-02-18 10:53:48.146,0.8,buy,3685.58,BTC-29MAR19-4500-C,53.66,0.012,0.8,3,1550487228146,15510796,380
2019-02-18 12:25:51.907,1.0,buy,3708.41,BTC-29MAR19-4500-C,55.11,0.014,1.0,0,1550492751907,15515736,381
2019-02-18 12:39:04.684,1.0,buy,3716.99,BTC-29MAR19-4500-C,55.31,0.0145,1.0,0,1550493544684,15516725,382
2019-02-18 13:47:12.836,0.2,sell,3787.97,BTC-29MAR19-4500-C,54.28,0.0165,0.2,0,1550497632836,15531871,383
2019-02-18 14:00:17.790,2.0,buy,3798.23,BTC-29MAR19-4500-C,54.57,0.017,2.0,0,1550498417790,15535924,384
2019-02-18 14:31:06.145,0.2,sell,3815.97,BTC-29MAR19-4500-C,53.33,0.017,0.2,1,1550500266145,15541443,385
2019-02-18 14:56:24.668,1.2,buy,3802.14,BTC-29MAR19-4500-C,53.91,0.017,1.2,1,1550501784668,15543585,387
2019-02-18 14:56:24.668,0.8,buy,3802.14,BTC-29MAR19-4500-C,53.91,0.017,0.8,1,1550501784668,15543584,386
2019-02-18 15:03:37.334,0.2,sell,3790.57,BTC-29MAR19-4500-C,54.07,0.0165,0.2,2,1550502217334,15544227,388
2019-02-18 15:05:21.358,0.2,sell,3779.59,BTC-29MAR19-4500-C,54.0,0.016,0.2,2,1550502321358,15544685,389
2019-02-18 16:01:04.502,0.2,sell,3807.09,BTC-29MAR19-4500-C,53.22,0.0165,0.2,0,1550505664502,15547243,390
2019-02-18 16:01:31.344,0.2,sell,3810.73,BTC-29MAR19-4500-C,53.03,0.0165,0.2,1,1550505691344,15547283,391
2019-02-18 16:01:40.416,0.2,sell,3812.16,BTC-29MAR19-4500-C,52.94,0.0165,0.2,1,1550505700416,15547351,392
2019-02-18 16:01:41.863,0.2,sell,3812.16,BTC-29MAR19-4500-C,52.94,0.0165,0.2,1,1550505701863,15547356,393
2019-02-18 16:01:44.603,0.2,sell,3812.36,BTC-29MAR19-4500-C,52.92,0.0165,0.2,1,1550505704603,15547360,394
2019-02-18 16:01:47.298,0.2,sell,3812.34,BTC-29MAR19-4500-C,52.92,0.0165,0.2,1,1550505707298,15547362,395
2019-02-18 16:03:18.543,0.2,sell,3816.2,BTC-29MAR19-4500-C,52.63,0.0165,0.2,1,1550505798543,15547611,396
2019-02-18 16:03:20.446,0.2,sell,3816.33,BTC-29MAR19-4500-C,52.63,0.0165,0.2,1,1550505800446,15547613,397
2019-02-18 16:03:36.065,0.2,sell,3816.09,BTC-29MAR19-4500-C,52.7,0.0165,0.2,1,1550505816065,15547643,398
2019-02-18 16:03:37.449,0.2,sell,3815.91,BTC-29MAR19-4500-C,52.71,0.0165,0.2,1,1550505817449,15547647,399
2019-02-18 16:06:16.439,5.0,buy,3829.93,BTC-29MAR19-4500-C,52.59,0.017,5.0,1,1550505976439,15548161,401
2019-02-18 16:06:16.439,1.2,buy,3829.93,BTC-29MAR19-4500-C,52.59,0.017,1.2,0,1550505976439,15548160,400
2019-02-18 16:10:21.740,0.2,sell,3816.12,BTC-29MAR19-4500-C,53.24,0.017,0.2,1,1550506221740,15549241,402
2019-02-18 16:10:25.924,0.2,sell,3816.36,BTC-29MAR19-4500-C,53.23,0.017,0.2,1,1550506225924,15549246,403
2019-02-18 16:10:41.881,0.1,sell,3815.91,BTC-29MAR19-4500-C,53.24,0.017,0.1,1,1550506241881,15549259,404
2019-02-18 16:20:43.368,1.0,buy,3840.43,BTC-29MAR19-4500-C,52.5,0.0175,1.0,0,1550506843368,15550539,405
2019-02-18 16:25:00.957,4.0,buy,3853.73,BTC-29MAR19-4500-C,51.71,0.0175,4.0,1,1550507100957,15552265,406
2019-02-18 16:28:55.890,2.0,buy,3870.62,BTC-29MAR19-4500-C,51.64,0.018000000000000002,2.0,0,1550507335890,15553865,407
2019-02-18 16:33:38.527,3.0,buy,3893.21,BTC-29MAR19-4500-C,50.29,0.018000000000000002,3.0,1,1550507618527,15555734,408
2019-02-18 16:33:38.527,5.0,buy,3893.21,BTC-29MAR19-4500-C,50.82,0.0185,5.0,0,1550507618527,15555735,409
2019-02-18 16:34:26.032,1.0,buy,3897.4,BTC-29MAR19-4500-C,52.47,0.0205,1.0,0,1550507666032,15556308,410
2019-02-18 16:34:26.032,32.0,buy,3897.4,BTC-29MAR19-4500-C,52.47,0.0205,32.0,1,1550507666032,15556309,411
2019-02-18 16:34:26.032,0.1,buy,3897.4,BTC-29MAR19-4500-C,54.99,0.023,0.1,0,1550507666032,15556311,413
2019-02-18 16:34:26.032,0.2,buy,3897.4,BTC-29MAR19-4500-C,52.98,0.021,0.2,0,1550507666032,15556310,412
2019-02-18 16:38:36.795,1.0,buy,3892.87,BTC-29MAR19-4500-C,52.78,0.0205,1.0,2,1550507916795,15558529,414
2019-02-18 16:41:50.312,0.2,sell,3893.11,BTC-29MAR19-4500-C,52.89,0.0205,0.2,3,1550508110312,15559105,415
2019-02-18 16:42:15.183,0.2,sell,3894.49,BTC-29MAR19-4500-C,51.7,0.0195,0.2,2,1550508135183,15559165,416
2019-02-18 16:42:33.977,0.2,sell,3894.5,BTC-29MAR19-4500-C,51.12,0.019,0.2,2,1550508153977,15559182,417
2019-02-18 16:42:34.551,1.4,buy,3894.84,BTC-29MAR19-4500-C,51.1,0.019,1.4,3,1550508154551,15559184,418
2019-02-18 16:44:29.376,0.2,sell,3856.39,BTC-29MAR19-4500-C,53.67,0.0195,0.2,0,1550508269376,15560479,419
2019-02-18 16:44:30.146,0.2,sell,3856.39,BTC-29MAR19-4500-C,53.67,0.0195,0.2,1,1550508270146,15560512,420
2019-02-18 16:44:41.466,0.2,sell,3852.49,BTC-29MAR19-4500-C,53.25,0.019,0.2,2,1550508281466,15561030,421
2019-02-18 16:48:43.227,2.9,buy,3867.02,BTC-29MAR19-4500-C,54.11,0.0205,2.9,0,1550508523227,15563186,422
2019-02-18 16:48:43.227,16.2,buy,3867.02,BTC-29MAR19-4500-C,54.11,0.0205,16.2,1,1550508523227,15563187,423
2019-02-18 16:53:32.901,0.2,sell,3869.84,BTC-29MAR19-4500-C,53.52,0.02,0.2,2,1550508812901,15564012,424
2019-02-18 16:55:54.710,0.2,sell,3874.2,BTC-29MAR19-4500-C,53.34,0.02,0.2,3,1550508954710,15564265,425
2019-02-18 17:00:02.114,0.2,sell,3862.87,BTC-29MAR19-4500-C,53.29,0.0195,0.2,2,1550509202114,15565315,426
2019-02-18 17:01:38.415,0.2,sell,3854.51,BTC-29MAR19-4500-C,53.28,0.019,0.2,2,1550509298415,15565972,427
2019-02-18 17:02:34.629,4.0,buy,3851.19,BTC-29MAR19-4500-C,54.58,0.02,4.0,0,1550509354629,15566245,428
2019-02-18 17:02:34.629,9.8,buy,3851.19,BTC-29MAR19-4500-C,54.58,0.02,9.8,1,1550509354629,15566246,429
2019-02-18 17:02:34.634,6.5,sell,3851.19,BTC-29MAR19-4500-C,54.58,0.02,6.5,1,1550509354634,15566247,430
2019-02-18 17:07:15.524,10.0,buy,3849.85,BTC-29MAR19-4500-C,55.75,0.021,10.0,0,1550509635524,15567326,431
2019-02-18 17:25:30.760,0.2,sell,3864.12,BTC-29MAR19-4500-C,56.02,0.022,0.2,0,1550510730760,15569417,432
2019-02-18 17:26:38.672,3.0,buy,3869.19,BTC-29MAR19-4500-C,56.18,0.0225,3.0,0,1550510798672,15569554,433
2019-02-18 17:40:45.037,0.1,buy,3858.32,BTC-29MAR19-4500-C,57.38,0.023,0.1,0,1550511645037,15570238,434
2019-02-18 17:40:45.037,0.3,buy,3858.32,BTC-29MAR19-4500-C,57.38,0.023,0.3,1,1550511645037,15570239,435
2019-02-18 17:54:03.691,0.1,buy,3851.69,BTC-29MAR19-4500-C,55.84,0.021,0.1,2,1550512443691,15570875,436
2019-02-18 17:54:03.691,1.1,buy,3851.69,BTC-29MAR19-4500-C,57.38,0.0225,1.1,0,1550512443691,15570876,437
2019-02-18 18:12:59.623,0.5,buy,3879.41,BTC-29MAR19-4500-C,57.45,0.024,0.5,0,1550513579623,15571990,438
2019-02-18 19:53:43.495,0.8,buy,3873.5,BTC-29MAR19-4500-C,57.03,0.0235,0.8,2,1550519623495,15577111,439
2019-02-18 19:53:49.300,0.6,buy,3873.75,BTC-29MAR19-4500-C,57.01,0.0235,0.6,3,1550519629300,15577144,440
2019-02-18 22:06:04.836,0.2,sell,3840.8,BTC-29MAR19-4500-C,56.8,0.0215,0.2,2,1550527564836,15582565,441
2019-02-18 22:06:04.836,0.2,sell,3840.8,BTC-29MAR19-4500-C,55.76,0.0205,0.2,2,1550527564836,15582566,442
2019-02-18 22:25:27.549,0.2,sell,3855.87,BTC-29MAR19-4500-C,57.04,0.0225,0.2,0,1550528727549,15584146,443
2019-02-18 22:25:27.549,0.2,sell,3855.87,BTC-29MAR19-4500-C,57.04,0.0225,0.2,1,1550528727549,15584147,444
2019-02-18 22:25:50.142,0.2,sell,3855.54,BTC-29MAR19-4500-C,57.08,0.0225,0.2,1,1550528750142,15584161,445
2019-02-18 22:27:38.644,0.2,sell,3850.93,BTC-29MAR19-4500-C,57.32,0.0225,0.2,1,1550528858644,15584307,446
2019-02-18 22:27:38.644,0.2,sell,3850.93,BTC-29MAR19-4500-C,56.81,0.022,0.2,2,1550528858644,15584308,447
2019-02-18 22:27:38.644,0.2,sell,3850.93,BTC-29MAR19-4500-C,55.77,0.021,0.2,2,1550528858644,15584310,449
2019-02-18 22:27:38.644,3.2,sell,3850.93,BTC-29MAR19-4500-C,55.25,0.0205,3.2,2,1550528858644,15584311,450
2019-02-18 22:27:38.644,0.2,sell,3850.93,BTC-29MAR19-4500-C,56.29,0.0215,0.2,2,1550528858644,15584309,448
2019-02-18 22:29:02.297,0.6,sell,3848.95,BTC-29MAR19-4500-C,54.73,0.02,0.6,2,1550528942297,15584345,453
2019-02-18 22:29:02.297,0.2,sell,3848.95,BTC-29MAR19-4500-C,57.33,0.0225,0.2,0,1550528942297,15584343,451
2019-02-18 22:29:02.297,0.2,sell,3848.95,BTC-29MAR19-4500-C,57.33,0.0225,0.2,1,1550528942297,15584344,452
2019-02-18 22:29:02.481,0.2,sell,3848.95,BTC-29MAR19-4500-C,57.33,0.0225,0.2,0,1550528942481,15584346,454
2019-02-18 22:37:57.960,0.9,buy,3849.95,BTC-29MAR19-4500-C,57.6,0.023,0.9,0,1550529477960,15584638,455
2019-02-18 22:56:48.625,0.2,sell,3855.38,BTC-29MAR19-4500-C,56.37,0.022,0.2,2,1550530608625,15584884,456
2019-02-18 23:09:36.578,0.2,buy,3870.89,BTC-29MAR19-4500-C,57.25,0.0235,0.2,0,1550531376578,15585529,457
2019-02-18 23:09:42.079,0.2,buy,3870.83,BTC-29MAR19-4500-C,57.76,0.024,0.2,0,1550531382079,15585532,458
2019-02-18 23:09:43.743,0.2,buy,3870.57,BTC-29MAR19-4500-C,57.76,0.024,0.2,1,1550531383743,15585534,459
2019-02-18 23:15:17.709,0.2,buy,3873.16,BTC-29MAR19-4500-C,58.66,0.025,0.2,0,1550531717709,15585740,460
2019-02-18 23:15:19.881,0.2,buy,3873.25,BTC-29MAR19-4500-C,58.65,0.025,0.2,1,1550531719881,15585746,461
2019-02-18 23:15:23.041,0.2,buy,3873.66,BTC-29MAR19-4500-C,58.62,0.025,0.2,1,1550531723041,15585750,462
2019-02-18 23:16:33.659,0.2,sell,3873.36,BTC-29MAR19-4500-C,58.62,0.025,0.2,1,1550531793659,15585809,463
2019-02-18 23:25:25.146,0.2,sell,3861.23,BTC-29MAR19-4500-C,58.75,0.0245,0.2,2,1550532325146,15586127,464
2019-02-18 23:33:01.530,0.2,sell,3858.54,BTC-29MAR19-4500-C,58.47,0.024,0.2,2,1550532781530,15586421,465
2019-02-18 23:33:01.530,0.2,sell,3858.54,BTC-29MAR19-4500-C,57.46,0.023,0.2,2,1550532781530,15586423,467
2019-02-18 23:33:01.530,0.2,sell,3858.54,BTC-29MAR19-4500-C,57.97,0.0235,0.2,2,1550532781530,15586422,466
2019-02-19 00:04:56.347,0.5,buy,3887.62,BTC-29MAR19-4500-C,57.5,0.025,0.5,0,1550534696347,15587946,468
2019-02-19 00:05:06.195,0.5,buy,3892.12,BTC-29MAR19-4500-C,57.23,0.025,0.5,1,1550534706195,15588025,469
2019-02-19 00:25:08.703,0.4,buy,3893.5,BTC-29MAR19-4500-C,59.08,0.027000000000000003,0.4,0,1550535908703,15590326,470
2019-02-19 00:38:05.919,0.5,buy,3915.44,BTC-29MAR19-4500-C,59.25,0.0285,0.5,0,1550536685919,15591584,471
2019-02-19 00:38:46.279,0.3,buy,3940.89,BTC-29MAR19-4500-C,59.03,0.03,0.3,0,1550536726279,15592482,472
2019-02-19 00:39:58.803,0.1,sell,3929.11,BTC-29MAR19-4500-C,59.92,0.03,0.1,1,1550536798803,15593326,473
2019-02-19 00:42:23.731,1.9,buy,3937.39,BTC-29MAR19-4500-C,59.38,0.03,1.9,1,1550536943731,15593827,474
2019-02-19 00:49:49.922,1.0,sell,3922.96,BTC-29MAR19-4500-C,58.87,0.0285,1.0,2,1550537389922,15596110,475
2019-02-19 02:42:31.214,10.0,buy,3868.69,BTC-29MAR19-4500-C,61.3,0.028,10.0,2,1550544151214,15605939,476
2019-02-19 03:04:28.092,0.2,buy,3861.88,BTC-29MAR19-4500-C,61.72,0.028,0.2,3,1550545468092,15606515,477
2019-02-19 03:04:28.092,9.8,buy,3861.88,BTC-29MAR19-4500-C,61.72,0.028,9.8,3,1550545468092,15606516,478
2019-02-19 06:16:52.669,0.1,buy,3870.15,BTC-29MAR19-4500-C,62.73,0.0295,0.1,0,1550557012669,15611365,479
2019-02-19 07:54:27.469,0.4,sell,3888.77,BTC-29MAR19-4500-C,59.35,0.027000000000000003,0.4,2,1550562867469,15613982,480
2019-02-19 07:54:27.803,0.4,sell,3888.82,BTC-29MAR19-4500-C,59.35,0.027000000000000003,0.4,3,1550562867803,15613983,481
2019-02-19 07:59:54.086,0.2,buy,3889.7,BTC-29MAR19-4500-C,60.75,0.0285,0.2,0,1550563194086,15614257,482
2019-02-19 07:59:54.086,0.8,buy,3889.7,BTC-29MAR19-4500-C,61.22,0.029,0.8,0,1550563194086,15614258,483
2019-02-19 11:00:13.528,0.2,buy,3872.05,BTC-29MAR19-4500-C,61.03,0.028,0.2,2,1550574013528,15620009,484
2019-02-19 11:00:13.556,3.0,sell,3872.05,BTC-29MAR19-4500-C,61.03,0.028,3.0,3,1550574013556,15620010,485
2019-02-19 11:06:25.189,0.4,sell,3873.69,BTC-29MAR19-4500-C,60.86,0.028,0.4,3,1550574385189,15620163,486
2019-02-19 11:08:41.388,0.4,sell,3871.48,BTC-29MAR19-4500-C,61.01,0.028,0.4,3,1550574521388,15620269,487
2019-02-19 11:09:14.891,0.2,buy,3870.93,BTC-29MAR19-4500-C,61.52,0.0285,0.2,0,1550574554891,15620272,488
2019-02-19 11:09:21.051,0.2,buy,3870.92,BTC-29MAR19-4500-C,61.52,0.0285,0.2,1,1550574561051,15620273,489
2019-02-19 11:09:23.099,0.2,buy,3871.09,BTC-29MAR19-4500-C,61.51,0.0285,0.2,1,1550574563099,15620274,490
2019-02-19 11:09:41.452,0.2,buy,3870.94,BTC-29MAR19-4500-C,61.52,0.0285,0.2,1,1550574581452,15620277,491
2019-02-19 11:09:43.421,0.2,buy,3870.98,BTC-29MAR19-4500-C,61.51,0.0285,0.2,1,1550574583421,15620278,492
2019-02-19 11:09:45.163,0.2,sell,3870.98,BTC-29MAR19-4500-C,61.51,0.0285,0.2,1,1550574585163,15620279,493
2019-02-19 11:09:47.653,0.2,sell,3871.26,BTC-29MAR19-4500-C,61.5,0.0285,0.2,1,1550574587653,15620280,494
2019-02-19 11:09:48.523,0.2,sell,3871.26,BTC-29MAR19-4500-C,61.5,0.0285,0.2,1,1550574588523,15620281,495
2019-02-19 11:09:49.435,0.2,buy,3871.26,BTC-29MAR19-4500-C,61.5,0.0285,0.2,1,1550574589435,15620283,496
2019-02-19 11:09:50.043,0.2,buy,3871.26,BTC-29MAR19-4500-C,61.5,0.0285,0.2,1,1550574590043,15620284,497
2019-02-19 11:09:51.130,0.2,sell,3871.3,BTC-29MAR19-4500-C,61.5,0.0285,0.2,1,1550574591130,15620285,498
2019-02-19 11:09:51.822,0.2,sell,3871.3,BTC-29MAR19-4500-C,61.5,0.0285,0.2,1,1550574591822,15620286,499
2019-02-19 11:09:55.284,2.0,sell,3871.93,BTC-29MAR19-4500-C,61.47,0.0285,2.0,1,1550574595284,15620287,500
2019-02-19 11:09:57.012,2.0,sell,3871.3,BTC-29MAR19-4500-C,61.51,0.0285,2.0,1,1550574597012,15620288,501
2019-02-19 11:09:58.567,0.2,buy,3871.3,BTC-29MAR19-4500-C,61.51,0.0285,0.2,1,1550574598567,15620290,502
2019-02-19 11:10:07.041,0.2,buy,3871.31,BTC-29MAR19-4500-C,61.51,0.0285,0.2,1,1550574607041,15620291,503
2019-02-19 11:47:03.250,0.5,sell,3865.84,BTC-29MAR19-4500-C,61.49,0.028,0.5,2,1550576823250,15621059,504
2019-02-19 11:49:55.847,0.9,sell,3872.05,BTC-29MAR19-4500-C,61.01,0.028,0.9,3,1550576995847,15621174,505
2019-02-19 11:50:16.751,0.7000000000000001,sell,3872.07,BTC-29MAR19-4500-C,60.97,0.028,0.7000000000000001,3,1550577016751,15621198,506
2019-02-19 11:56:28.973,0.7000000000000001,sell,3871.42,BTC-29MAR19-4500-C,60.85,0.028,0.7000000000000001,3,1550577388973,15621304,507
2019-02-19 11:56:54.639,0.7000000000000001,sell,3871.5,BTC-29MAR19-4500-C,60.86,0.028,0.7000000000000001,3,1550577414639,15621311,508
2019-02-19 11:57:25.202,0.7000000000000001,sell,3871.93,BTC-29MAR19-4500-C,60.86,0.028,0.7000000000000001,3,1550577445202,15621313,509
2019-02-19 12:07:38.516,0.4,buy,3880.01,BTC-29MAR19-4500-C,61.8,0.0295,0.4,0,1550578058516,15621802,510
2019-02-19 12:15:26.786,0.4,sell,3884.49,BTC-29MAR19-4500-C,60.32,0.028,0.4,2,1550578526786,15621992,511
2019-02-19 12:18:06.394,0.2,buy,3888.23,BTC-29MAR19-4500-C,60.59,0.0285,0.2,0,1550578686394,15622101,512
2019-02-19 12:20:13.799,0.2,buy,3890.57,BTC-29MAR19-4500-C,60.85,0.029,0.2,0,1550578813799,15622339,513
2019-02-19 12:20:48.996,0.4,sell,3891.31,BTC-29MAR19-4500-C,60.85,0.029,0.4,1,1550578848996,15622391,514
2019-02-19 12:23:09.980,0.2,buy,3890.15,BTC-29MAR19-4500-C,61.0,0.029,0.2,1,1550578989980,15622747,515
2019-02-19 12:25:47.589,0.2,buy,3891.11,BTC-29MAR19-4500-C,61.0,0.029,0.2,1,1550579147589,15622951,516
2019-02-19 12:25:56.955,0.5,sell,3892.36,BTC-29MAR19-4500-C,60.92,0.029,0.5,1,1550579156955,15622997,517
2019-02-19 12:26:02.051,0.6,sell,3892.25,BTC-29MAR19-4500-C,60.93,0.029,0.6,1,1550579162051,15623007,518
2019-02-19 12:26:08.009,0.2,buy,3892.02,BTC-29MAR19-4500-C,61.41,0.0295,0.2,0,1550579168009,15623012,519
2019-02-19 12:45:19.336,5.0,sell,3886.53,BTC-29MAR19-4500-C,60.33,0.028,5.0,2,1550580319336,15623373,520
2019-02-19 12:56:19.502,0.4,sell,3887.86,BTC-29MAR19-4500-C,60.16,0.028,0.4,3,1550580979502,15623721,521
2019-02-19 12:58:19.592,0.5,sell,3888.1,BTC-29MAR19-4500-C,60.18,0.028,0.5,3,1550581099592,15623742,522
2019-02-19 13:08:25.451,9.5,sell,3892.64,BTC-29MAR19-4500-C,60.0,0.028,9.5,3,1550581705451,15623942,524
2019-02-19 13:08:25.451,0.5,sell,3892.64,BTC-29MAR19-4500-C,60.0,0.028,0.5,3,1550581705451,15623941,523
2019-02-19 13:10:51.929,0.6,buy,3889.33,BTC-29MAR19-4500-C,60.56,0.0285,0.6,0,1550581851929,15624046,525
2019-02-19 13:13:12.363,0.5,buy,3891.27,BTC-29MAR19-4500-C,60.45,0.0285,0.5,1,1550581992363,15624089,526
2019-02-19 13:13:12.774,0.6,buy,3891.27,BTC-29MAR19-4500-C,60.45,0.0285,0.6,1,1550581992774,15624092,527
2019-02-19 13:13:19.242,0.5,buy,3891.24,BTC-29MAR19-4500-C,60.48,0.0285,0.5,1,1550581999242,15624103,528
2019-02-19 13:13:36.249,0.6,buy,3891.29,BTC-29MAR19-4500-C,60.51,0.0285,0.6,1,1550582016249,15624105,529
2019-02-19 13:17:19.769,0.4,buy,3907.77,BTC-29MAR19-4500-C,60.07,0.029,0.4,0,1550582239769,15624759,530
2019-02-19 13:17:51.727,0.4,sell,3905.37,BTC-29MAR19-4500-C,59.63,0.0285,0.4,2,1550582271727,15624919,531
2019-02-19 13:22:05.943,0.5,buy,3908.26,BTC-29MAR19-4500-C,60.02,0.029,0.5,0,1550582525943,15625370,532
2019-02-19 13:22:09.576,0.1,buy,3908.31,BTC-29MAR19-4500-C,60.0,0.029,0.1,1,1550582529576,15625390,533
2019-02-19 13:22:38.386,0.8,buy,3921.67,BTC-29MAR19-4500-C,59.31,0.029,0.8,1,1550582558386,15625930,534
2019-02-19 13:23:37.469,0.5,buy,3924.07,BTC-29MAR19-4500-C,59.12,0.029,0.5,1,1550582617469,15626338,535
2019-02-19 13:24:36.756,0.5,buy,3928.8,BTC-29MAR19-4500-C,58.91,0.029,0.5,1,1550582676756,15626679,536
2019-02-19 13:24:42.845,0.5,buy,3931.9,BTC-29MAR19-4500-C,58.72,0.029,0.5,1,1550582682845,15626770,537
2019-02-19 13:24:49.543,0.5,buy,3930.83,BTC-29MAR19-4500-C,58.79,0.029,0.5,1,1550582689543,15626808,538
2019-02-19 13:24:56.937,0.6,buy,3930.43,BTC-29MAR19-4500-C,58.86,0.029,0.6,1,1550582696937,15626869,539
2019-02-19 13:26:04.182,0.6,buy,3931.26,BTC-29MAR19-4500-C,58.95,0.029,0.6,1,1550582764182,15627133,540
2019-02-19 13:26:04.702,0.4,buy,3931.8,BTC-29MAR19-4500-C,58.94,0.029,0.4,1,1550582764702,15627136,541
2019-02-19 13:26:10.341,0.4,buy,3932.4,BTC-29MAR19-4500-C,59.77,0.03,0.4,0,1550582770341,15627152,542
2019-02-19 13:30:24.216,0.5,buy,3926.44,BTC-29MAR19-4500-C,59.97,0.03,0.5,1,1550583024216,15628207,543
2019-02-19 13:31:21.896,0.6,buy,3917.1,BTC-29MAR19-4500-C,60.59,0.03,0.6,1,1550583081896,15628598,544
2019-02-19 13:47:24.879,0.5,buy,3938.29,BTC-29MAR19-4500-C,59.27,0.03,0.5,1,1550584044879,15631722,545
2019-02-19 13:47:47.271,0.5,buy,3939.34,BTC-29MAR19-4500-C,59.23,0.03,0.5,1,1550584067271,15631767,546
2019-02-19 13:49:21.829,0.5,buy,3945.98,BTC-29MAR19-4500-C,58.96,0.03,0.5,1,1550584161829,15632707,547
2019-02-19 13:49:41.005,7.0,buy,3949.09,BTC-29MAR19-4500-C,58.77,0.03,7.0,1,1550584181005,15632861,548
2019-02-19 14:02:01.600,1.0,buy,3969.83,BTC-29MAR19-4500-C,60.47,0.033,1.0,0,1550584921600,15637596,549
2019-02-19 14:51:34.439,7.4,buy,3929.5,BTC-29MAR19-4500-C,59.63,0.0295,7.4,2,1550587894439,15645069,550
2019-02-19 15:05:05.759,0.2,buy,3945.05,BTC-29MAR19-4500-C,59.01,0.0295,0.2,3,1550588705759,15646648,551
2019-02-19 21:36:43.303,0.1,sell,3926.88,BTC-29MAR19-4500-C,58.88,0.028,0.1,2,1550612203303,15662515,552
2019-02-20 00:20:42.838,0.4,sell,3883.91,BTC-29MAR19-4500-C,57.34,0.024,0.4,2,1550622042838,15670363,554
2019-02-20 00:20:42.838,0.1,sell,3883.91,BTC-29MAR19-4500-C,58.34,0.025,0.1,2,1550622042838,15670362,553
2019-02-20 12:01:29.833,1.0,sell,3927.25,BTC-29MAR19-4500-C,56.35,0.0255,1.0,0,1550664089833,15691318,555
2019-02-20 14:14:45.848,1.0,sell,3911.89,BTC-29MAR19-4500-C,56.63,0.024,1.0,2,1550672085848,15700922,556
2019-02-20 16:01:10.849,0.2,buy,3908.99,BTC-29MAR19-4500-C,57.3,0.025,0.2,0,1550678470849,15704623,557
2019-02-20 16:02:20.327,1.4,buy,3909.85,BTC-29MAR19-4500-C,57.79,0.0255,1.4,0,1550678540327,15704636,558
2019-02-20 16:32:25.867,0.6,sell,3925.1,BTC-29MAR19-4500-C,56.08,0.0245,0.6,2,1550680345867,15705395,559
2019-02-20 16:33:14.428,0.7000000000000001,sell,3918.98,BTC-29MAR19-4500-C,56.38,0.0245,0.7000000000000001,3,1550680394428,15705480,560
2019-02-20 16:33:35.773,0.7000000000000001,sell,3920.32,BTC-29MAR19-4500-C,56.35,0.0245,0.7000000000000001,3,1550680415773,15705496,561
2019-02-20 16:33:51.280,0.7000000000000001,sell,3919.82,BTC-29MAR19-4500-C,56.38,0.0245,0.7000000000000001,3,1550680431280,15705500,562
2019-02-20 16:41:43.848,0.7000000000000001,sell,3921.22,BTC-29MAR19-4500-C,55.84,0.024,0.7000000000000001,2,1550680903848,15705709,563
2019-02-20 16:50:24.830,0.7000000000000001,sell,3916.83,BTC-29MAR19-4500-C,55.97,0.024,0.7000000000000001,3,1550681424830,15705809,564
2019-02-20 16:53:06.455,0.8,sell,3918.7,BTC-29MAR19-4500-C,55.95,0.024,0.8,3,1550681586455,15705841,565
2019-02-20 17:24:50.934,0.7000000000000001,sell,3925.23,BTC-29MAR19-4500-C,55.72,0.024,0.7000000000000001,3,1550683490934,15706491,566
2019-02-20 17:49:36.386,4.0,buy,3916.71,BTC-29MAR19-4500-C,57.02,0.025,4.0,0,1550684976386,15707067,567
2019-02-20 19:58:15.622,2.0,buy,3924.0,BTC-29MAR19-4500-C,60.13,0.0285,2.0,0,1550692695622,15709470,569
2019-02-20 19:58:15.622,6.0,buy,3924.0,BTC-29MAR19-4500-C,59.65,0.028,6.0,0,1550692695622,15709469,568
2019-02-20 19:58:15.622,5.0,buy,3924.0,BTC-29MAR19-4500-C,60.13,0.0285,5.0,1,1550692695622,15709471,570
2019-02-20 19:58:15.631,8.5,sell,3924.0,BTC-29MAR19-4500-C,62.5,0.031,8.5,0,1550692695631,15709472,571
2019-02-20 22:09:07.166,0.1,buy,3919.14,BTC-29MAR19-4500-C,56.95,0.025,0.1,2,1550700547166,15712869,572
2019-02-21 03:21:53.349,1.0,sell,3920.71,BTC-29MAR19-4500-C,55.78,0.0235,1.0,2,1550719313349,15718855,573
2019-02-21 09:03:59.952,3.0,sell,3892.97,BTC-29MAR19-4500-C,58.85,0.025,3.0,0,1550739839952,15734450,574
2019-02-21 09:32:31.017,10.0,sell,3916.65,BTC-29MAR19-4500-C,56.98,0.0245,10.0,2,1550741551017,15736280,575
2019-02-21 11:58:23.776,0.5,sell,3893.13,BTC-29MAR19-4500-C,54.96,0.0215,0.5,2,1550750303776,15741772,576
2019-02-21 12:11:52.601,9.8,buy,3893.23,BTC-29MAR19-4500-C,58.09,0.0245,9.8,0,1550751112601,15742223,578
2019-02-21 12:11:52.601,0.2,buy,3893.23,BTC-29MAR19-4500-C,57.59,0.024,0.2,0,1550751112601,15742222,577
2019-02-21 12:33:11.026,10.0,sell,3896.54,BTC-29MAR19-4500-C,56.28,0.023,10.0,2,1550752391026,15742757,579
2019-02-21 13:37:57.826,0.5,buy,3911.55,BTC-29MAR19-4500-C,56.65,0.024,0.5,0,1550756277826,15744477,580
2019-02-21 13:47:34.739,1.0,buy,3907.67,BTC-29MAR19-4500-C,56.67,0.024,1.0,1,1550756854739,15744663,581
2019-02-21 14:24:02.973,1.5,buy,3899.65,BTC-29MAR19-4500-C,56.8,0.0235,1.5,2,1550759042973,15745050,582
2019-02-21 15:21:14.874,0.1,sell,3893.45,BTC-29MAR19-4500-C,56.08,0.0225,0.1,2,1550762474874,15745742,583
2019-02-21 15:33:23.527,4.7,buy,3892.45,BTC-29MAR19-4500-C,57.14,0.0235,4.7,0,1550763203527,15745996,584
2019-02-21 15:33:23.527,5.2,buy,3892.45,BTC-29MAR19-4500-C,57.14,0.0235,5.2,1,1550763203527,15745997,585
2019-02-21 18:36:49.581,0.2,sell,3890.63,BTC-29MAR19-4500-C,54.7,0.021,0.2,2,1550774209581,15748034,586
2019-02-22 03:46:02.818,1.0,buy,3914.97,BTC-29MAR19-4500-C,56.1,0.0235,1.0,0,1550807162818,15755206,587
2019-02-22 07:09:21.573,0.1,sell,3901.31,BTC-29MAR19-4500-C,55.69,0.022000000000000002,0.1,2,1550819361573,15757851,588
2019-02-22 07:09:21.573,0.6,sell,3901.31,BTC-29MAR19-4500-C,55.16,0.0215,0.6,2,1550819361573,15757852,589
2019-02-22 08:17:28.558,10.0,sell,3894.29,BTC-29MAR19-4500-C,56.44,0.022000000000000002,10.0,0,1550823448558,15760521,590
2019-02-22 12:40:20.147,5.0,buy,3941.8,BTC-29MAR19-4500-C,55.32,0.024,5.0,0,1550839220147,15770927,591
2019-02-22 14:51:02.331,1.0,buy,3946.29,BTC-29MAR19-4500-C,57.07,0.026000000000000002,1.0,0,1550847062331,15778567,592
2019-02-22 14:51:02.331,1.0,buy,3946.29,BTC-29MAR19-4500-C,57.07,0.026000000000000002,1.0,1,1550847062331,15778569,594
2019-02-22 14:51:02.331,1.0,buy,3946.29,BTC-29MAR19-4500-C,57.07,0.026000000000000002,1.0,1,1550847062331,15778568,593
2019-02-22 14:59:06.376,2.0,sell,3942.86,BTC-29MAR19-4500-C,57.13,0.026000000000000002,2.0,1,1550847546376,15778779,595
2019-02-22 14:59:45.664,1.0,sell,3943.45,BTC-29MAR19-4500-C,57.13,0.026000000000000002,1.0,1,1550847585664,15778789,596
2019-02-22 15:00:27.986,1.0,buy,3944.24,BTC-29MAR19-4500-C,57.59,0.0265,1.0,0,1550847627986,15778799,597
2019-02-22 15:04:54.667,1.0,buy,3945.44,BTC-29MAR19-4500-C,57.63,0.0265,1.0,1,1550847894667,15778887,598
2019-02-22 18:21:39.775,0.8,sell,3941.12,BTC-29MAR19-4500-C,56.96,0.025,0.8,2,1550859699775,15785767,599
2019-02-23 03:38:03.758,0.8,buy,3938.18,BTC-29MAR19-4500-C,59.11,0.0265,0.8,0,1550893083758,15793231,600
2019-02-23 17:07:15.340,0.8,sell,3996.74,BTC-29MAR19-4500-C,59.04,0.0285,0.8,0,1550941635340,15810724,601
2019-02-23 17:14:48.283,0.8,sell,3964.62,BTC-29MAR19-4500-C,59.7,0.0275,0.8,2,1550942088283,15816177,602
2019-02-23 17:14:50.273,4.2,buy,3964.62,BTC-29MAR19-4500-C,59.2,0.027000000000000003,4.2,2,1550942090273,15816184,603
2019-02-23 17:15:19.262,0.8,buy,3975.51,BTC-29MAR19-4500-C,61.52,0.03,0.8,0,1550942119262,15816381,604
2019-02-23 17:17:13.900,0.8,buy,3977.47,BTC-29MAR19-4500-C,61.5,0.03,0.8,1,1550942233900,15817439,605
2019-02-23 17:20:35.794,0.8,sell,3987.9,BTC-29MAR19-4500-C,58.94,0.028,0.8,2,1550942435794,15818074,606
2019-02-23 17:20:38.660,2.2,sell,3987.91,BTC-29MAR19-4500-C,58.94,0.028,2.2,3,1550942438660,15818083,608
2019-02-23 17:20:38.660,3.8,sell,3987.91,BTC-29MAR19-4500-C,58.94,0.028,3.8,3,1550942438660,15818082,607
2019-02-23 17:42:16.502,4.1,buy,4043.56,BTC-29MAR19-4500-C,59.79,0.0325,4.1,0,1550943736502,15824033,609
2019-02-23 17:42:21.524,3.2,buy,4042.62,BTC-29MAR19-4500-C,59.87,0.0325,3.2,1,1550943741524,15824045,611
2019-02-23 17:42:21.524,0.9,buy,4042.62,BTC-29MAR19-4500-C,59.87,0.0325,0.9,1,1550943741524,15824044,610
2019-02-23 17:42:26.598,4.1,buy,4041.81,BTC-29MAR19-4500-C,59.93,0.0325,4.1,1,1550943746598,15824058,612
2019-02-23 17:42:31.617,4.1,buy,4040.47,BTC-29MAR19-4500-C,60.02,0.0325,4.1,1,1550943751617,15824064,613
2019-02-23 17:42:36.637,4.1,buy,4040.16,BTC-29MAR19-4500-C,60.01,0.0325,4.1,1,1550943756637,15824076,614
2019-02-23 17:42:41.661,0.5,buy,4039.47,BTC-29MAR19-4500-C,60.07,0.0325,0.5,1,1550943761661,15824101,615
2019-02-23 17:42:46.145,3.7,sell,4037.77,BTC-29MAR19-4500-C,60.62,0.033,3.7,0,1550943766145,15824120,616
2019-02-23 17:43:16.922,4.9,sell,4040.28,BTC-29MAR19-4500-C,60.85,0.0335,4.9,1,1550943796922,15824299,618
2019-02-23 17:43:16.922,4.9,sell,4040.28,BTC-29MAR19-4500-C,60.85,0.0335,4.9,0,1550943796922,15824298,617
2019-02-23 17:43:16.922,2.7,sell,4040.28,BTC-29MAR19-4500-C,60.85,0.0335,2.7,1,1550943796922,15824300,619
2019-02-23 17:45:46.156,4.7,sell,4048.37,BTC-29MAR19-4500-C,58.54,0.0315,4.7,2,1550943946156,15824762,621
2019-02-23 17:45:46.156,5.0,sell,4048.37,BTC-29MAR19-4500-C,55.69,0.0285,5.0,2,1550943946156,15824763,622
2019-02-23 17:45:46.156,2.0,sell,4048.37,BTC-29MAR19-4500-C,42.99,0.016,2.0,2,1550943946156,15824766,625
2019-02-23 17:45:46.156,1.0,sell,4048.37,BTC-29MAR19-4500-C,52.29,0.025,1.0,2,1550943946156,15824764,623
2019-02-23 17:45:46.156,12.0,sell,4048.37,BTC-29MAR19-4500-C,59.48,0.0325,12.0,2,1550943946156,15824761,620
2019-02-23 17:45:46.156,3.0,sell,4048.37,BTC-29MAR19-4500-C,51.8,0.0245,3.0,2,1550943946156,15824765,624
2019-02-23 17:45:46.240,3.0,buy,4048.37,BTC-29MAR19-4500-C,42.44,0.0155,3.0,2,1550943946240,15824769,626
2019-02-23 17:45:47.882,0.6,buy,4047.57,BTC-29MAR19-4500-C,42.48,0.0155,0.6,3,1550943947882,15824776,627
2019-02-23 17:45:58.698,0.8,sell,4045.49,BTC-29MAR19-4500-C,59.21,0.032,0.8,0,1550943958698,15824810,628
2019-02-23 17:46:03.807,4.7,sell,4043.75,BTC-29MAR19-4500-C,57.9,0.0305,4.7,2,1550943963807,15824847,629
2019-02-23 17:46:03.807,5.0,sell,4043.75,BTC-29MAR19-4500-C,54.54,0.027000000000000003,5.0,2,1550943963807,15824848,630
2019-02-23 17:46:04.409,3.0,buy,4043.75,BTC-29MAR19-4500-C,42.71,0.0155,3.0,2,1550943964409,15824856,631
2019-02-23 17:46:04.959,12.0,buy,4043.43,BTC-29MAR19-4500-C,42.71,0.0155,12.0,3,1550943964959,15824857,632
2019-02-23 17:46:05.279,2.0,buy,4043.43,BTC-29MAR19-4500-C,42.71,0.0155,2.0,3,1550943965279,15824859,633
2019-02-23 17:46:05.432,4.6000000000000005,buy,4043.43,BTC-29MAR19-4500-C,42.71,0.0155,4.6000000000000005,3,1550943965432,15824860,634
2019-02-23 17:46:08.815,5.8,sell,4044.53,BTC-29MAR19-4500-C,56.44,0.029,5.8,0,1550943968815,15824871,635
2019-02-23 17:46:10.697,2.0,buy,4045.08,BTC-29MAR19-4500-C,42.67,0.0155,2.0,2,1550943970697,15824873,636
2019-02-23 17:46:18.515,12.1,buy,4046.24,BTC-29MAR19-4500-C,42.65,0.0155,12.1,3,1550943978515,15824885,637
2019-02-23 17:46:19.681,11.4,buy,4046.54,BTC-29MAR19-4500-C,42.65,0.0155,11.4,3,1550943979681,15824888,638
2019-02-23 17:48:53.680,6.9,buy,4052.62,BTC-29MAR19-4500-C,60.5,0.034,6.9,0,1550944133680,15826217,640
2019-02-23 17:48:53.680,5.3,buy,4052.62,BTC-29MAR19-4500-C,60.03,0.0335,5.3,0,1550944133680,15826216,639
2019-02-23 17:50:18.017,12.0,buy,4061.16,BTC-29MAR19-4500-C,60.5,0.0345,12.0,0,1550944218017,15826721,641
2019-02-23 17:50:18.025,4.6000000000000005,sell,4061.16,BTC-29MAR19-4500-C,60.5,0.0345,4.6000000000000005,1,1550944218025,15826722,642
2019-02-23 17:51:34.603,11.6,buy,4076.11,BTC-29MAR19-4500-C,59.8,0.035,11.6,0,1550944294603,15827232,643
2019-02-23 17:54:57.644,9.5,buy,4073.69,BTC-29MAR19-4500-C,61.74,0.037000000000000005,9.5,0,1550944497644,15828165,644
2019-02-23 18:18:20.388,10.5,buy,4097.64,BTC-29MAR19-4500-C,61.03,0.0385,10.5,0,1550945900388,15835922,645
2019-02-23 19:19:05.153,0.8,buy,4121.44,BTC-29MAR19-4500-C,60.01,0.0385,0.8,1,1550949545153,15840171,646
2019-02-23 19:19:06.025,0.8,buy,4121.62,BTC-29MAR19-4500-C,60.01,0.0385,0.8,1,1550949546025,15840173,647
2019-02-23 19:30:40.193,0.1,sell,4122.29,BTC-29MAR19-4500-C,59.05,0.0375,0.1,2,1550950240193,15841686,648
2019-02-23 19:31:29.482,1.0,sell,4119.51,BTC-29MAR19-4500-C,59.15,0.0375,1.0,3,1550950289482,15841707,649
2019-02-23 20:40:46.667,0.3,sell,4141.64,BTC-29MAR19-4500-C,58.71,0.0385,0.3,0,1550954446667,15846511,650
2019-02-23 20:49:20.753,10.0,buy,4154.91,BTC-29MAR19-4500-C,58.87,0.04,10.0,0,1550954960753,15847347,651
2019-02-23 20:49:24.660,10.0,buy,4154.87,BTC-29MAR19-4500-C,58.84,0.04,10.0,1,1550954964660,15847363,652
2019-02-23 21:01:29.963,0.5,buy,4128.29,BTC-29MAR19-4500-C,60.76,0.04,0.5,1,1550955689963,15848981,653
2019-02-23 21:24:24.611,1.0,buy,4120.74,BTC-29MAR19-4500-C,60.67,0.0395,1.0,2,1550957064611,15850139,654
2019-02-23 22:40:06.849,5.0,buy,4118.27,BTC-29MAR19-4500-C,59.8,0.0385,5.0,2,1550961606849,15852622,655
2019-02-23 22:41:09.016,5.0,buy,4117.06,BTC-29MAR19-4500-C,60.25,0.039,5.0,0,1550961669016,15852647,656
2019-02-24 02:55:12.664,1.0,sell,4145.91,BTC-29MAR19-4500-C,58.7,0.039,1.0,1,1550976912664,15860169,657
2019-02-24 03:37:35.217,1.0,buy,4182.32,BTC-29MAR19-4500-C,59.35,0.042,1.0,0,1550979455217,15864049,658
2019-02-24 04:18:47.888,5.4,buy,4167.33,BTC-29MAR19-4500-C,59.75,0.0415,5.4,2,1550981927888,15866061,659
2019-02-24 10:00:16.876,0.1,buy,4133.01,BTC-29MAR19-4500-C,60.44,0.04,0.1,2,1551002416876,15875566,660
2019-02-24 14:11:28.110,0.5,sell,3997.95,BTC-29MAR19-4500-C,62.69,0.0325,0.5,2,1551017488110,15891252,661
2019-02-24 14:12:31.569,1.0,sell,3897.02,BTC-29MAR19-4500-C,63.58,0.025,1.0,2,1551017551569,15894355,662
2019-02-24 14:15:36.597,4.0,sell,3781.77,BTC-29MAR19-4500-C,63.22,0.0185,4.0,2,1551017736597,15899487,663
2019-02-24 14:21:30.600,1.0,buy,3828.88,BTC-29MAR19-4500-C,65.49,0.0215,1.0,0,1551018090600,15908111,664
2019-02-24 14:31:19.882,2.0,sell,3790.12,BTC-29MAR19-4500-C,60.28,0.0165,2.0,2,1551018679882,15916351,665
2019-02-24 14:34:56.108,1.0,sell,3780.94,BTC-29MAR19-4500-C,62.8,0.018000000000000002,1.0,0,1551018896108,15918487,666
2019-02-24 14:48:48.439,1.0,sell,3815.29,BTC-29MAR19-4500-C,63.12,0.0205,1.0,0,1551019728439,15925126,667
2019-02-24 14:56:30.866,0.8,buy,3788.66,BTC-29MAR19-4500-C,66.96,0.022,0.8,0,1551020190866,15928149,668
2019-02-24 15:08:07.798,1.9,buy,3802.02,BTC-29MAR19-4500-C,66.6,0.0225,1.9,0,1551020887798,15931412,669
2019-02-24 15:17:57.006,3.3000000000000003,sell,3806.85,BTC-29MAR19-4500-C,63.95,0.0205,3.3000000000000003,2,1551021477006,15932983,670
2019-02-24 15:18:12.912,5.7,sell,3806.08,BTC-29MAR19-4500-C,63.42,0.02,5.7,2,1551021492912,15933026,671
2019-02-24 15:32:44.930,3.0,sell,3791.55,BTC-29MAR19-4500-C,62.17,0.018000000000000002,3.0,2,1551022364930,15934962,672
2019-02-24 16:00:22.956,2.0,sell,3781.12,BTC-29MAR19-4500-C,61.78,0.0175,2.0,2,1551024022956,15938776,673
2019-02-24 16:18:58.669,3.8,sell,3768.41,BTC-29MAR19-4500-C,62.44,0.0175,3.8,3,1551025138669,15943936,675
2019-02-24 16:18:58.669,1.1,sell,3768.41,BTC-29MAR19-4500-C,62.44,0.0175,1.1,3,1551025138669,15943935,674
2019-02-24 16:19:19.471,6.2,sell,3766.44,BTC-29MAR19-4500-C,62.01,0.017,6.2,2,1551025159471,15943971,676
2019-02-24 16:21:28.368,7.0,sell,3759.24,BTC-29MAR19-4500-C,62.32,0.017,7.0,3,1551025288368,15944169,677
2019-02-24 16:25:02.443,2.1,sell,3753.32,BTC-29MAR19-4500-C,61.98,0.0165,2.1,2,1551025502443,15945100,678
2019-02-24 16:34:28.231,4.0,sell,3738.31,BTC-29MAR19-4500-C,63.29,0.017,4.0,0,1551026068231,15946793,679
2019-02-24 23:48:51.142,2.0,sell,3755.08,BTC-29MAR19-4500-C,61.91,0.0165,2.0,2,1551052131142,15965499,680
2019-02-24 23:49:09.323,6.5,sell,3739.06,BTC-29MAR19-4500-C,62.08,0.016,6.5,2,1551052149323,15965746,681
2019-02-24 23:49:26.580,2.0,buy,3740.31,BTC-29MAR19-4500-C,61.79,0.016,2.0,3,1551052166580,15965845,682
2019-02-24 23:50:20.542,9.5,buy,3744.25,BTC-29MAR19-4500-C,61.72,0.016,9.5,3,1551052220542,15966026,683
2019-02-24 23:53:01.450,1.0,buy,3737.57,BTC-29MAR19-4500-C,62.03,0.016,1.0,3,1551052381450,15966547,684
2019-02-25 05:03:22.224,1.0,sell,3778.64,BTC-29MAR19-4500-C,62.68,0.018000000000000002,1.0,0,1551071002224,15975149,685
2019-02-25 07:41:03.097,1.0,sell,3770.08,BTC-29MAR19-4500-C,63.11,0.018000000000000002,1.0,1,1551080463097,15979740,686
2019-02-25 08:56:16.099,4.0,sell,3772.62,BTC-29MAR19-4500-C,62.99,0.018000000000000002,4.0,1,1551084976099,15980894,687
2019-02-25 10:22:19.583,1.0,sell,3745.18,BTC-29MAR19-4500-C,64.84,0.018000000000000002,1.0,1,1551090139583,15983069,688
2019-02-25 11:13:22.850,0.1,buy,3783.4,BTC-29MAR19-4500-C,64.37,0.0195,0.1,0,1551093202850,15985730,689
2019-02-25 13:59:21.242,5.9,buy,3789.58,BTC-29MAR19-4500-C,61.06,0.017,5.9,2,1551103161242,15988712,690
2019-02-25 15:31:53.277,7.4,buy,3783.94,BTC-29MAR19-4500-C,63.3,0.0185,7.4,0,1551108713277,15991218,691
2019-02-25 15:31:53.277,17.5,buy,3783.94,BTC-29MAR19-4500-C,63.3,0.0185,17.5,1,1551108713277,15991219,692
2019-02-25 15:31:53.279,5.7,sell,3783.94,BTC-29MAR19-4500-C,63.3,0.0185,5.7,1,1551108713279,15991220,693
2019-02-25 15:31:57.604,17.400000000000002,sell,3783.94,BTC-29MAR19-4500-C,63.3,0.0185,17.400000000000002,1,1551108717604,15991225,694
2019-02-25 15:32:03.326,2.0,sell,3783.94,BTC-29MAR19-4500-C,63.3,0.0185,2.0,1,1551108723326,15991230,695
2019-02-25 16:59:32.678,16.3,sell,3832.27,BTC-29MAR19-4500-C,61.04,0.0185,16.3,1,1551113972678,15998333,697
2019-02-25 16:59:32.678,13.0,sell,3832.27,BTC-29MAR19-4500-C,61.04,0.0185,13.0,1,1551113972678,15998332,696
2019-02-25 17:01:16.814,9.0,sell,3830.12,BTC-29MAR19-4500-C,61.07,0.0185,9.0,1,1551114076814,15998522,698
2019-02-25 20:01:04.851,1.1,sell,3846.73,BTC-29MAR19-4500-C,60.13,0.0185,1.1,1,1551124864851,16006624,699
2019-02-26 02:46:38.649,16.4,sell,3821.58,BTC-29MAR19-4500-C,61.61,0.0185,16.4,1,1551149198649,16014822,700
2019-02-26 02:46:46.537,13.6,buy,3821.54,BTC-29MAR19-4500-C,61.61,0.0185,13.6,1,1551149206537,16014835,701
2019-02-26 02:52:41.014,1.0,sell,3822.9,BTC-29MAR19-4500-C,59.84,0.017,1.0,2,1551149561014,16014894,702
2019-02-26 15:01:38.498,0.1,buy,3810.2,BTC-29MAR19-4500-C,60.4,0.0165,0.1,2,1551193298498,16034133,703
2019-02-26 15:05:11.127,0.1,buy,3810.7,BTC-29MAR19-4500-C,61.7,0.0175,0.1,0,1551193511127,16034175,705
2019-02-26 15:05:11.127,0.2,buy,3810.7,BTC-29MAR19-4500-C,61.07,0.017,0.2,0,1551193511127,16034174,704
2019-02-26 19:07:58.312,1.0,sell,3794.95,BTC-29MAR19-4500-C,59.46,0.015,1.0,2,1551208078312,16039687,706
2019-02-26 19:28:08.717,0.1,buy,3801.43,BTC-29MAR19-4500-C,60.29,0.016,0.1,0,1551209288717,16040379,707
2019-02-26 21:57:53.728,0.1,sell,3791.34,BTC-29MAR19-4500-C,59.55,0.015,0.1,3,1551218273728,16042836,709
2019-02-26 21:57:53.728,0.3,sell,3791.34,BTC-29MAR19-4500-C,59.55,0.015,0.3,2,1551218273728,16042835,708
2019-02-27 13:35:36.680,1.0,buy,3817.62,BTC-29MAR19-4500-C,59.68,0.0155,1.0,1,1551274536680,16055931,711
2019-02-27 13:35:36.680,1.0,buy,3817.62,BTC-29MAR19-4500-C,59.68,0.0155,1.0,0,1551274536680,16055930,710
2019-02-27 13:35:56.589,3.0,buy,3817.31,BTC-29MAR19-4500-C,60.33,0.016,3.0,0,1551274556589,16055937,712
2019-02-27 20:32:17.256,0.1,sell,3782.53,BTC-29MAR19-4500-C,59.56,0.013999999999999999,0.1,2,1551299537256,16065261,713
2019-02-27 20:32:17.256,0.1,sell,3782.53,BTC-29MAR19-4500-C,59.56,0.013999999999999999,0.1,3,1551299537256,16065262,714
2019-02-27 20:39:00.918,0.5,sell,3735.47,BTC-29MAR19-4500-C,57.51,0.011000000000000001,0.5,2,1551299940918,16072756,715
2019-02-27 20:40:05.056,1.0,sell,3735.11,BTC-29MAR19-4500-C,58.31,0.0115,1.0,0,1551300005056,16073055,716
2019-02-27 20:40:05.345,0.5,sell,3735.11,BTC-29MAR19-4500-C,58.31,0.0115,0.5,1,1551300005345,16073061,717
2019-02-27 20:45:27.233,0.5,sell,3723.17,BTC-29MAR19-4500-C,58.98,0.0115,0.5,1,1551300327233,16075074,718
2019-02-27 20:47:30.638,0.5,buy,3730.66,BTC-29MAR19-4500-C,60.93,0.013000000000000001,0.5,0,1551300450638,16075628,719
2019-02-27 20:47:31.360,0.5,buy,3730.66,BTC-29MAR19-4500-C,60.93,0.013000000000000001,0.5,1,1551300451360,16075641,720
2019-02-27 20:47:32.812,0.5,buy,3730.66,BTC-29MAR19-4500-C,60.93,0.013000000000000001,0.5,1,1551300452812,16075655,721
2019-02-27 20:47:33.966,0.5,buy,3730.66,BTC-29MAR19-4500-C,60.91,0.013000000000000001,0.5,1,1551300453966,16075662,722
2019-02-27 20:47:34.795,0.5,buy,3730.2,BTC-29MAR19-4500-C,60.94,0.013000000000000001,0.5,1,1551300454795,16075669,723
2019-02-27 20:47:35.585,0.5,buy,3729.56,BTC-29MAR19-4500-C,60.97,0.013000000000000001,0.5,1,1551300455585,16075683,724
2019-02-27 20:47:36.925,0.5,buy,3729.55,BTC-29MAR19-4500-C,60.97,0.013000000000000001,0.5,1,1551300456925,16075691,725
2019-02-27 20:47:40.454,0.5,buy,3729.45,BTC-29MAR19-4500-C,61.0,0.013000000000000001,0.5,1,1551300460454,16075716,726
2019-02-27 20:47:43.359,0.5,buy,3729.57,BTC-29MAR19-4500-C,61.01,0.013000000000000001,0.5,1,1551300463359,16075719,727
2019-02-27 20:47:49.403,0.5,buy,3730.51,BTC-29MAR19-4500-C,60.96,0.013000000000000001,0.5,1,1551300469403,16075751,728
2019-02-27 20:48:07.255,0.1,buy,3727.05,BTC-29MAR19-4500-C,61.13,0.013000000000000001,0.1,1,1551300487255,16075792,729
2019-02-27 20:48:07.606,0.1,buy,3726.36,BTC-29MAR19-4500-C,61.17,0.013000000000000001,0.1,1,1551300487606,16075793,730
2019-02-27 20:48:08.040,0.1,buy,3726.36,BTC-29MAR19-4500-C,61.17,0.013000000000000001,0.1,1,1551300488040,16075801,731
2019-02-27 20:48:08.562,0.1,buy,3726.36,BTC-29MAR19-4500-C,61.17,0.013000000000000001,0.1,1,1551300488562,16075804,732
2019-02-27 20:48:08.974,0.1,buy,3726.18,BTC-29MAR19-4500-C,61.18,0.013000000000000001,0.1,1,1551300488974,16075807,733
2019-02-27 20:48:10.456,0.1,buy,3726.43,BTC-29MAR19-4500-C,61.19,0.013000000000000001,0.1,1,1551300490456,16075816,734
2019-02-27 20:48:11.016,0.1,buy,3725.76,BTC-29MAR19-4500-C,61.19,0.013000000000000001,0.1,1,1551300491016,16075817,735
2019-02-27 20:48:11.674,0.1,buy,3725.05,BTC-29MAR19-4500-C,61.24,0.013000000000000001,0.1,1,1551300491674,16075818,736
2019-02-27 20:48:12.232,0.1,buy,3725.05,BTC-29MAR19-4500-C,61.24,0.013000000000000001,0.1,1,1551300492232,16075821,737
2019-02-27 20:48:13.652,0.1,buy,3725.19,BTC-29MAR19-4500-C,61.28,0.013000000000000001,0.1,1,1551300493652,16075826,738
2019-02-27 20:48:14.139,0.1,buy,3725.19,BTC-29MAR19-4500-C,61.28,0.013000000000000001,0.1,1,1551300494139,16075829,739
2019-02-27 20:48:14.604,0.1,buy,3725.19,BTC-29MAR19-4500-C,61.28,0.013000000000000001,0.1,1,1551300494604,16075830,740
2019-02-27 20:48:15.110,0.1,buy,3725.19,BTC-29MAR19-4500-C,61.28,0.013000000000000001,0.1,1,1551300495110,16075832,741
2019-02-27 20:48:16.607,0.1,buy,3723.17,BTC-29MAR19-4500-C,61.42,0.013000000000000001,0.1,1,1551300496607,16075836,742
2019-02-27 20:48:17.112,0.1,buy,3723.17,BTC-29MAR19-4500-C,61.42,0.013000000000000001,0.1,1,1551300497112,16075838,743
2019-02-27 20:48:17.331,0.1,buy,3723.17,BTC-29MAR19-4500-C,61.42,0.013000000000000001,0.1,1,1551300497331,16075840,744
2019-02-27 20:48:17.530,0.1,buy,3723.17,BTC-29MAR19-4500-C,61.42,0.013000000000000001,0.1,1,1551300497530,16075843,745
2019-02-27 20:48:18.651,2.6,sell,3722.82,BTC-29MAR19-4500-C,59.96,0.012,2.6,2,1551300498651,16075847,746
2019-02-27 20:48:20.034,0.1,buy,3722.24,BTC-29MAR19-4500-C,62.17,0.0135,0.1,0,1551300500034,16075850,747
2019-02-27 20:48:21.458,0.1,buy,3722.44,BTC-29MAR19-4500-C,62.2,0.0135,0.1,1,1551300501458,16075859,748
2019-02-27 20:48:21.927,0.1,buy,3722.47,BTC-29MAR19-4500-C,62.19,0.0135,0.1,1,1551300501927,16075862,749
2019-02-27 20:48:22.434,0.1,buy,3722.47,BTC-29MAR19-4500-C,62.19,0.0135,0.1,1,1551300502434,16075874,750
2019-02-27 20:48:22.683,0.1,buy,3723.46,BTC-29MAR19-4500-C,62.13,0.0135,0.1,1,1551300502683,16075886,751
2019-02-27 20:48:24.039,0.1,buy,3726.05,BTC-29MAR19-4500-C,61.97,0.0135,0.1,1,1551300504039,16075936,752
2019-02-27 20:48:24.594,0.1,buy,3726.06,BTC-29MAR19-4500-C,61.97,0.0135,0.1,1,1551300504594,16075941,753
2019-02-27 20:48:25.336,0.1,buy,3726.06,BTC-29MAR19-4500-C,61.97,0.0135,0.1,1,1551300505336,16075963,754
2019-02-27 20:48:25.832,0.1,buy,3727.58,BTC-29MAR19-4500-C,61.97,0.0135,0.1,1,1551300505832,16075969,755
2019-02-27 20:48:25.839,0.6,buy,3727.58,BTC-29MAR19-4500-C,61.97,0.0135,0.6,1,1551300505839,16075970,756
2019-02-27 20:48:26.330,0.1,buy,3727.58,BTC-29MAR19-4500-C,61.97,0.0135,0.1,1,1551300506330,16075980,757
2019-02-27 20:48:26.866,0.1,buy,3728.53,BTC-29MAR19-4500-C,61.89,0.0135,0.1,1,1551300506866,16075997,758
2019-02-27 20:48:27.405,0.1,buy,3728.53,BTC-29MAR19-4500-C,61.89,0.0135,0.1,1,1551300507405,16076004,759
2019-02-27 20:48:27.925,0.1,buy,3729.67,BTC-29MAR19-4500-C,61.77,0.0135,0.1,1,1551300507925,16076008,760
2019-02-27 20:48:28.392,0.1,buy,3729.67,BTC-29MAR19-4500-C,61.76,0.0135,0.1,1,1551300508392,16076011,761
2019-02-27 20:48:28.858,0.1,buy,3729.65,BTC-29MAR19-4500-C,61.76,0.0135,0.1,1,1551300508858,16076014,762
2019-02-27 20:48:29.267,0.1,buy,3729.65,BTC-29MAR19-4500-C,61.76,0.0135,0.1,1,1551300509267,16076017,763
2019-02-27 20:48:29.696,0.1,buy,3729.65,BTC-29MAR19-4500-C,61.76,0.0135,0.1,1,1551300509696,16076018,764
2019-02-27 20:48:30.181,0.1,buy,3729.65,BTC-29MAR19-4500-C,61.76,0.0135,0.1,1,1551300510181,16076019,765
2019-02-27 20:48:30.656,0.1,buy,3729.4,BTC-29MAR19-4500-C,61.79,0.0135,0.1,1,1551300510656,16076020,766
2019-02-27 20:48:31.177,0.1,buy,3729.4,BTC-29MAR19-4500-C,61.79,0.0135,0.1,1,1551300511177,16076023,767
2019-02-27 20:57:40.239,0.1,buy,3720.55,BTC-29MAR19-4500-C,59.39,0.0115,0.1,2,1551301060239,16077051,768
2019-02-27 20:57:40.642,0.1,sell,3720.55,BTC-29MAR19-4500-C,59.39,0.0115,0.1,3,1551301060642,16077053,769
2019-02-27 21:00:06.685,0.1,sell,3722.98,BTC-29MAR19-4500-C,59.97,0.012,0.1,0,1551301206685,16077189,770
2019-02-27 21:03:00.983,6.0,buy,3717.44,BTC-29MAR19-4500-C,61.71,0.013000000000000001,6.0,0,1551301380983,16077547,771
2019-02-27 21:07:58.986,0.5,buy,3723.06,BTC-29MAR19-4500-C,60.57,0.0125,0.5,2,1551301678986,16077991,772
2019-02-27 22:55:24.788,0.1,buy,3759.98,BTC-29MAR19-4500-C,59.42,0.013000000000000001,0.1,0,1551308124788,16083299,773
2019-02-28 02:11:54.970,7.0,buy,3810.46,BTC-29MAR19-4500-C,59.58,0.015,7.0,0,1551319914970,16092540,774
2019-02-28 15:38:47.189,0.1,buy,3873.27,BTC-29MAR19-4500-C,56.87,0.0155,0.1,0,1551368327189,16114168,775
2019-02-28 15:40:58.849,0.5,buy,3846.92,BTC-29MAR19-4500-C,59.81,0.0165,0.5,0,1551368458849,16116390,776
2019-02-28 15:45:00.623,0.1,buy,3841.33,BTC-29MAR19-4500-C,59.71,0.016,0.1,2,1551368700623,16118399,777
2019-02-28 17:17:05.414,0.1,sell,3804.73,BTC-29MAR19-4500-C,58.36,0.0135,0.1,2,1551374225414,16129992,778
2019-02-28 17:17:05.414,0.3,sell,3804.73,BTC-29MAR19-4500-C,58.36,0.0135,0.3,3,1551374225414,16129993,779
2019-03-01 08:00:05.393,0.1,buy,3809.74,BTC-29MAR19-4500-C,57.07,0.0125,0.1,2,1551427205393,16144748,780
2019-03-01 08:00:08.539,0.1,sell,3809.6,BTC-29MAR19-4500-C,57.08,0.0125,0.1,3,1551427208539,16144775,781
2019-03-01 08:00:10.852,0.1,sell,3809.6,BTC-29MAR19-4500-C,57.08,0.0125,0.1,3,1551427210852,16144786,782
2019-03-01 08:00:44.358,0.1,buy,3808.96,BTC-29MAR19-4500-C,57.86,0.013,0.1,0,1551427244358,16144879,783
2019-03-01 08:00:44.358,1.0,buy,3808.96,BTC-29MAR19-4500-C,57.86,0.013,1.0,1,1551427244358,16144880,784
2019-03-01 15:20:44.754,1.0,sell,3817.28,BTC-29MAR19-4500-C,55.54,0.0115,1.0,2,1551453644754,16151367,785
2019-03-01 15:20:44.754,1.0,sell,3817.28,BTC-29MAR19-4500-C,54.77,0.011,1.0,2,1551453644754,16151368,786
2019-03-01 15:41:50.030,125.0,sell,3816.9,BTC-29MAR19-4500-C,54.77,0.011000000000000001,125.0,3,1551454910030,16151522,787
2019-03-01 23:34:24.026,0.1,sell,3810.56,BTC-29MAR19-4500-C,55.31,0.011000000000000001,0.1,3,1551483264026,16160859,788
2019-03-01 23:34:25.111,0.1,sell,3810.56,BTC-29MAR19-4500-C,55.31,0.011000000000000001,0.1,3,1551483265111,16160860,789
2019-03-01 23:34:25.927,0.1,sell,3810.56,BTC-29MAR19-4500-C,55.31,0.011000000000000001,0.1,3,1551483265927,16160862,790
2019-03-01 23:34:26.710,0.1,sell,3810.56,BTC-29MAR19-4500-C,55.31,0.011000000000000001,0.1,3,1551483266710,16160863,791
2019-03-01 23:34:28.163,0.1,sell,3810.56,BTC-29MAR19-4500-C,55.33,0.011000000000000001,0.1,3,1551483268163,16160864,792
2019-03-01 23:34:29.108,0.1,sell,3810.56,BTC-29MAR19-4500-C,55.33,0.011000000000000001,0.1,3,1551483269108,16160867,793
2019-03-01 23:34:29.880,0.1,sell,3810.56,BTC-29MAR19-4500-C,55.33,0.011000000000000001,0.1,3,1551483269880,16160868,794
2019-03-02 04:04:25.108,0.1,sell,3811.39,BTC-29MAR19-4500-C,55.64,0.011000000000000001,0.1,3,1551499465108,16163168,795
2019-03-02 04:04:25.926,0.1,sell,3811.39,BTC-29MAR19-4500-C,55.64,0.011000000000000001,0.1,3,1551499465926,16163169,796
2019-03-02 04:04:32.160,0.1,sell,3811.39,BTC-29MAR19-4500-C,55.64,0.011000000000000001,0.1,3,1551499472160,16163170,797
2019-03-02 04:05:07.649,0.1,sell,3811.8,BTC-29MAR19-4500-C,55.65,0.011000000000000001,0.1,3,1551499507649,16163181,798
2019-03-02 04:05:09.899,0.1,sell,3811.78,BTC-29MAR19-4500-C,55.64,0.011000000000000001,0.1,3,1551499509899,16163182,799
2019-03-02 04:23:48.670,0.5,sell,3810.14,BTC-29MAR19-4500-C,55.86,0.011000000000000001,0.5,3,1551500628670,16163421,800
2019-03-02 04:31:19.555,0.2,sell,3807.91,BTC-29MAR19-4500-C,55.96,0.011000000000000001,0.2,3,1551501079555,16163508,801
2019-03-02 04:31:20.619,0.2,sell,3807.91,BTC-29MAR19-4500-C,55.96,0.011000000000000001,0.2,3,1551501080619,16163510,802
2019-03-02 04:44:35.770,16.0,sell,3798.47,BTC-29MAR19-4500-C,56.75,0.011,16.0,3,1551501875770,16164612,803
2019-03-02 05:28:48.341,0.1,buy,3801.96,BTC-29MAR19-4500-C,57.18,0.0115,0.1,0,1551504528341,16165653,804
2019-03-02 05:28:48.341,6.5,buy,3801.96,BTC-29MAR19-4500-C,57.18,0.0115,6.5,1,1551504528341,16165654,805
2019-03-02 05:28:48.341,4.4,buy,3801.96,BTC-29MAR19-4500-C,57.18,0.0115,4.4,1,1551504528341,16165655,806
2019-03-02 07:53:11.289,0.1,sell,3787.47,BTC-29MAR19-4500-C,57.25,0.011000000000000001,0.1,2,1551513191289,16167395,807
2019-03-02 07:53:11.312,0.1,sell,3787.47,BTC-29MAR19-4500-C,57.25,0.011000000000000001,0.1,3,1551513191312,16167396,808
2019-03-02 07:53:11.343,0.1,sell,3787.47,BTC-29MAR19-4500-C,57.25,0.011000000000000001,0.1,3,1551513191343,16167397,809
2019-03-02 07:53:11.376,0.1,sell,3787.47,BTC-29MAR19-4500-C,57.25,0.011000000000000001,0.1,3,1551513191376,16167398,810
2019-03-02 07:53:11.407,0.1,sell,3787.47,BTC-29MAR19-4500-C,57.25,0.011000000000000001,0.1,3,1551513191407,16167400,811
2019-03-02 07:53:11.736,0.1,sell,3787.45,BTC-29MAR19-4500-C,57.25,0.011000000000000001,0.1,3,1551513191736,16167401,812
2019-03-02 07:53:12.368,16.0,sell,3787.45,BTC-29MAR19-4500-C,57.25,0.011000000000000001,16.0,3,1551513192368,16167402,813
2019-03-02 07:53:13.270,0.1,sell,3787.45,BTC-29MAR19-4500-C,57.24,0.011000000000000001,0.1,3,1551513193270,16167403,814
2019-03-02 07:53:13.441,9.2,sell,3787.45,BTC-29MAR19-4500-C,57.24,0.011000000000000001,9.2,3,1551513193441,16167404,815
2019-03-02 09:36:52.161,0.1,sell,3798.26,BTC-29MAR19-4500-C,54.86,0.01,0.1,2,1551519412161,16173008,816
2019-03-02 09:36:52.161,3.9,sell,3798.26,BTC-29MAR19-4500-C,54.86,0.01,3.9,3,1551519412161,16173009,817
2019-03-02 11:09:49.450,0.8,buy,3802.16,BTC-29MAR19-4500-C,57.07,0.0115,0.8,0,1551524989450,16173856,818
2019-03-02 11:09:49.450,3.2,buy,3802.16,BTC-29MAR19-4500-C,57.07,0.0115,3.2,1,1551524989450,16173857,819
2019-03-02 13:17:25.121,6.8,buy,3816.24,BTC-29MAR19-4500-C,56.42,0.0115,6.8,1,1551532645121,16176201,820
2019-03-02 13:17:25.121,12.8,buy,3816.24,BTC-29MAR19-4500-C,56.42,0.0115,12.8,1,1551532645121,16176202,821
2019-03-02 13:30:53.610,65.0,sell,3815.08,BTC-29MAR19-4500-C,56.53,0.0115,65.0,1,1551533453610,16176317,822
2019-03-02 13:31:01.206,0.3,sell,3815.08,BTC-29MAR19-4500-C,56.54,0.0115,0.3,1,1551533461206,16176318,823
2019-03-02 13:42:09.110,15.1,sell,3812.39,BTC-29MAR19-4500-C,56.66,0.0115,15.1,1,1551534129110,16176378,824
2019-03-02 21:05:14.029,0.1,buy,3802.88,BTC-29MAR19-4500-C,56.9,0.011,0.1,2,1551560714029,16181321,825
2019-03-03 04:34:08.492,0.5,buy,3809.95,BTC-29MAR19-4500-C,56.5,0.011000000000000001,0.5,3,1551587648492,16184935,826
2019-03-03 09:43:02.420,0.5,buy,3809.62,BTC-29MAR19-4500-C,56.94,0.011000000000000001,0.5,3,1551606182420,16187718,827
2019-03-03 11:15:57.947,0.1,buy,3813.59,BTC-29MAR19-4500-C,56.87,0.011000000000000001,0.1,3,1551611757947,16188247,828
2019-03-03 11:16:00.331,0.1,buy,3813.58,BTC-29MAR19-4500-C,56.87,0.011000000000000001,0.1,3,1551611760331,16188251,829
2019-03-03 11:16:00.895,0.1,buy,3812.97,BTC-29MAR19-4500-C,56.9,0.011,0.1,3,1551611760895,16188254,830
2019-03-04 06:43:57.969,2.0,buy,3727.88,BTC-29MAR19-4500-C,59.1,0.009000000000000001,2.0,2,1551681837969,16220821,831
2019-03-04 07:08:33.346,8.0,buy,3730.67,BTC-29MAR19-4500-C,58.97,0.009000000000000001,8.0,3,1551683313346,16221274,832
2019-03-04 07:08:33.346,2.0,buy,3730.67,BTC-29MAR19-4500-C,58.97,0.009000000000000001,2.0,3,1551683313346,16221275,833
2019-03-04 07:16:57.005,0.1,sell,3731.65,BTC-29MAR19-4500-C,56.93,0.008,0.1,2,1551683817005,16221440,834
2019-03-04 07:17:08.265,0.1,sell,3732.57,BTC-29MAR19-4500-C,55.93,0.0075,0.1,2,1551683828265,16221448,835
2019-03-04 08:27:28.584,1.0,buy,3717.03,BTC-29MAR19-4500-C,59.0,0.0085,1.0,0,1551688048584,16223046,836
2019-03-04 10:28:17.773,0.1,sell,3693.03,BTC-29MAR19-4500-C,58.49,0.0075,0.1,2,1551695297773,16228457,837
2019-03-04 10:41:06.856,0.1,sell,3681.65,BTC-29MAR19-4500-C,59.17,0.0075,0.1,3,1551696066856,16230189,838
2019-03-04 10:41:08.310,0.1,sell,3681.65,BTC-29MAR19-4500-C,59.17,0.0075,0.1,3,1551696068310,16230195,839
2019-03-04 10:41:09.846,0.1,sell,3681.41,BTC-29MAR19-4500-C,59.18,0.0075,0.1,3,1551696069846,16230198,840
2019-03-04 10:41:10.062,0.1,sell,3681.41,BTC-29MAR19-4500-C,59.18,0.0075,0.1,3,1551696070062,16230199,841
2019-03-04 10:41:10.097,0.1,sell,3681.41,BTC-29MAR19-4500-C,59.18,0.0075,0.1,3,1551696070097,16230200,842
2019-03-04 10:41:10.130,0.1,sell,3681.41,BTC-29MAR19-4500-C,59.18,0.0075,0.1,3,1551696070130,16230201,843
2019-03-04 10:41:10.325,0.1,sell,3681.41,BTC-29MAR19-4500-C,59.18,0.0075,0.1,3,1551696070325,16230202,844
2019-03-04 10:41:11.918,0.1,sell,3681.2,BTC-29MAR19-4500-C,59.2,0.0075,0.1,3,1551696071918,16230213,845
2019-03-04 10:41:12.421,0.1,sell,3681.2,BTC-29MAR19-4500-C,59.2,0.0075,0.1,3,1551696072421,16230216,846
2019-03-04 11:12:42.581,0.6,sell,3695.55,BTC-29MAR19-4500-C,58.45,0.0075,0.6,3,1551697962581,16232701,847
2019-03-04 11:17:59.969,0.1,sell,3711.65,BTC-29MAR19-4500-C,57.54,0.0075,0.1,3,1551698279969,16233298,848
2019-03-04 11:18:00.045,0.1,sell,3711.65,BTC-29MAR19-4500-C,57.54,0.0075,0.1,3,1551698280045,16233299,849
2019-03-04 11:18:03.472,0.2,sell,3713.81,BTC-29MAR19-4500-C,57.45,0.0075,0.2,3,1551698283472,16233339,851
2019-03-04 11:18:03.472,0.1,sell,3713.81,BTC-29MAR19-4500-C,57.45,0.0075,0.1,3,1551698283472,16233338,850
2019-03-04 11:18:03.472,0.3,sell,3713.81,BTC-29MAR19-4500-C,55.35,0.0065,0.3,2,1551698283472,16233340,852
2019-03-04 18:40:11.982,1.0,sell,3708.77,BTC-29MAR19-4500-C,54.76,0.006,1.0,2,1551724811982,16242152,853
2019-03-04 19:50:30.296,5.0,buy,3705.88,BTC-29MAR19-4500-C,58.22,0.0075,5.0,0,1551729030296,16242746,854
2019-03-04 19:51:01.296,5.0,buy,3705.64,BTC-29MAR19-4500-C,58.22,0.0075,5.0,1,1551729061296,16242753,855
2019-03-05 06:27:57.536,0.7000000000000001,buy,3710.11,BTC-29MAR19-4500-C,56.96,0.006999999999999999,0.7000000000000001,2,1551767277536,16250098,856
2019-03-05 06:34:25.804,4.0,buy,3710.16,BTC-29MAR19-4500-C,56.96,0.006999999999999999,4.0,3,1551767665804,16250171,857
2019-03-05 06:35:55.439,5.3,buy,3710.14,BTC-29MAR19-4500-C,56.91,0.006999999999999999,5.3,3,1551767755439,16250207,858
2019-03-05 07:37:27.522,5.0,buy,3715.07,BTC-29MAR19-4500-C,57.87,0.0075,5.0,0,1551771447522,16250957,859
2019-03-05 09:20:39.155,0.1,sell,3722.8,BTC-29MAR19-4500-C,56.46,0.006999999999999999,0.1,2,1551777639155,16253385,860
2019-03-05 11:33:24.682,4.0,sell,3721.28,BTC-29MAR19-4500-C,56.63,0.006999999999999999,4.0,3,1551785604682,16254590,861
2019-03-05 11:33:25.651,0.1,sell,3721.35,BTC-29MAR19-4500-C,56.64,0.006999999999999999,0.1,3,1551785605651,16254597,862
2019-03-05 11:33:26.031,0.1,sell,3721.35,BTC-29MAR19-4500-C,56.64,0.006999999999999999,0.1,3,1551785606031,16254598,863
2019-03-05 11:38:32.473,0.2,sell,3718.38,BTC-29MAR19-4500-C,56.85,0.006999999999999999,0.2,3,1551785912473,16254638,864
2019-03-05 11:40:04.074,0.2,sell,3718.5,BTC-29MAR19-4500-C,56.85,0.006999999999999999,0.2,3,1551786004074,16254649,865
2019-03-05 11:58:22.651,0.6,sell,3725.16,BTC-29MAR19-4500-C,56.5,0.006999999999999999,0.6,3,1551787102651,16254805,866
2019-03-05 12:02:54.975,0.6,sell,3727.87,BTC-29MAR19-4500-C,56.3,0.006999999999999999,0.6,3,1551787374975,16254918,867
2019-03-05 12:46:28.898,38.8,sell,3734.56,BTC-29MAR19-4500-C,56.07,0.006999999999999999,38.8,3,1551789988898,16256522,868
2019-03-05 13:45:12.900,0.1,buy,3814.78,BTC-29MAR19-4500-C,54.63,0.0085,0.1,0,1551793512900,16266257,869
2019-03-05 13:45:17.650,0.1,buy,3814.27,BTC-29MAR19-4500-C,54.67,0.0085,0.1,1,1551793517650,16266299,870
2019-03-05 13:52:44.308,0.1,buy,3807.55,BTC-29MAR19-4500-C,54.9,0.0085,0.1,1,1551793964308,16268748,871
2019-03-05 13:52:44.851,0.1,buy,3807.62,BTC-29MAR19-4500-C,54.83,0.0085,0.1,1,1551793964851,16268751,872
2019-03-05 13:53:37.436,0.1,buy,3807.62,BTC-29MAR19-4500-C,54.88,0.0085,0.1,1,1551794017436,16268899,873
2019-03-05 13:53:37.651,0.1,buy,3809.12,BTC-29MAR19-4500-C,54.87,0.0085,0.1,1,1551794017651,16268908,874
2019-03-05 13:54:10.971,9.4,buy,3817.95,BTC-29MAR19-4500-C,54.2,0.0085,9.4,1,1551794050971,16269210,875
2019-03-05 13:54:21.969,0.1,buy,3826.84,BTC-29MAR19-4500-C,54.62,0.009000000000000001,0.1,0,1551794061969,16269540,876
2019-03-05 13:54:24.700,0.1,buy,3829.23,BTC-29MAR19-4500-C,54.49,0.009000000000000001,0.1,1,1551794064700,16269648,877
2019-03-05 14:54:21.402,0.5,buy,3818.85,BTC-29MAR19-4500-C,55.88,0.0095,0.5,0,1551797661402,16278441,878
2019-03-05 14:54:29.480,0.5,buy,3819.19,BTC-29MAR19-4500-C,55.87,0.0095,0.5,1,1551797669480,16278488,879
2019-03-05 15:14:33.565,9.0,buy,3823.98,BTC-29MAR19-4500-C,55.48,0.0095,9.0,1,1551798873565,16279903,880
2019-03-05 15:14:33.565,1.0,buy,3823.98,BTC-29MAR19-4500-C,55.48,0.0095,1.0,1,1551798873565,16279904,881
2019-03-05 16:08:32.133,0.1,buy,3848.77,BTC-29MAR19-4500-C,55.42,0.01,0.1,0,1551802112133,16285178,882
2019-03-05 16:08:36.570,0.1,buy,3847.75,BTC-29MAR19-4500-C,55.35,0.01,0.1,1,1551802116570,16285234,883
2019-03-05 16:08:38.132,0.1,buy,3847.8,BTC-29MAR19-4500-C,55.31,0.01,0.1,1,1551802118132,16285241,884
2019-03-06 05:28:18.749,0.8,sell,3824.64,BTC-29MAR19-4500-C,54.36,0.0085,0.8,2,1551850098749,16305056,885
2019-03-06 05:28:18.749,4.2,sell,3824.64,BTC-29MAR19-4500-C,53.41,0.008,4.2,2,1551850098749,16305057,886
2019-03-06 08:29:11.519,0.1,sell,3834.5,BTC-29MAR19-4500-C,53.91,0.0085,0.1,0,1551860951519,16308457,887
2019-03-06 10:45:13.722,0.5,buy,3878.64,BTC-29MAR19-4500-C,53.16,0.0095,0.5,0,1551869113722,16313192,888
2019-03-06 10:48:21.825,0.1,sell,3838.51,BTC-29MAR19-4500-C,54.4,0.009000000000000001,0.1,2,1551869301825,16315270,889
2019-03-06 10:48:23.414,0.1,sell,3837.23,BTC-29MAR19-4500-C,54.63,0.009000000000000001,0.1,3,1551869303414,16315304,890
2019-03-06 10:48:26.862,0.1,sell,3837.59,BTC-29MAR19-4500-C,54.71,0.009000000000000001,0.1,3,1551869306862,16315345,891
2019-03-06 10:48:31.188,0.1,sell,3837.54,BTC-29MAR19-4500-C,54.74,0.009000000000000001,0.1,3,1551869311188,16315408,892
2019-03-07 02:44:33.996,0.9,buy,3861.28,BTC-29MAR19-4500-C,54.93,0.0095,0.9,0,1551926673996,16335770,893
2019-03-07 03:00:04.679,9.0,buy,3867.6,BTC-29MAR19-4500-C,55.33,0.01,9.0,0,1551927604679,16335977,894
2019-03-07 08:39:20.314,10.0,sell,3850.07,BTC-29MAR19-4500-C,51.21,0.006999999999999999,10.0,2,1551947960314,16345338,895
2019-03-07 08:39:20.314,0.5,sell,3850.07,BTC-29MAR19-4500-C,51.21,0.006999999999999999,0.5,3,1551947960314,16345339,896
2019-03-07 08:48:32.236,10.0,buy,3847.17,BTC-29MAR19-4500-C,51.4,0.006999999999999999,10.0,3,1551948512236,16345568,897
2019-03-07 09:00:54.399,10.0,buy,3845.65,BTC-29MAR19-4500-C,51.4,0.006999999999999999,10.0,3,1551949254399,16345878,898
2019-03-07 09:01:38.851,0.3,sell,3845.5,BTC-29MAR19-4500-C,49.36,0.006,0.3,3,1551949298851,16345893,900
2019-03-07 09:01:38.851,19.2,sell,3845.5,BTC-29MAR19-4500-C,49.36,0.006,19.2,3,1551949298851,16345894,901
2019-03-07 09:01:38.851,10.0,sell,3845.5,BTC-29MAR19-4500-C,49.36,0.006,10.0,2,1551949298851,16345892,899
2019-03-07 10:37:13.366,5.0,buy,3841.87,BTC-29MAR19-4500-C,49.51,0.006,5.0,3,1551955033366,16348444,902
2019-03-07 10:37:33.000,5.0,buy,3840.49,BTC-29MAR19-4500-C,49.57,0.006,5.0,3,1551955053000,16348459,903
2019-03-07 10:37:34.839,0.5,buy,3840.48,BTC-29MAR19-4500-C,49.57,0.006,0.5,3,1551955054839,16348460,904
2019-03-07 10:38:41.285,6.2,sell,3840.65,BTC-29MAR19-4500-C,49.55,0.006,6.2,3,1551955121285,16348497,905
2019-03-07 12:28:08.836,10.0,buy,3853.68,BTC-29MAR19-4500-C,50.14,0.0065,10.0,0,1551961688836,16350103,906
2019-03-07 14:03:58.087,2.0,sell,3848.27,BTC-29MAR19-4500-C,50.34,0.0065,2.0,1,1551967438087,16352614,907
2019-03-07 16:04:05.119,10.0,buy,3869.65,BTC-29MAR19-4500-C,49.35,0.0065,10.0,1,1551974645119,16358475,908
2019-03-07 17:19:18.199,10.0,buy,3870.57,BTC-29MAR19-4500-C,50.33,0.006999999999999999,10.0,0,1551979158199,16359545,909
2019-03-07 17:19:18.199,10.0,buy,3870.57,BTC-29MAR19-4500-C,50.33,0.006999999999999999,10.0,1,1551979158199,16359546,910
2019-03-07 17:19:47.203,10.0,buy,3871.31,BTC-29MAR19-4500-C,50.34,0.006999999999999999,10.0,1,1551979187203,16359553,911
2019-03-07 17:46:57.176,25.0,sell,3866.49,BTC-29MAR19-4500-C,49.49,0.0065,25.0,2,1551980817176,16360137,912
2019-03-07 17:46:58.171,22.7,buy,3866.49,BTC-29MAR19-4500-C,49.49,0.0065,22.7,3,1551980818171,16360138,913
2019-03-07 18:23:55.048,4.8,buy,3863.74,BTC-29MAR19-4500-C,50.75,0.006999999999999999,4.8,0,1551983035048,16360968,914
2019-03-07 23:49:27.565,20.0,sell,3852.7,BTC-29MAR19-4500-C,49.39,0.006,20.0,2,1552002567565,16364132,915
2019-03-08 00:30:10.039,75.0,sell,3860.88,BTC-29MAR19-4500-C,49.1,0.006,75.0,3,1552005010039,16364467,916
2019-03-08 04:17:54.910,1.0,buy,3857.31,BTC-29MAR19-4500-C,49.56,0.006,1.0,3,1552018674910,16367058,917
2019-03-08 04:18:05.523,1.5,buy,3857.18,BTC-29MAR19-4500-C,49.56,0.006,1.5,3,1552018685523,16367059,918
2019-03-08 09:01:53.444,20.0,sell,3860.93,BTC-29MAR19-4500-C,48.28,0.0055,20.0,2,1552035713444,16379139,919
2019-03-08 10:42:37.267,0.7000000000000001,sell,3873.78,BTC-29MAR19-4500-C,46.67,0.005,0.7000000000000001,2,1552041757267,16380687,920
2019-03-08 11:05:20.491,4.7,sell,3876.29,BTC-29MAR19-4500-C,46.62,0.005,4.7,3,1552043120491,16382240,922
2019-03-08 11:05:20.491,9.3,sell,3876.29,BTC-29MAR19-4500-C,46.62,0.005,9.3,3,1552043120491,16382239,921
2019-03-08 11:38:24.841,0.1,buy,3876.3,BTC-29MAR19-4500-C,48.0,0.0055,0.1,0,1552045104841,16382576,923
2019-03-08 14:31:52.205,0.3,buy,3889.63,BTC-29MAR19-4500-C,47.26,0.0055,0.3,1,1552055512205,16386279,924
2019-03-08 14:47:43.705,0.3,buy,3891.38,BTC-29MAR19-4500-C,47.07,0.0055,0.3,1,1552056463705,16386952,925
2019-03-08 14:49:16.773,0.3,buy,3894.77,BTC-29MAR19-4500-C,46.95,0.0055,0.3,1,1552056556773,16387065,926
2019-03-08 14:49:17.033,0.3,buy,3894.77,BTC-29MAR19-4500-C,46.95,0.0055,0.3,1,1552056557033,16387066,927
2019-03-08 15:27:36.382,0.7000000000000001,buy,3888.64,BTC-29MAR19-4500-C,47.44,0.0055,0.7000000000000001,1,1552058856382,16388188,928
2019-03-08 15:38:41.881,8.0,buy,3889.96,BTC-29MAR19-4500-C,47.28,0.0055,8.0,1,1552059521881,16388343,929
2019-03-08 16:29:44.502,5.0,buy,3879.27,BTC-29MAR19-4500-C,48.95,0.006,5.0,0,1552062584502,16389526,930
2019-03-08 16:40:34.622,5.0,buy,3881.09,BTC-29MAR19-4500-C,48.96,0.006,5.0,1,1552063234622,16389821,931
2019-03-08 17:28:31.945,0.3,buy,3889.01,BTC-29MAR19-4500-C,49.62,0.0065,0.3,1,1552066111945,16390161,934
2019-03-08 17:28:31.945,9.3,buy,3889.01,BTC-29MAR19-4500-C,49.62,0.0065,9.3,1,1552066111945,16390162,935
2019-03-08 17:28:31.945,10.0,buy,3889.01,BTC-29MAR19-4500-C,49.62,0.0065,10.0,0,1552066111945,16390159,932
2019-03-08 17:28:31.945,5.4,buy,3889.01,BTC-29MAR19-4500-C,49.62,0.0065,5.4,1,1552066111945,16390160,933
2019-03-08 17:36:36.602,0.3,buy,3886.92,BTC-29MAR19-4500-C,49.61,0.0065,0.3,1,1552066596602,16390201,936
2019-03-08 17:36:36.602,19.7,buy,3886.92,BTC-29MAR19-4500-C,49.61,0.0065,19.7,1,1552066596602,16390202,937
2019-03-08 17:49:35.122,10.0,buy,3892.68,BTC-29MAR19-4500-C,50.3,0.006999999999999999,10.0,0,1552067375122,16390560,938
2019-03-08 17:49:35.122,10.0,buy,3892.68,BTC-29MAR19-4500-C,50.3,0.006999999999999999,10.0,1,1552067375122,16390561,939
2019-03-08 22:01:46.495,0.3,sell,3849.97,BTC-29MAR19-4500-C,50.04,0.0055,0.3,2,1552082506495,16396397,940
2019-03-08 22:02:18.181,0.3,sell,3834.33,BTC-29MAR19-4500-C,50.48,0.0055,0.3,3,1552082538181,16397231,941
2019-03-08 22:03:32.839,5.2,sell,3789.61,BTC-29MAR19-4500-C,54.0,0.0055,5.2,3,1552082612839,16399466,942
2019-03-08 22:03:39.483,5.1000000000000005,sell,3781.05,BTC-29MAR19-4500-C,54.26,0.0055,5.1000000000000005,3,1552082619483,16399583,943
2019-03-08 22:46:29.431,0.1,sell,3824.83,BTC-29MAR19-4500-C,51.45,0.0055,0.1,3,1552085189431,16405238,944
2019-03-09 06:19:54.604,1.0,buy,3880.87,BTC-29MAR19-4500-C,49.76,0.006,1.0,0,1552112394604,16414085,945
2019-03-09 06:57:33.092,0.3,buy,3888.71,BTC-29MAR19-4500-C,49.04,0.006,0.3,1,1552114653092,16415624,946
2019-03-09 06:57:44.454,0.3,buy,3890.4,BTC-29MAR19-4500-C,48.97,0.006,0.3,1,1552114664454,16415682,947
2019-03-09 06:57:45.993,0.3,buy,3893.41,BTC-29MAR19-4500-C,48.79,0.006,0.3,1,1552114665993,16415717,948
2019-03-09 06:58:48.813,0.6,buy,3893.83,BTC-29MAR19-4500-C,48.85,0.006,0.6,1,1552114728813,16415881,949
2019-03-09 06:59:00.882,0.1,buy,3893.75,BTC-29MAR19-4500-C,48.87,0.006,0.1,1,1552114740882,16415896,950
2019-03-09 06:59:01.268,0.1,buy,3893.75,BTC-29MAR19-4500-C,48.87,0.006,0.1,1,1552114741268,16415897,951
2019-03-09 06:59:02.758,0.1,buy,3893.75,BTC-29MAR19-4500-C,48.87,0.006,0.1,1,1552114742758,16415900,952
2019-03-09 06:59:04.352,0.1,buy,3893.75,BTC-29MAR19-4500-C,48.87,0.006,0.1,1,1552114744352,16415903,953
2019-03-09 06:59:04.880,0.1,buy,3893.97,BTC-29MAR19-4500-C,48.86,0.006,0.1,1,1552114744880,16415904,954
2019-03-09 06:59:06.389,0.1,buy,3893.97,BTC-29MAR19-4500-C,48.86,0.006,0.1,1,1552114746389,16415916,955
2019-03-09 06:59:06.872,0.1,buy,3893.97,BTC-29MAR19-4500-C,48.86,0.006,0.1,1,1552114746872,16415918,956
2019-03-09 06:59:07.409,0.1,buy,3893.97,BTC-29MAR19-4500-C,48.85,0.006,0.1,1,1552114747409,16415919,957
2019-03-09 06:59:10.968,0.1,buy,3893.67,BTC-29MAR19-4500-C,48.87,0.006,0.1,1,1552114750968,16415922,958
2019-03-09 06:59:12.469,0.1,buy,3893.61,BTC-29MAR19-4500-C,48.86,0.006,0.1,1,1552114752469,16415925,959
2019-03-09 06:59:48.416,6.5,buy,3888.1,BTC-29MAR19-4500-C,49.12,0.006,6.5,1,1552114788416,16416010,960
2019-03-09 07:04:42.542,10.0,buy,3918.04,BTC-29MAR19-4500-C,48.48,0.0065,10.0,0,1552115082542,16417375,961
2019-03-09 15:25:17.596,0.1,sell,3920.03,BTC-29MAR19-4500-C,49.12,0.0065,0.1,1,1552145117596,16435258,962
2019-03-09 20:16:45.261,0.1,sell,3900.68,BTC-29MAR19-4500-C,49.59,0.006,0.1,2,1552162605261,16446030,963
2019-03-09 20:20:29.281,6.0,sell,3900.6,BTC-29MAR19-4500-C,48.44,0.0055,6.0,2,1552162829281,16446059,964
2019-03-10 00:09:50.382,10.0,buy,3913.14,BTC-29MAR19-4500-C,51.02,0.006999999999999999,10.0,1,1552176590382,16449819,966
2019-03-10 00:09:50.382,10.0,buy,3913.14,BTC-29MAR19-4500-C,51.02,0.006999999999999999,10.0,0,1552176590382,16449818,965
2019-03-10 00:10:57.045,3.0,buy,3913.44,BTC-29MAR19-4500-C,50.93,0.006999999999999999,3.0,1,1552176657045,16449829,967
2019-03-10 02:33:58.861,0.1,buy,3908.68,BTC-29MAR19-4500-C,51.45,0.006999999999999999,0.1,1,1552185238861,16450922,968
2019-03-10 16:27:00.475,0.3,sell,3876.47,BTC-29MAR19-4500-C,50.73,0.0055,0.3,2,1552235220475,16463963,969
2019-03-10 16:44:53.281,9.9,buy,3880.07,BTC-29MAR19-4500-C,53.04,0.0065,9.9,1,1552236293281,16464608,971
2019-03-10 16:44:53.281,0.1,buy,3880.07,BTC-29MAR19-4500-C,53.04,0.0065,0.1,0,1552236293281,16464607,970
2019-03-10 21:35:16.154,0.3,buy,3898.11,BTC-29MAR19-4500-C,52.21,0.0065,0.3,1,1552253716154,16466987,972
2019-03-10 21:35:16.154,9.7,buy,3898.11,BTC-29MAR19-4500-C,53.32,0.006999999999999999,9.7,0,1552253716154,16466988,973
2019-03-10 21:48:21.869,0.3,buy,3893.77,BTC-29MAR19-4500-C,52.39,0.0065,0.3,2,1552254501869,16467114,974
2019-03-10 21:48:21.896,0.3,sell,3893.77,BTC-29MAR19-4500-C,52.39,0.0065,0.3,3,1552254501896,16467115,975
2019-03-10 21:48:21.930,0.3,sell,3893.77,BTC-29MAR19-4500-C,52.39,0.0065,0.3,3,1552254501930,16467116,976
2019-03-10 21:49:43.705,7.9,buy,3893.75,BTC-29MAR19-4500-C,53.51,0.006999999999999999,7.9,1,1552254583705,16467121,978
2019-03-10 21:49:43.705,0.3,buy,3893.75,BTC-29MAR19-4500-C,53.51,0.006999999999999999,0.3,0,1552254583705,16467120,977
2019-03-10 21:49:43.705,0.3,buy,3893.75,BTC-29MAR19-4500-C,53.51,0.006999999999999999,0.3,1,1552254583705,16467123,980
2019-03-10 21:49:43.705,20.0,buy,3893.75,BTC-29MAR19-4500-C,53.51,0.006999999999999999,20.0,1,1552254583705,16467122,979
2019-03-10 21:49:43.705,0.6,buy,3893.75,BTC-29MAR19-4500-C,53.51,0.006999999999999999,0.6,1,1552254583705,16467124,981
2019-03-10 21:50:24.133,9.4,buy,3893.86,BTC-29MAR19-4500-C,53.52,0.006999999999999999,9.4,1,1552254624133,16467129,984
2019-03-10 21:50:24.133,0.3,buy,3893.86,BTC-29MAR19-4500-C,53.52,0.006999999999999999,0.3,1,1552254624133,16467128,983
2019-03-10 21:50:24.133,20.0,buy,3893.86,BTC-29MAR19-4500-C,53.52,0.006999999999999999,20.0,1,1552254624133,16467127,982
2019-03-10 21:55:31.896,10.0,buy,3893.44,BTC-29MAR19-4500-C,53.53,0.006999999999999999,10.0,1,1552254931896,16467141,985
2019-03-10 22:12:11.331,5.0,buy,3894.95,BTC-29MAR19-4500-C,53.47,0.006999999999999999,5.0,1,1552255931331,16467260,986
2019-03-10 22:15:40.470,10.0,buy,3895.05,BTC-29MAR19-4500-C,53.47,0.006999999999999999,10.0,1,1552256140470,16467283,987
2019-03-10 22:37:13.680,0.2,buy,3899.79,BTC-29MAR19-4500-C,53.25,0.006999999999999999,0.2,1,1552257433680,16467551,988
2019-03-10 22:37:13.680,4.8,buy,3899.79,BTC-29MAR19-4500-C,53.25,0.006999999999999999,4.8,1,1552257433680,16467552,989
2019-03-10 22:46:07.359,10.0,buy,3909.26,BTC-29MAR19-4500-C,51.53,0.0065,10.0,2,1552257967359,16467871,990
2019-03-10 22:47:07.383,4.7,buy,3909.55,BTC-29MAR19-4500-C,52.61,0.006999999999999999,4.7,1,1552258027383,16467879,992
2019-03-10 22:47:07.383,0.3,buy,3909.55,BTC-29MAR19-4500-C,52.61,0.006999999999999999,0.3,0,1552258027383,16467878,991
2019-03-11 05:44:10.011,0.6,sell,3881.62,BTC-29MAR19-4500-C,51.38,0.0055,0.6,2,1552283050011,16474433,993
2019-03-11 05:58:04.656,0.3,sell,3871.89,BTC-29MAR19-4500-C,52.03,0.0055,0.3,3,1552283884656,16475067,994
2019-03-11 05:58:04.836,10.0,sell,3871.89,BTC-29MAR19-4500-C,52.03,0.0055,10.0,3,1552283884836,16475077,995
2019-03-11 05:58:05.004,10.0,sell,3871.89,BTC-29MAR19-4500-C,52.03,0.0055,10.0,3,1552283885004,16475087,996
2019-03-11 05:58:06.460,0.3,sell,3869.81,BTC-29MAR19-4500-C,52.22,0.0055,0.3,3,1552283886460,16475127,997
2019-03-11 05:58:06.558,0.3,sell,3869.81,BTC-29MAR19-4500-C,52.22,0.0055,0.3,3,1552283886558,16475129,998
2019-03-11 05:58:06.678,0.3,sell,3869.68,BTC-29MAR19-4500-C,52.22,0.0055,0.3,3,1552283886678,16475130,999
2019-03-11 05:58:22.277,1.8,sell,3863.62,BTC-29MAR19-4500-C,52.71,0.0055,1.8,3,1552283902277,16475356,1001
2019-03-11 05:58:22.277,8.2,sell,3863.62,BTC-29MAR19-4500-C,52.71,0.0055,8.2,3,1552283902277,16475355,1000
2019-03-11 05:58:35.330,10.0,sell,3855.73,BTC-29MAR19-4500-C,53.19,0.0055,10.0,3,1552283915330,16475609,1002
2019-03-11 05:58:41.143,10.0,sell,3852.22,BTC-29MAR19-4500-C,53.41,0.0055,10.0,3,1552283921143,16475717,1003
2019-03-11 05:58:45.218,8.2,sell,3850.97,BTC-29MAR19-4500-C,53.47,0.0055,8.2,3,1552283925218,16475786,1004
2019-03-11 08:01:29.280,0.5,buy,3863.33,BTC-29MAR19-4500-C,52.48,0.0055,0.5,3,1552291289280,16479947,1005
2019-03-11 08:01:29.280,0.6,buy,3863.33,BTC-29MAR19-4500-C,52.48,0.0055,0.6,3,1552291289280,16479948,1006
2019-03-11 09:56:07.274,0.7000000000000001,buy,3872.41,BTC-29MAR19-4500-C,52.2,0.0055,0.7000000000000001,3,1552298167274,16481949,1007
2019-03-11 09:56:07.626,0.3,buy,3872.41,BTC-29MAR19-4500-C,52.2,0.0055,0.3,3,1552298167626,16481952,1008
2019-03-11 09:56:07.758,0.3,buy,3872.41,BTC-29MAR19-4500-C,52.2,0.0055,0.3,3,1552298167758,16481954,1009
2019-03-11 10:40:28.777,0.1,sell,3867.82,BTC-29MAR19-4500-C,51.36,0.005,0.1,2,1552300828777,16482489,1010
2019-03-11 11:41:46.525,1.0,sell,3862.08,BTC-29MAR19-4500-C,48.9,0.004,1.0,2,1552304506525,16483698,1011
2019-03-12 02:22:44.324,0.3,buy,3821.75,BTC-29MAR19-4500-C,53.57,0.0045,0.3,1,1552357364324,16504934,1015
2019-03-12 02:22:44.324,10.0,buy,3821.75,BTC-29MAR19-4500-C,53.57,0.0045,10.0,1,1552357364324,16504933,1014
2019-03-12 02:22:44.324,28.7,buy,3821.75,BTC-29MAR19-4500-C,53.57,0.0045,28.7,1,1552357364324,16504935,1016
2019-03-12 02:22:44.324,10.0,buy,3821.75,BTC-29MAR19-4500-C,53.57,0.0045,10.0,0,1552357364324,16504931,1012
2019-03-12 02:22:44.324,0.1,buy,3821.75,BTC-29MAR19-4500-C,53.57,0.0045,0.1,1,1552357364324,16504932,1013
2019-03-12 03:16:31.609,1.0,buy,3814.09,BTC-29MAR19-4500-C,54.18,0.0045,1.0,1,1552360591609,16506996,1017
2019-03-12 08:11:30.933,0.2,sell,3848.18,BTC-29MAR19-4500-C,50.69,0.004,0.2,2,1552378290933,16512463,1018
2019-03-12 08:22:22.005,0.2,sell,3862.96,BTC-29MAR19-4500-C,51.31,0.0045,0.2,0,1552378942005,16513334,1019
2019-03-13 01:42:47.484,0.7000000000000001,sell,3858.69,BTC-29MAR19-4500-C,51.73,0.004,0.7000000000000001,2,1552441367484,16527707,1020
2019-03-13 10:02:17.248,0.3,sell,3841.15,BTC-29MAR19-4500-C,53.17,0.004,0.3,3,1552471337248,16532120,1021
2019-03-13 14:13:58.984,480.1,buy,3863.85,BTC-29MAR19-4500-C,53.62,0.0045,480.1,0,1552486438984,16537353,1022
2019-03-13 17:35:40.932,0.5,sell,3855.54,BTC-29MAR19-4500-C,53.29,0.004,0.5,2,1552498540932,16544003,1023
2019-03-13 17:35:40.932,0.5,sell,3855.54,BTC-29MAR19-4500-C,53.29,0.004,0.5,3,1552498540932,16544004,1024
