date_utc,amount,direction,indexPrice,instrument,iv,price,quantity,tickDirection,timeStamp,tradeId,tradeSeq
2019-02-14 00:10:25.606,1.0,sell,3578.19,BTC-29MAR19-4500-C,55.47,0.0115,1.0,3,1550103025606,15349961,344
2019-02-14 01:35:07.326,1.0,sell,3582.24,BTC-29MAR19-4500-C,55.37,0.0115,1.0,3,1550108107326,15351991,345
2019-02-14 10:13:14.445,1.0,sell,3564.42,BTC-29MAR19-4500-C,54.27,0.01,1.0,2,1550139194445,15360022,346
2019-02-14 11:04:01.881,10.0,sell,3560.08,BTC-29MAR19-4500-C,56.79,0.0115,10.0,0,1550142241881,15362182,347
2019-02-14 11:57:19.879,10.0,sell,3553.81,BTC-29MAR19-4500-C,57.03,0.0115,10.0,1,1550145439879,15366332,348
2019-02-14 12:37:11.569,5.0,buy,3559.94,BTC-29MAR19-4500-C,57.55,0.012,5.0,0,1550147831569,15367553,349
2019-02-14 12:37:11.569,2.0,buy,3559.94,BTC-29MAR19-4500-C,58.23,0.0125,2.0,0,1550147831569,15367554,350
2019-02-14 12:43:51.046,1.0,sell,3560.67,BTC-29MAR19-4500-C,56.77,0.0115,1.0,2,1550148231046,15367715,351
2019-02-14 19:57:13.139,0.1,buy,3574.29,BTC-29MAR19-4500-C,57.09,0.012,0.1,0,1550174233139,15373012,352
2019-02-14 19:57:13.139,1.9,buy,3574.29,BTC-29MAR19-4500-C,57.77,0.0125,1.9,0,1550174233139,15373013,353
2019-02-14 22:51:13.647,0.1,sell,3565.06,BTC-29MAR19-4500-C,55.56,0.0105,0.1,2,1550184673647,15375282,354
2019-02-15 11:29:57.190,1.0,sell,3573.21,BTC-29MAR19-4500-C,54.49,0.01,1.0,2,1550230197190,15386454,355
2019-02-15 16:01:14.328,0.2,buy,3557.13,BTC-29MAR19-4500-C,55.38,0.01,0.2,3,1550246474328,15399805,356
2019-02-16 02:29:31.539,0.4,sell,3573.61,BTC-29MAR19-4500-C,54.79,0.01,0.4,3,1550284171539,15404914,357
2019-02-16 02:55:09.049,0.2,buy,3579.54,BTC-29MAR19-4500-C,56.69,0.0115,0.2,0,1550285709049,15405371,358
2019-02-16 02:55:09.049,0.3,buy,3579.54,BTC-29MAR19-4500-C,57.38,0.012,0.3,0,1550285709049,15405372,359
2019-02-16 02:56:04.675,0.3,buy,3579.08,BTC-29MAR19-4500-C,57.41,0.012,0.3,0,1550285764675,15405390,361
2019-02-16 02:56:04.675,0.2,buy,3579.08,BTC-29MAR19-4500-C,56.71,0.0115,0.2,2,1550285764675,15405389,360
2019-02-16 03:55:51.577,20.0,sell,3582.8,BTC-29MAR19-4500-C,55.12,0.0105,20.0,2,1550289351577,15406572,362
2019-02-17 09:25:29.035,0.2,sell,3597.97,BTC-29MAR19-4500-C,53.61,0.0095,0.2,2,1550395529035,15429504,363
2019-02-17 10:25:51.701,1.0,buy,3609.78,BTC-29MAR19-4500-C,53.66,0.01,1.0,0,1550399151701,15430475,364
2019-02-17 10:27:18.695,0.4,buy,3643.69,BTC-29MAR19-4500-C,52.77,0.0105,0.4,0,1550399238695,15432857,365
2019-02-17 13:19:20.800,0.2,buy,3564.01,BTC-29MAR19-4500-C,56.75,0.0105,0.2,1,1550409560800,15447463,366
2019-02-17 21:17:07.270,0.2,buy,3577.56,BTC-29MAR19-4500-C,53.98,0.009000000000000001,0.2,2,1550438227270,15452926,367
2019-02-18 01:07:44.330,0.2,sell,3699.81,BTC-29MAR19-4500-C,54.13,0.0135,0.2,0,1550452064330,15469502,368
2019-02-18 01:07:51.484,0.3,buy,3712.25,BTC-29MAR19-4500-C,53.3,0.0135,0.3,1,1550452071484,15469940,369
2019-02-18 04:23:21.085,1.2,buy,3672.5,BTC-29MAR19-4500-C,56.02,0.0135,1.2,1,1550463801085,15490721,370
2019-02-18 06:48:51.609,0.1,buy,3690.23,BTC-29MAR19-4500-C,53.49,0.012,0.1,2,1550472531609,15496646,371
2019-02-18 07:27:09.853,0.1,buy,3721.94,BTC-29MAR19-4500-C,53.56,0.0135,0.1,0,1550474829853,15500982,372
2019-02-18 08:25:07.478,2.0,buy,3697.94,BTC-29MAR19-4500-C,55.38,0.013999999999999999,2.0,0,1550478307478,15505403,373
2019-02-18 09:13:21.121,0.2,sell,3700.53,BTC-29MAR19-4500-C,55.46,0.013999999999999999,0.2,1,1550481201121,15507014,374
2019-02-18 09:29:21.351,0.2,sell,3701.47,BTC-29MAR19-4500-C,54.04,0.013000000000000001,0.2,2,1550482161351,15507200,375
2019-02-18 09:29:21.351,0.8,sell,3701.47,BTC-29MAR19-4500-C,53.39,0.0125,0.8,2,1550482161351,15507201,376
2019-02-18 09:58:07.145,0.2,sell,3702.43,BTC-29MAR19-4500-C,55.35,0.013999999999999999,0.2,0,1550483887145,15508068,377
2019-02-18 10:23:00.779,0.2,sell,3699.24,BTC-29MAR19-4500-C,55.58,0.013999999999999999,0.2,1,1550485380779,15509553,378
2019-02-18 10:53:23.676,0.2,sell,3683.65,BTC-29MAR19-4500-C,53.74,0.012,0.2,2,1550487203676,15510749,379
2019-02-18 10:53:48.146,0.8,buy,3685.58,BTC-29MAR19-4500-C,53.66,0.012,0.8,3,1550487228146,15510796,380
2019-02-18 12:25:51.907,1.0,buy,3708.41,BTC-29MAR19-4500-C,55.11,0.013999999999999999,1.0,0,1550492751907,15515736,381
2019-02-18 12:39:04.684,1.0,buy,3716.99,BTC-29MAR19-4500-C,55.31,0.0145,1.0,0,1550493544684,15516725,382
2019-02-18 13:47:12.836,0.2,sell,3787.97,BTC-29MAR19-4500-C,54.28,0.0165,0.2,0,1550497632836,15531871,383
2019-02-18 14:00:17.790,2.0,buy,3798.23,BTC-29MAR19-4500-C,54.57,0.017,2.0,0,1550498417790,15535924,384
2019-02-18 14:31:06.145,0.2,sell,3815.97,BTC-29MAR19-4500-C,53.33,0.017,0.2,1,1550500266145,15541443,385
2019-02-18 14:56:24.668,1.2,buy,3802.14,BTC-29MAR19-4500-C,53.91,0.017,1.2,1,1550501784668,15543585,387
2019-02-18 14:56:24.668,0.8,buy,3802.14,BTC-29MAR19-4500-C,53.91,0.017,0.8,1,1550501784668,15543584,386
2019-02-18 15:03:37.334,0.2,sell,3790.57,BTC-29MAR19-4500-C,54.07,0.0165,0.2,2,1550502217334,15544227,388
2019-02-18 15:05:21.358,0.2,sell,3779.59,BTC-29MAR19-4500-C,54.0,0.016,0.2,2,1550502321358,15544685,389
2019-02-18 16:01:04.502,0.2,sell,3807.09,BTC-29MAR19-4500-C,53.22,0.0165,0.2,0,1550505664502,15547243,390
2019-02-18 16:01:31.344,0.2,sell,3810.73,BTC-29MAR19-4500-C,53.03,0.0165,0.2,1,1550505691344,15547283,391
2019-02-18 16:01:40.416,0.2,sell,3812.16,BTC-29MAR19-4500-C,52.94,0.0165,0.2,1,1550505700416,15547351,392
2019-02-18 16:01:41.863,0.2,sell,3812.16,BTC-29MAR19-4500-C,52.94,0.0165,0.2,1,1550505701863,15547356,393
2019-02-18 16:01:44.603,0.2,sell,3812.36,BTC-29MAR19-4500-C,52.92,0.0165,0.2,1,1550505704603,15547360,394
2019-02-18 16:01:47.298,0.2,sell,3812.34,BTC-29MAR19-4500-C,52.92,0.0165,0.2,1,1550505707298,15547362,395
2019-02-18 16:03:18.543,0.2,sell,3816.2,BTC-29MAR19-4500-C,52.63,0.0165,0.2,1,1550505798543,15547611,396
2019-02-18 16:03:20.446,0.2,sell,3816.33,BTC-29MAR19-4500-C,52.63,0.0165,0.2,1,1550505800446,15547613,397
2019-02-18 16:03:36.065,0.2,sell,3816.09,BTC-29MAR19-4500-C,52.7,0.0165,0.2,1,1550505816065,15547643,398
2019-02-18 16:03:37.449,0.2,sell,3815.91,BTC-29MAR19-4500-C,52.71,0.0165,0.2,1,1550505817449,15547647,399
2019-02-18 16:06:16.439,1.2,buy,3829.93,BTC-29MAR19-4500-C,52.59,0.017,1.2,0,1550505976439,15548160,400
2019-02-18 16:06:16.439,5.0,buy,3829.93,BTC-29MAR19-4500-C,52.59,0.017,5.0,1,1550505976439,15548161,401
2019-02-18 16:10:21.740,0.2,sell,3816.12,BTC-29MAR19-4500-C,53.24,0.017,0.2,1,1550506221740,15549241,402
2019-02-18 16:10:25.924,0.2,sell,3816.36,BTC-29MAR19-4500-C,53.23,0.017,0.2,1,1550506225924,15549246,403
2019-02-18 16:10:41.881,0.1,sell,3815.91,BTC-29MAR19-4500-C,53.24,0.017,0.1,1,1550506241881,15549259,404
2019-02-18 16:20:43.368,1.0,buy,3840.43,BTC-29MAR19-4500-C,52.5,0.0175,1.0,0,1550506843368,15550539,405
2019-02-18 16:25:00.957,4.0,buy,3853.73,BTC-29MAR19-4500-C,51.71,0.0175,4.0,1,1550507100957,15552265,406
2019-02-18 16:28:55.890,2.0,buy,3870.62,BTC-29MAR19-4500-C,51.64,0.018000000000000002,2.0,0,1550507335890,15553865,407
2019-02-18 16:33:38.527,3.0,buy,3893.21,BTC-29MAR19-4500-C,50.29,0.018000000000000002,3.0,1,1550507618527,15555734,408
2019-02-18 16:33:38.527,5.0,buy,3893.21,BTC-29MAR19-4500-C,50.82,0.0185,5.0,0,1550507618527,15555735,409
2019-02-18 16:34:26.032,1.0,buy,3897.4,BTC-29MAR19-4500-C,52.47,0.0205,1.0,0,1550507666032,15556308,410
2019-02-18 16:34:26.032,32.0,buy,3897.4,BTC-29MAR19-4500-C,52.47,0.0205,32.0,1,1550507666032,15556309,411
2019-02-18 16:34:26.032,0.2,buy,3897.4,BTC-29MAR19-4500-C,52.98,0.021,0.2,0,1550507666032,15556310,412
2019-02-18 16:34:26.032,0.1,buy,3897.4,BTC-29MAR19-4500-C,54.99,0.023,0.1,0,1550507666032,15556311,413
2019-02-18 16:38:36.795,1.0,buy,3892.87,BTC-29MAR19-4500-C,52.78,0.0205,1.0,2,1550507916795,15558529,414
2019-02-18 16:41:50.312,0.2,sell,3893.11,BTC-29MAR19-4500-C,52.89,0.0205,0.2,3,1550508110312,15559105,415
2019-02-18 16:42:15.183,0.2,sell,3894.49,BTC-29MAR19-4500-C,51.7,0.0195,0.2,2,1550508135183,15559165,416
2019-02-18 16:42:33.977,0.2,sell,3894.5,BTC-29MAR19-4500-C,51.12,0.019,0.2,2,1550508153977,15559182,417
2019-02-18 16:42:34.551,1.4,buy,3894.84,BTC-29MAR19-4500-C,51.1,0.019,1.4,3,1550508154551,15559184,418
2019-02-18 16:44:29.376,0.2,sell,3856.39,BTC-29MAR19-4500-C,53.67,0.0195,0.2,0,1550508269376,15560479,419
2019-02-18 16:44:30.146,0.2,sell,3856.39,BTC-29MAR19-4500-C,53.67,0.0195,0.2,1,1550508270146,15560512,420
2019-02-18 16:44:41.466,0.2,sell,3852.49,BTC-29MAR19-4500-C,53.25,0.019,0.2,2,1550508281466,15561030,421
2019-02-18 16:48:43.227,2.9,buy,3867.02,BTC-29MAR19-4500-C,54.11,0.0205,2.9,0,1550508523227,15563186,422
2019-02-18 16:48:43.227,16.2,buy,3867.02,BTC-29MAR19-4500-C,54.11,0.0205,16.2,1,1550508523227,15563187,423
2019-02-18 16:53:32.901,0.2,sell,3869.84,BTC-29MAR19-4500-C,53.52,0.02,0.2,2,1550508812901,15564012,424
2019-02-18 16:55:54.710,0.2,sell,3874.2,BTC-29MAR19-4500-C,53.34,0.02,0.2,3,1550508954710,15564265,425
2019-02-18 17:00:02.114,0.2,sell,3862.87,BTC-29MAR19-4500-C,53.29,0.0195,0.2,2,1550509202114,15565315,426
2019-02-18 17:01:38.415,0.2,sell,3854.51,BTC-29MAR19-4500-C,53.28,0.019,0.2,2,1550509298415,15565972,427
2019-02-18 17:02:34.629,9.8,buy,3851.19,BTC-29MAR19-4500-C,54.58,0.02,9.8,1,1550509354629,15566246,429
2019-02-18 17:02:34.629,4.0,buy,3851.19,BTC-29MAR19-4500-C,54.58,0.02,4.0,0,1550509354629,15566245,428
2019-02-18 17:02:34.634,6.5,sell,3851.19,BTC-29MAR19-4500-C,54.58,0.02,6.5,1,1550509354634,15566247,430
2019-02-18 17:07:15.524,10.0,buy,3849.85,BTC-29MAR19-4500-C,55.75,0.021,10.0,0,1550509635524,15567326,431
2019-02-18 17:25:30.760,0.2,sell,3864.12,BTC-29MAR19-4500-C,56.02,0.022000000000000002,0.2,0,1550510730760,15569417,432
2019-02-18 17:26:38.672,3.0,buy,3869.19,BTC-29MAR19-4500-C,56.18,0.0225,3.0,0,1550510798672,15569554,433
2019-02-18 17:40:45.037,0.1,buy,3858.32,BTC-29MAR19-4500-C,57.38,0.023,0.1,0,1550511645037,15570238,434
2019-02-18 17:40:45.037,0.3,buy,3858.32,BTC-29MAR19-4500-C,57.38,0.023,0.3,1,1550511645037,15570239,435
2019-02-18 17:54:03.691,0.1,buy,3851.69,BTC-29MAR19-4500-C,55.84,0.021,0.1,2,1550512443691,15570875,436
2019-02-18 17:54:03.691,1.1,buy,3851.69,BTC-29MAR19-4500-C,57.38,0.0225,1.1,0,1550512443691,15570876,437
2019-02-18 18:12:59.623,0.5,buy,3879.41,BTC-29MAR19-4500-C,57.45,0.024,0.5,0,1550513579623,15571990,438
2019-02-18 19:53:43.495,0.8,buy,3873.5,BTC-29MAR19-4500-C,57.03,0.0235,0.8,2,1550519623495,15577111,439
2019-02-18 19:53:49.300,0.6,buy,3873.75,BTC-29MAR19-4500-C,57.01,0.0235,0.6,3,1550519629300,15577144,440
2019-02-18 22:06:04.836,0.2,sell,3840.8,BTC-29MAR19-4500-C,56.8,0.0215,0.2,2,1550527564836,15582565,441
2019-02-18 22:06:04.836,0.2,sell,3840.8,BTC-29MAR19-4500-C,55.76,0.0205,0.2,2,1550527564836,15582566,442
2019-02-18 22:25:27.549,0.2,sell,3855.87,BTC-29MAR19-4500-C,57.04,0.0225,0.2,1,1550528727549,15584147,444
2019-02-18 22:25:27.549,0.2,sell,3855.87,BTC-29MAR19-4500-C,57.04,0.0225,0.2,0,1550528727549,15584146,443
2019-02-18 22:25:50.142,0.2,sell,3855.54,BTC-29MAR19-4500-C,57.08,0.0225,0.2,1,1550528750142,15584161,445
2019-02-18 22:27:38.644,0.2,sell,3850.93,BTC-29MAR19-4500-C,56.81,0.022000000000000002,0.2,2,1550528858644,15584308,447
2019-02-18 22:27:38.644,0.2,sell,3850.93,BTC-29MAR19-4500-C,56.29,0.0215,0.2,2,1550528858644,15584309,448
2019-02-18 22:27:38.644,0.2,sell,3850.93,BTC-29MAR19-4500-C,55.77,0.021,0.2,2,1550528858644,15584310,449
2019-02-18 22:27:38.644,3.2,sell,3850.93,BTC-29MAR19-4500-C,55.25,0.0205,3.2,2,1550528858644,15584311,450
2019-02-18 22:27:38.644,0.2,sell,3850.93,BTC-29MAR19-4500-C,57.32,0.0225,0.2,1,1550528858644,15584307,446
2019-02-18 22:29:02.297,0.2,sell,3848.95,BTC-29MAR19-4500-C,57.33,0.0225,0.2,0,1550528942297,15584343,451
2019-02-18 22:29:02.297,0.2,sell,3848.95,BTC-29MAR19-4500-C,57.33,0.0225,0.2,1,1550528942297,15584344,452
2019-02-18 22:29:02.297,0.6,sell,3848.95,BTC-29MAR19-4500-C,54.73,0.02,0.6,2,1550528942297,15584345,453
2019-02-18 22:29:02.481,0.2,sell,3848.95,BTC-29MAR19-4500-C,57.33,0.0225,0.2,0,1550528942481,15584346,454
2019-02-18 22:37:57.960,0.9,buy,3849.95,BTC-29MAR19-4500-C,57.6,0.023,0.9,0,1550529477960,15584638,455
2019-02-18 22:56:48.625,0.2,sell,3855.38,BTC-29MAR19-4500-C,56.37,0.022000000000000002,0.2,2,1550530608625,15584884,456
2019-02-18 23:09:36.578,0.2,buy,3870.89,BTC-29MAR19-4500-C,57.25,0.0235,0.2,0,1550531376578,15585529,457
2019-02-18 23:09:42.079,0.2,buy,3870.83,BTC-29MAR19-4500-C,57.76,0.024,0.2,0,1550531382079,15585532,458
2019-02-18 23:09:43.743,0.2,buy,3870.57,BTC-29MAR19-4500-C,57.76,0.024,0.2,1,1550531383743,15585534,459
2019-02-18 23:15:17.709,0.2,buy,3873.16,BTC-29MAR19-4500-C,58.66,0.025,0.2,0,1550531717709,15585740,460
2019-02-18 23:15:19.881,0.2,buy,3873.25,BTC-29MAR19-4500-C,58.65,0.025,0.2,1,1550531719881,15585746,461
2019-02-18 23:15:23.041,0.2,buy,3873.66,BTC-29MAR19-4500-C,58.62,0.025,0.2,1,1550531723041,15585750,462
2019-02-18 23:16:33.659,0.2,sell,3873.36,BTC-29MAR19-4500-C,58.62,0.025,0.2,1,1550531793659,15585809,463
2019-02-18 23:25:25.146,0.2,sell,3861.23,BTC-29MAR19-4500-C,58.75,0.0245,0.2,2,1550532325146,15586127,464
2019-02-18 23:33:01.530,0.2,sell,3858.54,BTC-29MAR19-4500-C,58.47,0.024,0.2,2,1550532781530,15586421,465
2019-02-18 23:33:01.530,0.2,sell,3858.54,BTC-29MAR19-4500-C,57.97,0.0235,0.2,2,1550532781530,15586422,466
2019-02-18 23:33:01.530,0.2,sell,3858.54,BTC-29MAR19-4500-C,57.46,0.023,0.2,2,1550532781530,15586423,467
2019-02-19 00:04:56.347,0.5,buy,3887.62,BTC-29MAR19-4500-C,57.5,0.025,0.5,0,1550534696347,15587946,468
2019-02-19 00:05:06.195,0.5,buy,3892.12,BTC-29MAR19-4500-C,57.23,0.025,0.5,1,1550534706195,15588025,469
2019-02-19 00:25:08.703,0.4,buy,3893.5,BTC-29MAR19-4500-C,59.08,0.027000000000000003,0.4,0,1550535908703,15590326,470
2019-02-19 00:38:05.919,0.5,buy,3915.44,BTC-29MAR19-4500-C,59.25,0.0285,0.5,0,1550536685919,15591584,471
2019-02-19 00:38:46.279,0.3,buy,3940.89,BTC-29MAR19-4500-C,59.03,0.03,0.3,0,1550536726279,15592482,472
2019-02-19 00:39:58.803,0.1,sell,3929.11,BTC-29MAR19-4500-C,59.92,0.03,0.1,1,1550536798803,15593326,473
2019-02-19 00:42:23.731,1.9,buy,3937.39,BTC-29MAR19-4500-C,59.38,0.03,1.9,1,1550536943731,15593827,474
2019-02-19 00:49:49.922,1.0,sell,3922.96,BTC-29MAR19-4500-C,58.87,0.0285,1.0,2,1550537389922,15596110,475
2019-02-19 02:42:31.214,10.0,buy,3868.69,BTC-29MAR19-4500-C,61.3,0.027999999999999997,10.0,2,1550544151214,15605939,476
2019-02-19 03:04:28.092,0.2,buy,3861.88,BTC-29MAR19-4500-C,61.72,0.027999999999999997,0.2,3,1550545468092,15606515,477
2019-02-19 03:04:28.092,9.8,buy,3861.88,BTC-29MAR19-4500-C,61.72,0.027999999999999997,9.8,3,1550545468092,15606516,478
2019-02-19 06:16:52.669,0.1,buy,3870.15,BTC-29MAR19-4500-C,62.73,0.0295,0.1,0,1550557012669,15611365,479
2019-02-19 07:54:27.469,0.4,sell,3888.77,BTC-29MAR19-4500-C,59.35,0.027000000000000003,0.4,2,1550562867469,15613982,480
2019-02-19 07:54:27.803,0.4,sell,3888.82,BTC-29MAR19-4500-C,59.35,0.027000000000000003,0.4,3,1550562867803,15613983,481
2019-02-19 07:59:54.086,0.2,buy,3889.7,BTC-29MAR19-4500-C,60.75,0.0285,0.2,0,1550563194086,15614257,482
2019-02-19 07:59:54.086,0.8,buy,3889.7,BTC-29MAR19-4500-C,61.22,0.028999999999999998,0.8,0,1550563194086,15614258,483
2019-02-19 11:00:13.528,0.2,buy,3872.05,BTC-29MAR19-4500-C,61.03,0.027999999999999997,0.2,2,1550574013528,15620009,484
2019-02-19 11:00:13.556,3.0,sell,3872.05,BTC-29MAR19-4500-C,61.03,0.027999999999999997,3.0,3,1550574013556,15620010,485
2019-02-19 11:06:25.189,0.4,sell,3873.69,BTC-29MAR19-4500-C,60.86,0.027999999999999997,0.4,3,1550574385189,15620163,486
2019-02-19 11:08:41.388,0.4,sell,3871.48,BTC-29MAR19-4500-C,61.01,0.027999999999999997,0.4,3,1550574521388,15620269,487
2019-02-19 11:09:14.891,0.2,buy,3870.93,BTC-29MAR19-4500-C,61.52,0.0285,0.2,0,1550574554891,15620272,488
2019-02-19 11:09:21.051,0.2,buy,3870.92,BTC-29MAR19-4500-C,61.52,0.0285,0.2,1,1550574561051,15620273,489
2019-02-19 11:09:23.099,0.2,buy,3871.09,BTC-29MAR19-4500-C,61.51,0.0285,0.2,1,1550574563099,15620274,490
2019-02-19 11:09:41.452,0.2,buy,3870.94,BTC-29MAR19-4500-C,61.52,0.0285,0.2,1,1550574581452,15620277,491
2019-02-19 11:09:43.421,0.2,buy,3870.98,BTC-29MAR19-4500-C,61.51,0.0285,0.2,1,1550574583421,15620278,492
2019-02-19 11:09:45.163,0.2,sell,3870.98,BTC-29MAR19-4500-C,61.51,0.0285,0.2,1,1550574585163,15620279,493
2019-02-19 11:09:47.653,0.2,sell,3871.26,BTC-29MAR19-4500-C,61.5,0.0285,0.2,1,1550574587653,15620280,494
2019-02-19 11:09:48.523,0.2,sell,3871.26,BTC-29MAR19-4500-C,61.5,0.0285,0.2,1,1550574588523,15620281,495
2019-02-19 11:09:49.435,0.2,buy,3871.26,BTC-29MAR19-4500-C,61.5,0.0285,0.2,1,1550574589435,15620283,496
2019-02-19 11:09:50.043,0.2,buy,3871.26,BTC-29MAR19-4500-C,61.5,0.0285,0.2,1,1550574590043,15620284,497
2019-02-19 11:09:51.130,0.2,sell,3871.3,BTC-29MAR19-4500-C,61.5,0.0285,0.2,1,1550574591130,15620285,498
2019-02-19 11:09:51.822,0.2,sell,3871.3,BTC-29MAR19-4500-C,61.5,0.0285,0.2,1,1550574591822,15620286,499
2019-02-19 11:09:55.284,2.0,sell,3871.93,BTC-29MAR19-4500-C,61.47,0.0285,2.0,1,1550574595284,15620287,500
2019-02-19 11:09:57.012,2.0,sell,3871.3,BTC-29MAR19-4500-C,61.51,0.0285,2.0,1,1550574597012,15620288,501
2019-02-19 11:09:58.567,0.2,buy,3871.3,BTC-29MAR19-4500-C,61.51,0.0285,0.2,1,1550574598567,15620290,502
2019-02-19 11:10:07.041,0.2,buy,3871.31,BTC-29MAR19-4500-C,61.51,0.0285,0.2,1,1550574607041,15620291,503
2019-02-19 11:47:03.250,0.5,sell,3865.84,BTC-29MAR19-4500-C,61.49,0.027999999999999997,0.5,2,1550576823250,15621059,504
2019-02-19 11:49:55.847,0.9,sell,3872.05,BTC-29MAR19-4500-C,61.01,0.027999999999999997,0.9,3,1550576995847,15621174,505
2019-02-19 11:50:16.751,0.7000000000000001,sell,3872.07,BTC-29MAR19-4500-C,60.97,0.027999999999999997,0.7000000000000001,3,1550577016751,15621198,506
2019-02-19 11:56:28.973,0.7000000000000001,sell,3871.42,BTC-29MAR19-4500-C,60.85,0.027999999999999997,0.7000000000000001,3,1550577388973,15621304,507
2019-02-19 11:56:54.639,0.7000000000000001,sell,3871.5,BTC-29MAR19-4500-C,60.86,0.027999999999999997,0.7000000000000001,3,1550577414639,15621311,508
2019-02-19 11:57:25.202,0.7000000000000001,sell,3871.93,BTC-29MAR19-4500-C,60.86,0.027999999999999997,0.7000000000000001,3,1550577445202,15621313,509
2019-02-19 12:07:38.516,0.4,buy,3880.01,BTC-29MAR19-4500-C,61.8,0.0295,0.4,0,1550578058516,15621802,510
2019-02-19 12:15:26.786,0.4,sell,3884.49,BTC-29MAR19-4500-C,60.32,0.027999999999999997,0.4,2,1550578526786,15621992,511
2019-02-19 12:18:06.394,0.2,buy,3888.23,BTC-29MAR19-4500-C,60.59,0.0285,0.2,0,1550578686394,15622101,512
2019-02-19 12:20:13.799,0.2,buy,3890.57,BTC-29MAR19-4500-C,60.85,0.028999999999999998,0.2,0,1550578813799,15622339,513
2019-02-19 12:20:48.996,0.4,sell,3891.31,BTC-29MAR19-4500-C,60.85,0.028999999999999998,0.4,1,1550578848996,15622391,514
2019-02-19 12:23:09.980,0.2,buy,3890.15,BTC-29MAR19-4500-C,61.0,0.028999999999999998,0.2,1,1550578989980,15622747,515
2019-02-19 12:25:47.589,0.2,buy,3891.11,BTC-29MAR19-4500-C,61.0,0.028999999999999998,0.2,1,1550579147589,15622951,516
2019-02-19 12:25:56.955,0.5,sell,3892.36,BTC-29MAR19-4500-C,60.92,0.028999999999999998,0.5,1,1550579156955,15622997,517
2019-02-19 12:26:02.051,0.6,sell,3892.25,BTC-29MAR19-4500-C,60.93,0.028999999999999998,0.6,1,1550579162051,15623007,518
2019-02-19 12:26:08.009,0.2,buy,3892.02,BTC-29MAR19-4500-C,61.41,0.0295,0.2,0,1550579168009,15623012,519
2019-02-19 12:45:19.336,5.0,sell,3886.53,BTC-29MAR19-4500-C,60.33,0.027999999999999997,5.0,2,1550580319336,15623373,520
2019-02-19 12:56:19.502,0.4,sell,3887.86,BTC-29MAR19-4500-C,60.16,0.027999999999999997,0.4,3,1550580979502,15623721,521
2019-02-19 12:58:19.592,0.5,sell,3888.1,BTC-29MAR19-4500-C,60.18,0.027999999999999997,0.5,3,1550581099592,15623742,522
2019-02-19 13:08:25.451,0.5,sell,3892.64,BTC-29MAR19-4500-C,60.0,0.027999999999999997,0.5,3,1550581705451,15623941,523
2019-02-19 13:08:25.451,9.5,sell,3892.64,BTC-29MAR19-4500-C,60.0,0.027999999999999997,9.5,3,1550581705451,15623942,524
2019-02-19 13:10:51.929,0.6,buy,3889.33,BTC-29MAR19-4500-C,60.56,0.0285,0.6,0,1550581851929,15624046,525
2019-02-19 13:13:12.363,0.5,buy,3891.27,BTC-29MAR19-4500-C,60.45,0.0285,0.5,1,1550581992363,15624089,526
2019-02-19 13:13:12.774,0.6,buy,3891.27,BTC-29MAR19-4500-C,60.45,0.0285,0.6,1,1550581992774,15624092,527
2019-02-19 13:13:19.242,0.5,buy,3891.24,BTC-29MAR19-4500-C,60.48,0.0285,0.5,1,1550581999242,15624103,528
2019-02-19 13:13:36.249,0.6,buy,3891.29,BTC-29MAR19-4500-C,60.51,0.0285,0.6,1,1550582016249,15624105,529
2019-02-19 13:17:19.769,0.4,buy,3907.77,BTC-29MAR19-4500-C,60.07,0.028999999999999998,0.4,0,1550582239769,15624759,530
2019-02-19 13:17:51.727,0.4,sell,3905.37,BTC-29MAR19-4500-C,59.63,0.0285,0.4,2,1550582271727,15624919,531
2019-02-19 13:22:05.943,0.5,buy,3908.26,BTC-29MAR19-4500-C,60.02,0.028999999999999998,0.5,0,1550582525943,15625370,532
2019-02-19 13:22:09.576,0.1,buy,3908.31,BTC-29MAR19-4500-C,60.0,0.028999999999999998,0.1,1,1550582529576,15625390,533
2019-02-19 13:22:38.386,0.8,buy,3921.67,BTC-29MAR19-4500-C,59.31,0.028999999999999998,0.8,1,1550582558386,15625930,534
2019-02-19 13:23:37.469,0.5,buy,3924.07,BTC-29MAR19-4500-C,59.12,0.028999999999999998,0.5,1,1550582617469,15626338,535
2019-02-19 13:24:36.756,0.5,buy,3928.8,BTC-29MAR19-4500-C,58.91,0.028999999999999998,0.5,1,1550582676756,15626679,536
2019-02-19 13:24:42.845,0.5,buy,3931.9,BTC-29MAR19-4500-C,58.72,0.028999999999999998,0.5,1,1550582682845,15626770,537
2019-02-19 13:24:49.543,0.5,buy,3930.83,BTC-29MAR19-4500-C,58.79,0.028999999999999998,0.5,1,1550582689543,15626808,538
2019-02-19 13:24:56.937,0.6,buy,3930.43,BTC-29MAR19-4500-C,58.86,0.028999999999999998,0.6,1,1550582696937,15626869,539
2019-02-19 13:26:04.182,0.6,buy,3931.26,BTC-29MAR19-4500-C,58.95,0.028999999999999998,0.6,1,1550582764182,15627133,540
2019-02-19 13:26:04.702,0.4,buy,3931.8,BTC-29MAR19-4500-C,58.94,0.028999999999999998,0.4,1,1550582764702,15627136,541
2019-02-19 13:26:10.341,0.4,buy,3932.4,BTC-29MAR19-4500-C,59.77,0.03,0.4,0,1550582770341,15627152,542
2019-02-19 13:30:24.216,0.5,buy,3926.44,BTC-29MAR19-4500-C,59.97,0.03,0.5,1,1550583024216,15628207,543
2019-02-19 13:31:21.896,0.6,buy,3917.1,BTC-29MAR19-4500-C,60.59,0.03,0.6,1,1550583081896,15628598,544
2019-02-19 13:47:24.879,0.5,buy,3938.29,BTC-29MAR19-4500-C,59.27,0.03,0.5,1,1550584044879,15631722,545
2019-02-19 13:47:47.271,0.5,buy,3939.34,BTC-29MAR19-4500-C,59.23,0.03,0.5,1,1550584067271,15631767,546
2019-02-19 13:49:21.829,0.5,buy,3945.98,BTC-29MAR19-4500-C,58.96,0.03,0.5,1,1550584161829,15632707,547
2019-02-19 13:49:41.005,7.0,buy,3949.09,BTC-29MAR19-4500-C,58.77,0.03,7.0,1,1550584181005,15632861,548
2019-02-19 14:02:01.600,1.0,buy,3969.83,BTC-29MAR19-4500-C,60.47,0.033,1.0,0,1550584921600,15637596,549
2019-02-19 14:51:34.439,7.4,buy,3929.5,BTC-29MAR19-4500-C,59.63,0.0295,7.4,2,1550587894439,15645069,550
2019-02-19 15:05:05.759,0.2,buy,3945.05,BTC-29MAR19-4500-C,59.01,0.0295,0.2,3,1550588705759,15646648,551
2019-02-19 21:36:43.303,0.1,sell,3926.88,BTC-29MAR19-4500-C,58.88,0.027999999999999997,0.1,2,1550612203303,15662515,552
2019-02-20 00:20:42.838,0.1,sell,3883.91,BTC-29MAR19-4500-C,58.34,0.025,0.1,2,1550622042838,15670362,553
2019-02-20 00:20:42.838,0.4,sell,3883.91,BTC-29MAR19-4500-C,57.34,0.024,0.4,2,1550622042838,15670363,554
2019-02-20 12:01:29.833,1.0,sell,3927.25,BTC-29MAR19-4500-C,56.35,0.0255,1.0,0,1550664089833,15691318,555
2019-02-20 14:14:45.848,1.0,sell,3911.89,BTC-29MAR19-4500-C,56.63,0.024,1.0,2,1550672085848,15700922,556
2019-02-20 16:01:10.849,0.2,buy,3908.99,BTC-29MAR19-4500-C,57.3,0.025,0.2,0,1550678470849,15704623,557
2019-02-20 16:02:20.327,1.4,buy,3909.85,BTC-29MAR19-4500-C,57.79,0.0255,1.4,0,1550678540327,15704636,558
2019-02-20 16:32:25.867,0.6,sell,3925.1,BTC-29MAR19-4500-C,56.08,0.0245,0.6,2,1550680345867,15705395,559
2019-02-20 16:33:14.428,0.7000000000000001,sell,3918.98,BTC-29MAR19-4500-C,56.38,0.0245,0.7000000000000001,3,1550680394428,15705480,560
2019-02-20 16:33:35.773,0.7000000000000001,sell,3920.32,BTC-29MAR19-4500-C,56.35,0.0245,0.7000000000000001,3,1550680415773,15705496,561
2019-02-20 16:33:51.280,0.7000000000000001,sell,3919.82,BTC-29MAR19-4500-C,56.38,0.0245,0.7000000000000001,3,1550680431280,15705500,562
2019-02-20 16:41:43.848,0.7000000000000001,sell,3921.22,BTC-29MAR19-4500-C,55.84,0.024,0.7000000000000001,2,1550680903848,15705709,563
2019-02-20 16:50:24.830,0.7000000000000001,sell,3916.83,BTC-29MAR19-4500-C,55.97,0.024,0.7000000000000001,3,1550681424830,15705809,564
2019-02-20 16:53:06.455,0.8,sell,3918.7,BTC-29MAR19-4500-C,55.95,0.024,0.8,3,1550681586455,15705841,565
2019-02-20 17:24:50.934,0.7000000000000001,sell,3925.23,BTC-29MAR19-4500-C,55.72,0.024,0.7000000000000001,3,1550683490934,15706491,566
2019-02-20 17:49:36.386,4.0,buy,3916.71,BTC-29MAR19-4500-C,57.02,0.025,4.0,0,1550684976386,15707067,567
2019-02-20 19:58:15.622,6.0,buy,3924.0,BTC-29MAR19-4500-C,59.65,0.027999999999999997,6.0,0,1550692695622,15709469,568
2019-02-20 19:58:15.622,2.0,buy,3924.0,BTC-29MAR19-4500-C,60.13,0.0285,2.0,0,1550692695622,15709470,569
2019-02-20 19:58:15.622,5.0,buy,3924.0,BTC-29MAR19-4500-C,60.13,0.0285,5.0,1,1550692695622,15709471,570
2019-02-20 19:58:15.631,8.5,sell,3924.0,BTC-29MAR19-4500-C,62.5,0.031,8.5,0,1550692695631,15709472,571
2019-02-20 22:09:07.166,0.1,buy,3919.14,BTC-29MAR19-4500-C,56.95,0.025,0.1,2,1550700547166,15712869,572
2019-02-21 03:21:53.349,1.0,sell,3920.71,BTC-29MAR19-4500-C,55.78,0.0235,1.0,2,1550719313349,15718855,573
2019-02-21 09:03:59.952,3.0,sell,3892.97,BTC-29MAR19-4500-C,58.85,0.025,3.0,0,1550739839952,15734450,574
2019-02-21 09:32:31.017,10.0,sell,3916.65,BTC-29MAR19-4500-C,56.98,0.0245,10.0,2,1550741551017,15736280,575
