date_utc,amount,direction,indexPrice,instrument,iv,price,quantity,tickDirection,timeStamp,tradeId,tradeSeq
2019-05-11 20:48:02.557,0.1,sell,6962.7,BTC-24MAY19-7500-P,74.98,0.10400000000000001,0.1,1,1557607682557,19637674,1
2019-05-13 14:37:53.068,0.5,sell,7495.26,BTC-24MAY19-7500-P,85.87,0.059000000000000004,0.5,2,1557758273068,20195897,2
2019-05-13 16:02:43.639,0.2,buy,7851.89,BTC-24MAY19-7500-P,103.82,0.049,0.2,2,1557763363639,20249018,3
2019-05-13 16:36:46.602,1.0,sell,7873.56,BTC-24MAY19-7500-P,118.19,0.057,1.0,0,1557765406602,20263066,4
2019-05-13 16:41:44.882,1.0,sell,7922.79,BTC-24MAY19-7500-P,103.34,0.045,1.0,2,1557765704882,20264217,5
2019-05-13 21:35:43.224,0.1,buy,8114.93,BTC-24MAY19-7500-P,102.89,0.0355,0.1,2,1557783343224,20324096,6
2019-05-13 21:58:54.101,0.1,buy,8111.59,BTC-24MAY19-7500-P,112.93,0.0415,0.1,0,1557784734101,20330850,7
2019-05-13 23:31:09.156,6.0,sell,7790.47,BTC-24MAY19-7500-P,108.76,0.0545,6.0,0,1557790269156,20364615,8
2019-05-14 00:58:11.333,0.2,buy,7898.97,BTC-24MAY19-7500-P,111.16,0.05,0.2,2,1557795491333,20382388,9
2019-05-14 01:25:43.957,2.0,sell,7947.66,BTC-24MAY19-7500-P,104.68,0.0435,2.0,2,1557797143957,20386610,10
2019-05-14 08:23:16.458,10.0,buy,8226.66,BTC-24MAY19-7500-P,105.73,0.0315,10.0,2,1557822196458,20468145,11
2019-05-14 10:03:42.390,1.0,buy,7976.17,BTC-24MAY19-7500-P,103.79,0.0405,1.0,0,1557828222390,20495320,12
2019-05-14 12:20:42.206,0.2,sell,8193.9,BTC-24MAY19-7500-P,114.36,0.037000000000000005,0.2,2,1557836442206,20513023,13
2019-05-14 12:42:48.010,2.0,buy,8176.56,BTC-24MAY19-7500-P,101.46,0.0305,2.0,2,1557837768010,20516473,14
2019-05-14 13:05:52.548,1.0,buy,8121.07,BTC-24MAY19-7500-P,104.89,0.0345,1.0,0,1557839152548,20519437,15
2019-05-14 13:22:28.587,0.1,sell,8166.53,BTC-24MAY19-7500-P,108.18,0.0345,0.1,1,1557840148587,20521570,16
2019-05-14 14:21:33.199,0.2,sell,8118.73,BTC-24MAY19-7500-P,103.22,0.0335,0.2,2,1557843693199,20527010,17
2019-05-14 14:23:18.072,0.2,sell,8065.32,BTC-24MAY19-7500-P,103.78,0.036000000000000004,0.2,0,1557843798072,20527642,18
2019-05-14 14:38:37.527,0.3,buy,8075.4,BTC-24MAY19-7500-P,115.9,0.0425,0.3,0,1557844717527,20530849,19
2019-05-14 14:47:17.535,0.2,sell,7986.84,BTC-24MAY19-7500-P,104.82,0.04,0.2,2,1557845237535,20534184,20
2019-05-14 15:47:51.357,0.1,buy,8024.23,BTC-24MAY19-7500-P,110.53,0.0415,0.1,0,1557848871357,20541748,21
2019-05-14 15:55:56.766,0.1,sell,7956.53,BTC-24MAY19-7500-P,100.16,0.0385,0.1,2,1557849356766,20543389,22
2019-05-14 15:56:12.540,0.1,sell,7949.45,BTC-24MAY19-7500-P,100.45,0.039,0.1,0,1557849372540,20543477,23
2019-05-14 15:56:34.984,0.1,buy,7959.77,BTC-24MAY19-7500-P,107.19,0.0425,0.1,0,1557849394984,20543897,24
2019-05-14 15:56:34.984,0.2,buy,7959.77,BTC-24MAY19-7500-P,112.24,0.0455,0.2,0,1557849394984,20543898,25
2019-05-14 15:56:34.984,0.7000000000000001,buy,7959.77,BTC-24MAY19-7500-P,112.24,0.0455,0.7000000000000001,1,1557849394984,20543899,26
2019-05-14 16:00:39.678,0.1,sell,7955.98,BTC-24MAY19-7500-P,101.83,0.0395,0.1,2,1557849639678,20545367,27
2019-05-14 16:03:17.072,0.1,buy,7873.38,BTC-24MAY19-7500-P,103.49,0.0445,0.1,0,1557849797072,20548365,28
2019-05-14 16:04:41.023,0.3,sell,7828.72,BTC-24MAY19-7500-P,100.54,0.045,0.3,0,1557849881023,20549182,29
2019-05-14 16:06:37.854,0.2,sell,7779.26,BTC-24MAY19-7500-P,101.1,0.048,0.2,0,1557849997854,20551385,30
2019-05-14 16:28:01.817,0.5,sell,7940.2,BTC-24MAY19-7500-P,104.06,0.0415,0.5,2,1557851281817,20557366,31
2019-05-14 19:43:56.416,0.2,buy,7716.27,BTC-24MAY19-7500-P,100.17,0.0505,0.2,0,1557863036416,20600927,32
2019-05-14 20:49:42.839,0.2,sell,7807.11,BTC-24MAY19-7500-P,102.98,0.047,0.2,2,1557866982839,20609825,33
2019-05-15 08:16:39.895,1.0,sell,7944.75,BTC-24MAY19-7500-P,103.8,0.039,1.0,2,1557908199895,20682362,34
2019-05-15 08:19:12.905,20.0,sell,7956.58,BTC-24MAY19-7500-P,103.01,0.038,20.0,2,1557908352905,20682724,35
2019-05-15 08:19:13.036,15.0,sell,7956.58,BTC-24MAY19-7500-P,103.01,0.038,15.0,3,1557908353036,20682726,36
2019-05-15 10:27:07.424,0.1,sell,8127.33,BTC-24MAY19-7500-P,101.99,0.03,0.1,2,1557916027424,20696705,37
2019-05-15 10:38:32.579,0.2,buy,8087.93,BTC-24MAY19-7500-P,104.78,0.033,0.2,0,1557916712579,20697663,38
2019-05-15 11:23:31.003,1.0,buy,8005.73,BTC-24MAY19-7500-P,100.49,0.034,1.0,0,1557919411003,20700975,39
2019-05-15 16:12:57.282,2.4,buy,7973.76,BTC-24MAY19-7500-P,95.45,0.032,2.4,2,1557936777282,20736110,40
2019-05-15 16:14:06.980,20.0,sell,7967.0,BTC-24MAY19-7500-P,93.08,0.031,20.0,2,1557936846980,20736241,41
2019-05-15 16:18:18.268,7.6,buy,7954.04,BTC-24MAY19-7500-P,93.9,0.032,7.6,0,1557937098268,20737118,42
2019-05-15 18:46:25.750,1.0,sell,8170.77,BTC-24MAY19-7500-P,97.27,0.025,1.0,2,1557945985750,20752336,43
2019-05-15 18:51:02.642,1.0,buy,8199.33,BTC-24MAY19-7500-P,98.25,0.0245,1.0,2,1557946262642,20754441,44
2019-05-15 19:15:02.547,0.1,sell,8140.31,BTC-24MAY19-7500-P,96.23,0.0255,0.1,0,1557947702547,20764161,45
2019-05-15 22:49:21.702,0.2,sell,8168.88,BTC-24MAY19-7500-P,91.91,0.022000000000000002,0.2,2,1557960561702,20790803,46
2019-05-16 00:32:01.227,0.8,sell,8289.17,BTC-24MAY19-7500-P,100.46,0.022000000000000002,0.8,3,1557966721227,20810690,47
2019-05-16 01:02:17.672,1.0,sell,8357.23,BTC-24MAY19-7500-P,100.57,0.02,1.0,2,1557968537672,20820119,48
2019-05-16 01:51:40.529,0.2,sell,8310.74,BTC-24MAY19-7500-P,93.25,0.018000000000000002,0.2,2,1557971500529,20829294,49
2019-05-16 02:37:06.810,1.0,buy,8305.21,BTC-24MAY19-7500-P,96.49,0.0195,1.0,0,1557974226810,20833444,50
2019-05-16 02:59:13.362,1.0,buy,8316.63,BTC-24MAY19-7500-P,96.18,0.019,1.0,2,1557975553362,20834749,51
2019-05-16 04:44:17.347,3.0,buy,7906.39,BTC-24MAY19-7500-P,94.73,0.033,3.0,0,1557981857347,20856516,52
2019-05-16 04:44:17.801,7.0,buy,7906.39,BTC-24MAY19-7500-P,94.73,0.033,7.0,1,1557981857801,20856529,53
2019-05-16 08:29:56.596,0.4,sell,8044.89,BTC-24MAY19-7500-P,100.31,0.0295,0.4,2,1557995396596,20888858,54
2019-05-16 08:30:31.936,0.2,sell,8040.76,BTC-24MAY19-7500-P,99.98,0.0295,0.2,3,1557995431936,20888869,55
2019-05-16 08:59:35.031,0.2,buy,7981.64,BTC-24MAY19-7500-P,100.21,0.032,0.2,0,1557997175031,20890871,56
2019-05-16 09:00:02.247,10.0,buy,7978.25,BTC-24MAY19-7500-P,106.6,0.0355,10.0,0,1557997202247,20890900,57
2019-05-16 09:00:28.275,9.8,buy,7972.9,BTC-24MAY19-7500-P,107.09,0.036000000000000004,9.8,0,1557997228275,20890930,58
2019-05-16 10:14:34.898,0.2,buy,7863.61,BTC-24MAY19-7500-P,97.01,0.0355,0.2,2,1558001674898,20900090,59
2019-05-16 10:21:56.823,0.2,sell,7840.9,BTC-24MAY19-7500-P,95.93,0.036000000000000004,0.2,0,1558002116823,20906062,60
2019-05-16 10:55:50.161,0.2,sell,7842.02,BTC-24MAY19-7500-P,93.41,0.0345,0.2,2,1558004150161,20914378,61
2019-05-16 13:44:01.563,1.0,buy,7823.55,BTC-24MAY19-7500-P,93.36,0.035,1.0,0,1558014241563,20931975,62
2019-05-16 20:38:38.551,6.0,buy,7810.02,BTC-24MAY19-7500-P,106.0,0.0415,6.0,0,1558039118551,20976127,63
2019-05-16 20:39:16.703,0.1,buy,7807.49,BTC-24MAY19-7500-P,105.76,0.0415,0.1,1,1558039156703,20976163,64
2019-05-16 23:00:47.945,1.0,sell,7819.13,BTC-24MAY19-7500-P,99.14,0.037000000000000005,1.0,2,1558047647945,20997843,65
2019-05-17 01:52:19.146,1.0,buy,7773.0,BTC-24MAY19-7500-P,98.28,0.0385,1.0,0,1558057939146,21012256,66
2019-05-17 03:01:49.027,21.0,buy,7177.25,BTC-24MAY19-7500-P,67.03,0.065,21.0,0,1558062109027,21030419,67
2019-05-17 03:01:49.070,4.0,buy,7177.25,BTC-24MAY19-7500-P,67.03,0.065,4.0,1,1558062109070,21030420,68
2019-05-17 03:02:05.160,10.0,buy,7187.18,BTC-24MAY19-7500-P,68.96,0.065,10.0,1,1558062125160,21031460,69
2019-05-17 03:56:34.885,1.0,buy,7276.84,BTC-24MAY19-7500-P,99.34,0.073,1.0,0,1558065394885,21087727,70
2019-05-17 05:54:44.105,1.0,buy,7179.06,BTC-24MAY19-7500-P,96.46,0.08,1.0,0,1558072484105,21115744,71
2019-05-17 05:56:22.153,0.1,buy,7187.48,BTC-24MAY19-7500-P,97.94,0.08,0.1,1,1558072582153,21116082,72
2019-05-17 05:58:50.885,1.0,buy,7159.88,BTC-24MAY19-7500-P,98.65,0.083,1.0,0,1558072730885,21116511,73
2019-05-17 05:58:51.757,1.0,buy,7159.2,BTC-24MAY19-7500-P,102.25,0.085,1.0,0,1558072731757,21116512,74
2019-05-17 07:44:16.815,1.0,buy,7349.22,BTC-24MAY19-7500-P,102.41,0.068,1.0,2,1558079056815,21128371,75
2019-05-17 08:08:14.719,2.0,sell,7239.95,BTC-24MAY19-7500-P,95.49,0.0735,2.0,0,1558080494719,21131171,76
2019-05-17 08:08:40.444,3.0,sell,7231.34,BTC-24MAY19-7500-P,94.98,0.07400000000000001,3.0,0,1558080520444,21131278,77
2019-05-17 10:52:30.166,0.2,sell,7227.2,BTC-24MAY19-7500-P,94.12,0.0735,0.2,2,1558090350166,21146374,78
2019-05-17 11:40:45.614,5.0,sell,7142.85,BTC-24MAY19-7500-P,96.24,0.0825,5.0,0,1558093245614,21152085,79
2019-05-17 13:53:55.550,5.0,sell,7150.53,BTC-24MAY19-7500-P,91.58,0.079,5.0,2,1558101235550,21178673,80
2019-05-17 16:11:02.989,3.0,buy,7036.12,BTC-24MAY19-7500-P,112.59,0.10099999999999999,3.0,0,1558109462989,21193756,81
2019-05-17 19:46:23.776,1.0,sell,7108.56,BTC-24MAY19-7500-P,100.84,0.087,1.0,2,1558122383776,21224500,82
2019-05-17 22:31:29.293,0.1,buy,7214.01,BTC-24MAY19-7500-P,110.77,0.0815,0.1,2,1558132289293,21243661,83
2019-05-18 06:22:43.233,1.0,buy,7401.31,BTC-24MAY19-7500-P,109.37,0.0635,1.0,2,1558160563233,21275874,84
2019-05-18 06:50:31.302,1.0,buy,7400.54,BTC-24MAY19-7500-P,108.46,0.063,1.0,2,1558162231302,21277202,85
2019-05-18 08:05:26.752,0.2,sell,7361.19,BTC-24MAY19-7500-P,93.02,0.057999999999999996,0.2,2,1558166726752,21281865,86
2019-05-19 01:04:11.466,0.1,sell,7319.15,BTC-24MAY19-7500-P,88.54,0.0565,0.1,2,1558227851466,21326657,87
2019-05-19 01:46:08.802,0.1,buy,7565.44,BTC-24MAY19-7500-P,106.42,0.0465,0.1,2,1558230368802,21339408,88
2019-05-19 01:47:42.917,0.1,buy,7598.4,BTC-24MAY19-7500-P,106.67,0.0445,0.1,2,1558230462917,21339604,89
2019-05-19 02:05:44.356,0.2,sell,7685.16,BTC-24MAY19-7500-P,97.51,0.035,0.2,2,1558231544356,21342508,90
2019-05-19 02:07:11.081,0.8,sell,7764.04,BTC-24MAY19-7500-P,106.83,0.035,0.8,3,1558231631081,21344513,91
2019-05-19 03:50:54.581,1.0,sell,7917.95,BTC-24MAY19-7500-P,108.29,0.028,1.0,2,1558237854581,21363607,92
2019-05-19 04:18:12.941,0.1,sell,7941.6,BTC-24MAY19-7500-P,100.03,0.0235,0.1,2,1558239492941,21367476,93
2019-05-19 04:42:05.520,0.1,buy,7865.67,BTC-24MAY19-7500-P,106.72,0.0295,0.1,0,1558240925520,21369939,94
2019-05-19 04:53:51.170,0.1,sell,7991.18,BTC-24MAY19-7500-P,101.32,0.022000000000000002,0.1,2,1558241631170,21371570,95
2019-05-19 06:51:28.785,2.0,sell,7948.54,BTC-24MAY19-7500-P,99.28,0.0225,2.0,0,1558248688785,21380020,96
2019-05-19 07:57:59.158,10.0,buy,7965.09,BTC-24MAY19-7500-P,113.75,0.0275,10.0,0,1558252679158,21384299,97
2019-05-19 08:29:19.686,0.2,sell,7977.47,BTC-24MAY19-7500-P,106.55,0.024,0.2,2,1558254559686,21385985,98
2019-05-19 09:09:38.023,3.0,buy,7975.44,BTC-24MAY19-7500-P,116.61,0.027999999999999997,3.0,0,1558256978023,21387881,99
2019-05-19 09:50:37.279,1.0,sell,8004.35,BTC-24MAY19-7500-P,109.81,0.024,1.0,2,1558259437279,21388972,100
2019-05-19 09:51:18.605,8.8,sell,8022.34,BTC-24MAY19-7500-P,111.56,0.024,8.8,3,1558259478605,21389322,101
2019-05-19 12:22:16.108,2.8000000000000003,sell,7827.96,BTC-24MAY19-7500-P,103.64,0.0285,2.8000000000000003,0,1558268536108,21408406,102
2019-05-19 12:22:17.003,2.2,sell,7819.73,BTC-24MAY19-7500-P,103.91,0.028999999999999998,2.2,0,1558268537003,21408444,103
2019-05-19 12:24:22.161,5.0,sell,7896.0,BTC-24MAY19-7500-P,93.81,0.0215,5.0,2,1558268662161,21410601,104
2019-05-19 13:12:52.139,2.5,buy,7960.69,BTC-24MAY19-7500-P,96.74,0.02,2.5,2,1558271572139,21419894,105
2019-05-19 13:13:38.071,10.5,sell,7955.41,BTC-24MAY19-7500-P,94.92,0.0195,10.5,2,1558271618071,21420309,106
2019-05-19 13:14:11.443,2.0,sell,7959.56,BTC-24MAY19-7500-P,92.69,0.0185,2.0,2,1558271651443,21420377,107
2019-05-19 13:55:02.663,0.2,buy,7924.32,BTC-24MAY19-7500-P,99.86,0.0225,0.2,0,1558274102663,21426569,108
2019-05-19 13:57:09.804,0.1,buy,7875.44,BTC-24MAY19-7500-P,94.84,0.0225,0.1,1,1558274229804,21427099,109
2019-05-19 17:45:27.946,1.0,buy,7992.35,BTC-24MAY19-7500-P,103.17,0.0205,1.0,2,1558287927946,21440811,110
2019-05-19 19:28:29.290,2.2,sell,8015.81,BTC-24MAY19-7500-P,100.79,0.0185,2.2,2,1558294109290,21444693,111
2019-05-19 19:29:03.331,0.2,sell,8033.0,BTC-24MAY19-7500-P,102.44,0.0185,0.2,3,1558294143331,21445034,112
2019-05-19 19:29:05.011,0.6,sell,8033.13,BTC-24MAY19-7500-P,102.45,0.0185,0.6,3,1558294145011,21445086,113
2019-05-19 22:37:55.991,0.2,sell,8147.91,BTC-24MAY19-7500-P,105.75,0.0155,0.2,2,1558305475991,21462387,114
2019-05-20 00:37:31.917,0.1,sell,8036.58,BTC-24MAY19-7500-P,103.87,0.018000000000000002,0.1,0,1558312651917,21497872,115
2019-05-20 06:31:42.005,0.1,buy,7952.69,BTC-24MAY19-7500-P,104.13,0.02,0.1,0,1558333902005,21533657,116
2019-05-20 07:35:52.309,1.0,sell,7977.66,BTC-24MAY19-7500-P,103.02,0.0185,1.0,2,1558337752309,21541563,117
2019-05-20 08:29:54.552,0.2,buy,7908.03,BTC-24MAY19-7500-P,103.17,0.021,0.2,0,1558340994552,21547422,118
2019-05-20 09:00:57.392,0.1,sell,7917.82,BTC-24MAY19-7500-P,104.53,0.021,0.1,1,1558342857392,21553768,119
2019-05-20 10:45:20.206,1.5,buy,7906.63,BTC-24MAY19-7500-P,100.0,0.0195,1.5,2,1558349120206,21561195,120
2019-05-20 10:47:52.097,0.1,buy,7911.15,BTC-24MAY19-7500-P,100.52,0.0195,0.1,3,1558349272097,21561250,121
2019-05-20 10:48:29.806,0.1,buy,7910.25,BTC-24MAY19-7500-P,100.42,0.0195,0.1,3,1558349309806,21561259,122
2019-05-20 10:49:26.238,0.3,buy,7909.89,BTC-24MAY19-7500-P,100.39,0.0195,0.3,3,1558349366238,21561261,123
2019-05-20 13:09:23.566,0.4,sell,7616.09,BTC-24MAY19-7500-P,90.86,0.0295,0.4,0,1558357763566,21581832,124
2019-05-20 13:09:23.568,2.6,buy,7616.09,BTC-24MAY19-7500-P,90.86,0.0295,2.6,1,1558357763568,21581833,125
2019-05-20 13:24:39.676,0.4,buy,7692.31,BTC-24MAY19-7500-P,103.15,0.03,0.4,0,1558358679676,21586402,126
2019-05-20 13:24:56.378,0.4,sell,7697.23,BTC-24MAY19-7500-P,103.83,0.03,0.4,1,1558358696378,21586423,127
2019-05-20 13:24:58.289,0.2,sell,7697.54,BTC-24MAY19-7500-P,103.87,0.03,0.2,1,1558358698289,21586425,128
2019-05-20 14:00:37.211,0.1,sell,7767.87,BTC-24MAY19-7500-P,107.11,0.0275,0.1,2,1558360837211,21590540,129
2019-05-20 14:29:58.926,0.7000000000000001,sell,7750.92,BTC-24MAY19-7500-P,101.2,0.026000000000000002,0.7000000000000001,2,1558362598926,21593088,130
2019-05-20 14:29:59.504,2.2,buy,7750.92,BTC-24MAY19-7500-P,101.2,0.026000000000000002,2.2,3,1558362599504,21593090,131
2019-05-20 14:30:10.294,20.0,buy,7747.55,BTC-24MAY19-7500-P,100.76,0.026000000000000002,20.0,3,1558362610294,21593095,132
2019-05-20 14:30:11.021,2.0,buy,7747.55,BTC-24MAY19-7500-P,100.76,0.026000000000000002,2.0,3,1558362611021,21593112,133
2019-05-20 14:30:11.902,0.1,buy,7745.16,BTC-24MAY19-7500-P,100.44,0.026000000000000002,0.1,3,1558362611902,21593120,134
2019-05-20 16:00:54.879,0.1,buy,7852.18,BTC-24MAY19-7500-P,98.11,0.02,0.1,2,1558368054879,21599319,135
2019-05-20 17:29:15.217,0.7000000000000001,buy,7813.45,BTC-24MAY19-7500-P,99.93,0.022000000000000002,0.7000000000000001,0,1558373355217,21604799,136
2019-05-20 17:29:50.605,0.7000000000000001,buy,7804.73,BTC-24MAY19-7500-P,98.86,0.022,0.7000000000000001,1,1558373390605,21604875,137
2019-05-20 17:36:14.745,6.0,buy,7774.29,BTC-24MAY19-7500-P,97.86,0.023,6.0,0,1558373774745,21605681,138
2019-05-20 17:36:15.224,1.0,buy,7773.42,BTC-24MAY19-7500-P,97.75,0.023,1.0,1,1558373775224,21605682,139
2019-05-20 17:57:31.247,6.0,buy,7779.47,BTC-24MAY19-7500-P,98.73,0.023,6.0,1,1558375051247,21606747,140
2019-05-20 17:57:32.011,0.2,buy,7779.47,BTC-24MAY19-7500-P,98.73,0.023,0.2,1,1558375052011,21606765,141
2019-05-20 17:57:32.730,6.0,buy,7777.66,BTC-24MAY19-7500-P,98.5,0.023,6.0,1,1558375052730,21606785,142
2019-05-20 17:57:44.083,0.8,buy,7776.67,BTC-24MAY19-7500-P,98.37,0.023,0.8,1,1558375064083,21606887,143
2019-05-20 18:41:56.114,0.1,buy,7700.83,BTC-24MAY19-7500-P,98.18,0.0265,0.1,0,1558377716114,21609883,144
2019-05-20 19:42:48.710,0.2,sell,7844.84,BTC-24MAY19-7500-P,93.49,0.018000000000000002,0.2,2,1558381368710,21615622,145
2019-05-20 22:01:56.909,0.1,sell,8073.45,BTC-24MAY19-7500-P,94.6,0.0105,0.1,2,1558389716909,21639062,146
2019-05-20 23:35:07.360,3.0,sell,7975.31,BTC-24MAY19-7500-P,91.08,0.012,3.0,0,1558395307360,21651279,147
2019-05-20 23:50:38.617,3.0,sell,7982.29,BTC-24MAY19-7500-P,91.96,0.012,3.0,1,1558396238617,21652105,148
2019-05-21 05:12:51.838,1.0,sell,7878.2,BTC-24MAY19-7500-P,100.21,0.017,1.0,0,1558415571838,21670556,149
2019-05-21 09:11:08.835,5.0,sell,7964.91,BTC-24MAY19-7500-P,97.73,0.0125,5.0,2,1558429868835,21678030,150
2019-05-21 09:15:07.618,2.0,sell,7985.64,BTC-24MAY19-7500-P,98.24,0.012,2.0,2,1558430107618,21678274,151
2019-05-21 09:16:05.317,3.3000000000000003,sell,7999.84,BTC-24MAY19-7500-P,97.94,0.0115,3.3000000000000003,2,1558430165317,21678716,152
2019-05-21 09:21:29.279,0.1,sell,8012.88,BTC-24MAY19-7500-P,97.5,0.011000000000000001,0.1,2,1558430489279,21679364,153
2019-05-21 09:22:47.010,3.6,sell,8021.16,BTC-24MAY19-7500-P,98.4,0.011000000000000001,3.6,3,1558430567010,21679403,154
2019-05-21 09:24:18.737,0.1,sell,8027.54,BTC-24MAY19-7500-P,91.15,0.009000000000000001,0.1,2,1558430658737,21679481,155
2019-05-21 10:00:10.081,2.4,sell,7993.54,BTC-24MAY19-7500-P,92.0,0.01,2.4,0,1558432810081,21681045,156
2019-05-21 12:32:40.701,10.0,sell,7882.15,BTC-24MAY19-7500-P,88.64,0.012,10.0,0,1558441960701,21690812,157
2019-05-21 12:48:42.644,1.0,sell,7895.62,BTC-24MAY19-7500-P,86.75,0.011000000000000001,1.0,2,1558442922644,21692234,158
2019-05-21 13:05:16.605,1.0,sell,7952.1,BTC-24MAY19-7500-P,93.4,0.011000000000000001,1.0,3,1558443916605,21693183,159
2019-05-21 13:09:01.652,9.7,sell,7960.6,BTC-24MAY19-7500-P,90.53,0.01,9.7,2,1558444141652,21693630,160
2019-05-21 13:14:05.779,2.9,sell,7980.33,BTC-24MAY19-7500-P,94.73,0.0105,2.9,0,1558444445779,21694645,161
2019-05-21 13:14:42.083,0.1,sell,7988.86,BTC-24MAY19-7500-P,95.68,0.0105,0.1,1,1558444482083,21694770,162
2019-05-21 13:14:42.083,3.0,sell,7988.86,BTC-24MAY19-7500-P,95.68,0.0105,3.0,1,1558444482083,21694771,163
2019-05-21 14:37:26.278,0.5,buy,7922.19,BTC-24MAY19-7500-P,102.16,0.014,0.5,1,1558449446278,21701176,165
2019-05-21 14:37:26.278,0.9,buy,7922.19,BTC-24MAY19-7500-P,102.16,0.014,0.9,0,1558449446278,21701175,164
2019-05-21 17:05:03.485,3.0,sell,7928.32,BTC-24MAY19-7500-P,89.61,0.01,3.0,2,1558458303485,21709136,166
2019-05-21 17:15:30.410,0.2,sell,7937.41,BTC-24MAY19-7500-P,88.76,0.0095,0.2,2,1558458930410,21709602,167
2019-05-21 17:26:43.984,2.6,sell,7968.02,BTC-24MAY19-7500-P,90.3,0.009000000000000001,2.6,2,1558459603984,21710105,168
2019-05-21 17:28:02.126,2.3000000000000003,sell,7982.7,BTC-24MAY19-7500-P,91.94,0.009000000000000001,2.3000000000000003,3,1558459682126,21710342,169
2019-05-21 17:38:00.759,2.0,sell,7952.84,BTC-24MAY19-7500-P,92.83,0.01,2.0,0,1558460280759,21710957,170
2019-05-21 17:43:27.493,0.1,sell,7966.36,BTC-24MAY19-7500-P,90.31,0.009000000000000001,0.1,2,1558460607493,21711047,171
2019-05-21 17:47:34.803,0.2,sell,7957.29,BTC-24MAY19-7500-P,89.35,0.009000000000000001,0.2,3,1558460854803,21711129,172
2019-05-21 18:39:07.114,2.8000000000000003,buy,8021.58,BTC-24MAY19-7500-P,94.93,0.0085,2.8000000000000003,2,1558463947114,21716153,173
2019-05-21 19:13:44.924,0.4,buy,8033.04,BTC-24MAY19-7500-P,94.37,0.008,0.4,2,1558466024924,21718809,174
2019-05-21 20:02:13.464,0.2,buy,8046.38,BTC-24MAY19-7500-P,94.09,0.0075,0.2,2,1558468933464,21720560,175
2019-05-21 20:06:42.358,0.1,buy,8076.42,BTC-24MAY19-7500-P,94.89,0.006999999999999999,0.1,2,1558469202358,21721546,176
2019-05-21 20:56:15.411,0.2,buy,8092.04,BTC-24MAY19-7500-P,94.64,0.0065,0.2,2,1558472175411,21725175,177
2019-05-21 21:23:25.453,0.1,sell,8034.94,BTC-24MAY19-7500-P,84.0,0.0055,0.1,2,1558473805453,21727443,178
2019-05-21 21:24:38.377,0.2,buy,8030.11,BTC-24MAY19-7500-P,98.09,0.0085,0.2,0,1558473878377,21727486,179
2019-05-21 22:09:43.083,0.1,buy,7921.81,BTC-24MAY19-7500-P,94.73,0.0105,0.1,0,1558476583083,21731808,180
2019-05-22 04:49:41.566,1.0,buy,7931.51,BTC-24MAY19-7500-P,97.55,0.0095,1.0,2,1558500581566,21747337,181
2019-05-22 07:44:23.705,0.1,sell,7908.36,BTC-24MAY19-7500-P,85.62,0.006999999999999999,0.1,2,1558511063705,21751470,182
2019-05-22 07:48:31.940,10.0,buy,7922.59,BTC-24MAY19-7500-P,99.34,0.0095,10.0,0,1558511311940,21751587,183
2019-05-22 09:52:08.673,5.0,buy,7896.57,BTC-24MAY19-7500-P,104.82,0.011000000000000001,5.0,0,1558518728673,21754934,184
2019-05-22 09:56:53.352,0.1,sell,7906.49,BTC-24MAY19-7500-P,92.35,0.008,0.1,2,1558519013352,21755426,185
2019-05-22 09:56:53.352,0.1,sell,7906.49,BTC-24MAY19-7500-P,89.91,0.0075,0.1,2,1558519013352,21755427,186
2019-05-22 09:56:53.352,0.8,sell,7906.49,BTC-24MAY19-7500-P,89.91,0.0075,0.8,3,1558519013352,21755428,187
2019-05-22 11:03:31.404,0.4,buy,7833.2,BTC-24MAY19-7500-P,90.4,0.0095,0.4,0,1558523011404,21759935,188
2019-05-22 11:12:41.636,0.1,buy,7818.26,BTC-24MAY19-7500-P,88.42,0.0095,0.1,1,1558523561636,21761371,189
2019-05-22 11:12:48.626,2.5,buy,7807.45,BTC-24MAY19-7500-P,86.84,0.0095,2.5,1,1558523568626,21761561,190
2019-05-22 11:21:03.123,0.1,sell,7849.34,BTC-24MAY19-7500-P,83.68,0.0075,0.1,2,1558524063123,21763723,191
2019-05-22 12:39:18.594,0.2,buy,7834.11,BTC-24MAY19-7500-P,92.19,0.0095,0.2,0,1558528758594,21770818,192
2019-05-22 12:40:07.104,0.2,buy,7841.1,BTC-24MAY19-7500-P,93.22,0.0095,0.2,1,1558528807104,21770866,193
2019-05-22 13:38:51.444,10.0,sell,7837.46,BTC-24MAY19-7500-P,93.76,0.0095,10.0,1,1558532331444,21773553,194
2019-05-22 13:39:42.833,10.0,sell,7838.46,BTC-24MAY19-7500-P,93.93,0.0095,10.0,1,1558532382833,21773567,195
2019-05-22 13:39:49.994,10.0,sell,7838.59,BTC-24MAY19-7500-P,93.95,0.0095,10.0,1,1558532389994,21773571,196
2019-05-22 13:41:07.848,10.0,sell,7864.2,BTC-24MAY19-7500-P,97.7,0.0095,10.0,1,1558532467848,21773889,197
2019-05-22 13:42:25.635,10.0,sell,7861.36,BTC-24MAY19-7500-P,97.31,0.0095,10.0,1,1558532545635,21774012,198
2019-05-22 13:44:38.461,10.0,sell,7854.11,BTC-24MAY19-7500-P,96.31,0.0095,10.0,1,1558532678461,21774271,199
2019-05-22 13:45:32.294,10.0,sell,7856.31,BTC-24MAY19-7500-P,96.65,0.0095,10.0,1,1558532732294,21774320,200
2019-05-22 13:45:46.630,10.0,sell,7860.07,BTC-24MAY19-7500-P,97.2,0.0095,10.0,1,1558532746630,21774336,201
2019-05-22 13:46:21.222,10.0,sell,7863.09,BTC-24MAY19-7500-P,97.64,0.0095,10.0,1,1558532781222,21774388,202
2019-05-22 13:46:45.406,10.0,sell,7860.62,BTC-24MAY19-7500-P,97.3,0.0095,10.0,1,1558532805406,21774390,203
2019-05-22 14:11:57.585,10.0,sell,7871.24,BTC-24MAY19-7500-P,94.5,0.0085,10.0,2,1558534317585,21775243,204
2019-05-22 15:08:59.701,4.2,sell,7877.23,BTC-24MAY19-7500-P,88.82,0.006999999999999999,4.2,2,1558537739701,21777565,205
2019-05-22 15:21:11.529,5.8,sell,7940.33,BTC-24MAY19-7500-P,97.6,0.006999999999999999,5.8,3,1558538471529,21779268,206
2019-05-22 15:21:11.529,0.2,sell,7940.33,BTC-24MAY19-7500-P,97.6,0.006999999999999999,0.2,3,1558538471529,21779269,207
2019-05-22 15:25:11.065,0.1,sell,8003.26,BTC-24MAY19-7500-P,97.06,0.0055,0.1,2,1558538711065,21781865,208
2019-05-22 15:35:11.373,1.0,buy,7979.06,BTC-24MAY19-7500-P,91.16,0.005,1.0,2,1558539311373,21784499,209
2019-05-22 15:59:20.440,0.2,buy,7978.89,BTC-24MAY19-7500-P,100.64,0.0065,0.2,0,1558540760440,21786391,210
2019-05-22 19:09:14.162,0.4,buy,7919.93,BTC-24MAY19-7500-P,93.84,0.006,0.4,2,1558552154162,21796074,211
2019-05-22 20:04:52.547,0.2,sell,7933.06,BTC-24MAY19-7500-P,87.36,0.0045,0.2,2,1558555492547,21798131,212
2019-05-22 20:04:52.547,0.2,sell,7933.06,BTC-24MAY19-7500-P,83.96,0.004,0.2,2,1558555492547,21798132,213
2019-05-22 20:04:52.547,0.1,sell,7933.06,BTC-24MAY19-7500-P,83.96,0.004,0.1,3,1558555492547,21798133,214
2019-05-22 20:15:13.813,0.2,buy,7920.87,BTC-24MAY19-7500-P,89.21,0.005,0.2,0,1558556113813,21799283,215
2019-05-22 20:16:22.833,11.8,buy,7890.82,BTC-24MAY19-7500-P,85.15,0.005,11.8,1,1558556182833,21800081,216
2019-05-22 20:18:15.966,1.0,buy,7822.19,BTC-24MAY19-7500-P,89.43,0.0075,1.0,0,1558556295966,21803616,217
2019-05-22 20:22:51.308,0.4,buy,7719.86,BTC-24MAY19-7500-P,84.86,0.01,0.4,0,1558556571308,21807165,218
2019-05-22 20:22:59.187,3.6,buy,7709.36,BTC-24MAY19-7500-P,82.99,0.01,3.6,1,1558556579187,21807486,219
2019-05-22 20:23:03.188,2.0,buy,7705.9,BTC-24MAY19-7500-P,82.37,0.01,2.0,1,1558556583188,21807657,220
2019-05-22 20:23:09.298,5.0,buy,7707.12,BTC-24MAY19-7500-P,82.59,0.01,5.0,1,1558556589298,21807800,221
2019-05-22 20:23:19.736,10.1,buy,7700.22,BTC-24MAY19-7500-P,81.35,0.01,10.1,1,1558556599736,21808250,222
2019-05-22 20:23:20.861,4.0,buy,7699.58,BTC-24MAY19-7500-P,81.24,0.01,4.0,1,1558556600861,21808283,223
2019-05-22 20:23:22.574,24.9,buy,7697.65,BTC-24MAY19-7500-P,80.89,0.01,24.9,1,1558556602574,21808333,224
2019-05-22 21:41:05.741,1.0,sell,7730.29,BTC-24MAY19-7500-P,88.33,0.01,1.0,1,1558561265741,21823500,225
2019-05-22 21:42:06.191,1.0,sell,7742.5,BTC-24MAY19-7500-P,90.53,0.01,1.0,1,1558561326191,21823592,226
2019-05-22 21:57:09.180,5.0,buy,7633.05,BTC-24MAY19-7500-P,87.64,0.013999999999999999,5.0,0,1558562229180,21827881,227
2019-05-22 22:07:30.277,0.4,sell,7622.82,BTC-24MAY19-7500-P,92.05,0.0155,0.4,0,1558562850277,21834639,228
2019-05-22 22:07:32.703,0.4,sell,7624.11,BTC-24MAY19-7500-P,92.35,0.0155,0.4,1,1558562852703,21834717,229
2019-05-22 22:07:51.635,0.2,sell,7610.64,BTC-24MAY19-7500-P,89.39,0.0155,0.2,1,1558562871635,21834951,230
2019-05-22 22:07:51.635,4.8,sell,7610.64,BTC-24MAY19-7500-P,80.95,0.0135,4.8,2,1558562871635,21834952,231
2019-05-22 22:09:01.279,0.1,sell,7638.06,BTC-24MAY19-7500-P,82.49,0.0125,0.1,2,1558562941279,21835436,232
2019-05-22 22:19:18.605,0.1,buy,7659.73,BTC-24MAY19-7500-P,91.52,0.0135,0.1,0,1558563558605,21838951,233
2019-05-22 22:19:27.255,0.4,sell,7663.02,BTC-24MAY19-7500-P,78.87,0.0105,0.4,2,1558563567255,21838958,234
2019-05-22 22:19:27.255,9.6,sell,7663.02,BTC-24MAY19-7500-P,78.87,0.0105,9.6,3,1558563567255,21838959,235
2019-05-22 22:19:38.583,6.0,sell,7664.65,BTC-24MAY19-7500-P,76.94,0.01,6.0,2,1558563578583,21838977,236
2019-05-22 22:19:38.583,0.4,sell,7664.65,BTC-24MAY19-7500-P,76.94,0.01,0.4,3,1558563578583,21838978,237
2019-05-22 22:19:38.583,3.6,sell,7664.65,BTC-24MAY19-7500-P,72.38,0.009000000000000001,3.6,2,1558563578583,21838979,238
2019-05-22 22:22:48.846,0.1,sell,7719.83,BTC-24MAY19-7500-P,94.38,0.0115,0.1,0,1558563768846,21840006,239
2019-05-22 22:42:55.611,0.2,buy,7721.91,BTC-24MAY19-7500-P,95.24,0.0115,0.2,1,1558564975611,21842852,240
2019-05-22 22:46:31.610,0.1,buy,7732.15,BTC-24MAY19-7500-P,94.89,0.011000000000000001,0.1,2,1558565191610,21843105,241
2019-05-23 00:41:57.041,1.0,sell,7631.36,BTC-24MAY19-7500-P,82.09,0.012,1.0,0,1558572117041,21857398,242
2019-05-23 01:04:57.670,1.0,sell,7670.72,BTC-24MAY19-7500-P,79.13,0.0095,1.0,2,1558573497670,21858777,243
2019-05-23 03:23:46.367,0.5,buy,7640.11,BTC-24MAY19-7500-P,94.91,0.0135,0.5,0,1558581826367,21864875,244
2019-05-23 03:23:46.367,0.6,buy,7640.11,BTC-24MAY19-7500-P,97.25,0.013999999999999999,0.6,0,1558581826367,21864876,245
2019-05-23 07:11:43.332,0.7000000000000001,buy,7630.46,BTC-24MAY19-7500-P,81.81,0.01,0.7000000000000001,2,1558595503332,21876566,246
2019-05-23 07:49:39.858,1.0,buy,7589.46,BTC-24MAY19-7500-P,82.85,0.012,1.0,0,1558597779858,21877739,247
2019-05-23 08:57:50.238,2.5,buy,7575.68,BTC-24MAY19-7500-P,83.68,0.0125,2.5,0,1558601870238,21882239,248
2019-05-23 08:57:50.238,0.1,buy,7575.68,BTC-24MAY19-7500-P,83.68,0.0125,0.1,1,1558601870238,21882240,249
2019-05-23 09:14:27.580,0.2,sell,7492.73,BTC-24MAY19-7500-P,86.06,0.018000000000000002,0.2,0,1558602867580,21885042,250
2019-05-23 09:14:28.009,7.3,sell,7492.73,BTC-24MAY19-7500-P,86.06,0.018000000000000002,7.3,1,1558602868009,21885047,251
2019-05-23 13:09:22.169,0.4,sell,7663.68,BTC-24MAY19-7500-P,93.4,0.0085,0.4,2,1558616962169,21898957,252
2019-05-23 13:15:49.833,1.0,sell,7688.49,BTC-24MAY19-7500-P,73.11,0.0045,1.0,2,1558617349833,21900221,253
2019-05-23 15:39:39.156,1.0,buy,7781.99,BTC-24MAY19-7500-P,103.19,0.005,1.0,0,1558625979156,21914532,254
2019-05-23 16:14:03.540,10.0,sell,7845.01,BTC-24MAY19-7500-P,109.32,0.004,10.0,2,1558628043540,21917269,255
2019-05-23 16:14:06.036,2.0,sell,7845.41,BTC-24MAY19-7500-P,109.4,0.004,2.0,3,1558628046036,21917270,256
2019-05-23 16:18:42.779,10.0,sell,7853.87,BTC-24MAY19-7500-P,106.4,0.0035,10.0,2,1558628322779,21917759,257
2019-05-23 16:38:21.386,4.0,sell,7821.56,BTC-24MAY19-7500-P,100.99,0.0035,4.0,3,1558629501386,21918780,258
2019-05-23 16:42:50.720,1.0,buy,7820.66,BTC-24MAY19-7500-P,110.68,0.0045,1.0,0,1558629770720,21918980,259
2019-05-23 16:43:17.478,1.0,sell,7821.41,BTC-24MAY19-7500-P,110.84,0.0045,1.0,1,1558629797478,21919000,260
2019-05-23 16:58:50.099,20.0,sell,7828.46,BTC-24MAY19-7500-P,103.58,0.0035,20.0,2,1558630730099,21919520,261
2019-05-23 17:05:30.332,20.0,sell,7880.55,BTC-24MAY19-7500-P,114.45,0.0035,20.0,3,1558631130332,21920176,262
2019-05-23 17:15:16.589,1.0,sell,7793.48,BTC-24MAY19-7500-P,97.2,0.0035,1.0,3,1558631716589,21921484,263
2019-05-23 19:43:57.229,1.0,sell,7759.57,BTC-24MAY19-7500-P,108.65,0.0045,1.0,0,1558640637229,21928575,264
2019-05-23 19:55:50.992,10.0,sell,7785.09,BTC-24MAY19-7500-P,105.5,0.0035,10.0,2,1558641350992,21928998,265
2019-05-23 20:01:01.414,10.0,sell,7781.57,BTC-24MAY19-7500-P,105.04,0.0035,10.0,3,1558641661414,21929200,266
2019-05-23 20:03:18.788,10.0,sell,7808.14,BTC-24MAY19-7500-P,111.42,0.0035,10.0,3,1558641798788,21929405,267
2019-05-23 20:12:15.464,10.0,sell,7824.72,BTC-24MAY19-7500-P,115.98,0.0035,10.0,3,1558642335464,21930845,268
2019-05-23 20:12:21.745,5.0,sell,7824.15,BTC-24MAY19-7500-P,115.85,0.0035,5.0,3,1558642341745,21930855,269
2019-05-23 20:12:21.745,1.0,sell,7824.15,BTC-24MAY19-7500-P,115.85,0.0035,1.0,3,1558642341745,21930856,270
2019-05-23 20:49:52.912,0.1,buy,7829.35,BTC-24MAY19-7500-P,100.8,0.002,0.1,2,1558644592912,21932718,271
2019-05-23 21:40:01.024,0.5,sell,7916.32,BTC-24MAY19-7500-P,123.72,0.002,0.5,3,1558647601024,21937389,272
2019-05-23 21:50:29.182,0.2,sell,7942.14,BTC-24MAY19-7500-P,130.23,0.002,0.2,3,1558648229182,21939136,273
2019-05-23 22:27:14.262,20.0,sell,7978.2,BTC-24MAY19-7500-P,142.19,0.002,20.0,3,1558650434262,21943190,274
2019-05-23 22:33:48.822,0.1,sell,7963.73,BTC-24MAY19-7500-P,139.92,0.002,0.1,3,1558650828822,21944432,275
2019-05-23 22:35:12.421,10.0,sell,7974.5,BTC-24MAY19-7500-P,142.39,0.002,10.0,3,1558650912421,21944557,276
2019-05-23 22:45:11.093,9.7,sell,7954.4,BTC-24MAY19-7500-P,139.25,0.002,9.7,3,1558651511093,21945673,277
2019-05-23 22:55:09.459,2.0,buy,7915.53,BTC-24MAY19-7500-P,148.16,0.003,2.0,0,1558652109459,21947013,278
2019-05-23 23:01:51.273,10.0,sell,7901.2,BTC-24MAY19-7500-P,129.34,0.002,10.0,2,1558652511273,21947400,279
2019-05-24 04:41:28.323,0.5,buy,7860.8,BTC-24MAY19-7500-P,165.07,0.001,0.5,2,1558672888323,21962230,280
