date_utc,amount,direction,indexPrice,instrument,iv,price,quantity,tickDirection,timeStamp,tradeId,tradeSeq
2019-02-19 13:26:26.143,10.0,buy,3939.29,BTC-26APR19-5500-C,59.24,0.013000000000000001,10.0,1,1550582786143,15627324,1
2019-02-20 01:30:40.045,5.0,buy,3887.18,BTC-26APR19-5500-C,62.25,0.013999999999999999,5.0,1,1550626240045,15673188,3
2019-02-20 01:30:40.045,15.0,buy,3887.18,BTC-26APR19-5500-C,62.25,0.013999999999999999,15.0,0,1550626240045,15673187,2
2019-02-20 01:36:42.673,6.0,sell,3887.24,BTC-26APR19-5500-C,62.3,0.013999999999999999,6.0,1,1550626602673,15673234,4
2019-02-20 01:37:07.710,5.9,sell,3888.78,BTC-26APR19-5500-C,62.28,0.013999999999999999,5.9,1,1550626627710,15673241,5
2019-02-20 01:37:14.128,6.0,sell,3888.31,BTC-26APR19-5500-C,62.3,0.013999999999999999,6.0,1,1550626634128,15673243,6
2019-02-20 02:29:44.999,20.0,buy,3885.8,BTC-26APR19-5500-C,62.98,0.0145,20.0,1,1550629784999,15674060,9
2019-02-20 02:29:44.999,2.1,buy,3885.8,BTC-26APR19-5500-C,62.98,0.0145,2.1,1,1550629784999,15674061,10
2019-02-20 02:29:44.999,15.0,buy,3885.8,BTC-26APR19-5500-C,62.98,0.0145,15.0,0,1550629784999,15674058,7
2019-02-20 02:29:44.999,5.0,buy,3885.8,BTC-26APR19-5500-C,62.98,0.0145,5.0,1,1550629784999,15674059,8
2019-02-20 06:01:04.053,0.5,buy,3884.95,BTC-26APR19-5500-C,63.57,0.015,0.5,0,1550642464053,15678246,11
2019-02-20 15:31:31.444,0.1,sell,3919.61,BTC-26APR19-5500-C,59.99,0.0125,0.1,2,1550676691444,15703411,12
2019-02-20 15:32:24.224,1.0,sell,3919.95,BTC-26APR19-5500-C,59.99,0.0125,1.0,3,1550676744224,15703416,13
2019-02-20 15:33:31.013,0.5,sell,3919.73,BTC-26APR19-5500-C,59.99,0.0125,0.5,3,1550676811013,15703422,14
2019-02-20 15:33:53.460,1.1,sell,3918.53,BTC-26APR19-5500-C,60.0,0.0125,1.1,3,1550676833460,15703441,15
2019-02-20 15:34:29.991,0.3,sell,3918.59,BTC-26APR19-5500-C,59.99,0.0125,0.3,3,1550676869991,15703454,16
2019-02-20 20:37:52.237,2.0,buy,3932.22,BTC-26APR19-5500-C,63.03,0.0155,2.0,0,1550695072237,15710780,17
2019-02-21 05:24:05.537,0.6,sell,3937.16,BTC-26APR19-5500-C,60.2,0.013000000000000001,0.6,2,1550726645537,15721723,18
2019-02-22 10:03:17.547,0.3,buy,3923.23,BTC-26APR19-5500-C,59.67,0.012,0.3,2,1550829797547,15766272,19
2019-02-22 23:27:35.096,1.0,buy,3947.76,BTC-26APR19-5500-C,59.84,0.0125,1.0,0,1550878055096,15789198,20
2019-02-22 23:27:35.098,6.1000000000000005,sell,3947.76,BTC-26APR19-5500-C,59.84,0.0125,6.1000000000000005,1,1550878055098,15789199,21
2019-02-22 23:27:53.086,12.9,sell,3947.38,BTC-26APR19-5500-C,59.85,0.0125,12.9,1,1550878073086,15789205,22
2019-02-24 02:53:11.336,0.5,buy,4156.17,BTC-26APR19-5500-C,60.49,0.0185,0.5,0,1550976791336,15859509,23
2019-02-24 14:13:17.623,3.0,sell,3884.65,BTC-26APR19-5500-C,63.71,0.0125,3.0,2,1551017597623,15895634,24
2019-02-24 14:13:20.038,3.0,sell,3885.0,BTC-26APR19-5500-C,63.69,0.0125,3.0,3,1551017600038,15895669,25
2019-02-24 14:14:17.009,3.0,sell,3851.12,BTC-26APR19-5500-C,64.57,0.0125,3.0,3,1551017657009,15896991,26
2019-02-24 14:14:19.094,3.0,sell,3851.45,BTC-26APR19-5500-C,64.45,0.0125,3.0,3,1551017659094,15897045,27
2019-02-24 14:14:49.221,15.0,sell,3838.06,BTC-26APR19-5500-C,65.17,0.0125,15.0,3,1551017689221,15897781,28
2019-02-24 14:15:12.888,3.0,sell,3818.32,BTC-26APR19-5500-C,65.84,0.0125,3.0,3,1551017712888,15898472,29
2019-02-24 14:32:26.733,5.5,buy,3781.9,BTC-26APR19-5500-C,64.26,0.01,5.5,2,1551018746733,15916972,30
2019-02-24 16:03:00.797,0.1,sell,3734.64,BTC-26APR19-5500-C,66.45,0.0105,0.1,0,1551024180797,15940534,31
2019-02-24 20:50:51.574,1.5,buy,3780.72,BTC-26APR19-5500-C,65.56,0.011,1.5,0,1551041451574,15957123,32
2019-02-25 00:05:08.572,3.1,buy,3748.41,BTC-26APR19-5500-C,64.99,0.01,3.1,2,1551053108572,15967433,33
2019-02-25 01:01:54.810,2.0,sell,3760.7,BTC-26APR19-5500-C,63.08,0.009000000000000001,2.0,2,1551056514810,15969274,34
2019-02-25 04:01:47.072,0.2,buy,3776.87,BTC-26APR19-5500-C,64.89,0.0105,0.2,0,1551067307072,15973972,35
2019-02-25 04:01:50.642,1.0,sell,3776.8,BTC-26APR19-5500-C,63.4,0.0095,1.0,2,1551067310642,15973975,36
2019-02-25 13:51:34.799,20.0,sell,3789.02,BTC-26APR19-5500-C,62.37,0.009000000000000001,20.0,2,1551102694799,15988541,37
2019-02-25 18:48:40.410,0.1,buy,3856.09,BTC-26APR19-5500-C,64.19,0.0115,0.1,0,1551120520410,16004569,38
2019-02-25 23:43:58.158,0.1,sell,3818.84,BTC-26APR19-5500-C,63.17,0.01,0.1,2,1551138238158,16012731,39
2019-02-27 20:45:15.222,2.0,buy,3716.92,BTC-26APR19-5500-C,64.94,0.0085,2.0,2,1551300315222,16075001,40
2019-02-27 20:45:41.419,3.0,buy,3729.71,BTC-26APR19-5500-C,63.61,0.008,3.0,2,1551300341419,16075144,41
2019-03-02 15:18:24.861,0.1,buy,3807.67,BTC-26APR19-5500-C,61.88,0.0075,0.1,2,1551539904861,16177333,42
2019-03-04 05:14:22.197,50.0,sell,3725.47,BTC-26APR19-5500-C,61.3,0.0055,50.0,2,1551676462197,16215287,43
2019-03-07 19:53:22.125,1.0,buy,3862.28,BTC-26APR19-5500-C,56.34,0.0045,1.0,2,1551988402125,16361649,44
2019-03-07 22:13:13.759,1.0,buy,3870.29,BTC-26APR19-5500-C,56.12,0.0045,1.0,3,1551996793759,16362914,45
2019-03-08 04:26:28.873,1.5,buy,3865.13,BTC-26APR19-5500-C,56.45,0.0045,1.5,3,1552019188873,16367285,46
2019-03-08 04:26:58.895,8.5,buy,3866.04,BTC-26APR19-5500-C,56.43,0.0045,8.5,3,1552019218895,16367313,47
2019-03-08 04:27:09.250,30.0,sell,3865.87,BTC-26APR19-5500-C,56.44,0.0045,30.0,3,1552019229250,16367329,48
2019-03-08 04:27:09.564,11.5,sell,3865.87,BTC-26APR19-5500-C,56.44,0.0045,11.5,3,1552019229564,16367330,49
2019-03-08 13:38:34.550,0.1,sell,3884.46,BTC-26APR19-5500-C,55.05,0.004,0.1,2,1552052314550,16384509,50
2019-03-08 18:44:38.894,10.0,buy,3886.89,BTC-26APR19-5500-C,56.21,0.0045,10.0,0,1552070678894,16391146,51
2019-03-08 18:44:38.894,90.0,buy,3886.89,BTC-26APR19-5500-C,56.21,0.0045,90.0,1,1552070678894,16391147,52
2019-03-08 20:28:48.915,1.0,sell,3888.45,BTC-26APR19-5500-C,56.19,0.0045,1.0,1,1552076928915,16393735,53
2019-03-08 20:29:03.911,2.0,sell,3888.86,BTC-26APR19-5500-C,56.16,0.0045,2.0,1,1552076943911,16393736,54
2019-03-10 05:02:21.397,10.0,buy,3896.71,BTC-26APR19-5500-C,58.2,0.005,10.0,0,1552194141397,16453214,55
2019-03-10 05:07:46.288,10.0,buy,3900.97,BTC-26APR19-5500-C,59.23,0.0055,10.0,0,1552194466288,16453295,56
2019-03-10 05:07:46.288,13.6,buy,3900.97,BTC-26APR19-5500-C,59.23,0.0055,13.6,1,1552194466288,16453296,57
2019-03-12 03:27:57.403,0.1,sell,3817.21,BTC-26APR19-5500-C,57.91,0.0035,0.1,2,1552361277403,16507293,58
2019-03-12 03:28:06.522,0.1,sell,3817.3,BTC-26APR19-5500-C,56.34,0.003,0.1,2,1552361286522,16507294,59
2019-03-15 19:24:54.424,3.0,sell,3902.4,BTC-26APR19-5500-C,55.99,0.003,3.0,3,1552677894424,16599751,60
2019-03-15 23:27:55.906,0.1,buy,3899.66,BTC-26APR19-5500-C,56.2,0.003,0.1,3,1552692475906,16602497,61
2019-03-15 23:27:55.906,0.1,buy,3899.66,BTC-26APR19-5500-C,57.79,0.0035,0.1,0,1552692475906,16602498,62
2019-03-16 03:29:10.069,0.8,buy,3937.02,BTC-26APR19-5500-C,56.64,0.0035,0.8,1,1552706950069,16610548,63
2019-03-16 04:18:24.968,0.1,buy,4000.61,BTC-26APR19-5500-C,54.64,0.0035,0.1,1,1552709904968,16619086,64
2019-03-16 13:24:58.008,3.0,buy,3980.31,BTC-26APR19-5500-C,59.53,0.005,3.0,0,1552742698008,16643658,65
2019-03-16 23:23:42.246,10.0,buy,3989.43,BTC-26APR19-5500-C,58.14,0.0045,10.0,2,1552778622246,16649833,66
2019-03-16 23:25:14.879,0.2,buy,3989.45,BTC-26APR19-5500-C,59.4,0.005,0.2,0,1552778714879,16649850,67
2019-03-17 18:27:02.721,6.2,buy,3969.18,BTC-26APR19-5500-C,58.14,0.004,6.2,2,1552847222721,16666231,68
2019-03-17 18:27:02.721,16.0,buy,3969.18,BTC-26APR19-5500-C,58.14,0.004,16.0,3,1552847222721,16666232,69
2019-03-17 18:35:46.588,10.0,buy,3969.03,BTC-26APR19-5500-C,59.51,0.0045,10.0,0,1552847746588,16666243,70
2019-03-17 18:35:46.588,6.9,buy,3969.03,BTC-26APR19-5500-C,59.51,0.0045,6.9,1,1552847746588,16666244,71
2019-03-17 18:35:46.588,11.9,buy,3969.03,BTC-26APR19-5500-C,59.51,0.0045,11.9,1,1552847746588,16666246,73
2019-03-17 18:35:46.588,10.2,buy,3969.03,BTC-26APR19-5500-C,59.51,0.0045,10.2,1,1552847746588,16666245,72
2019-03-18 00:16:58.878,50.0,buy,3973.56,BTC-26APR19-5500-C,58.25,0.004,50.0,2,1552868218878,16668926,74
2019-03-18 00:17:39.860,3.0,buy,3971.78,BTC-26APR19-5500-C,58.3,0.004,3.0,3,1552868259860,16668953,75
2019-03-18 13:59:05.968,1.0,buy,3965.18,BTC-26APR19-5500-C,57.39,0.0035,1.0,2,1552917545968,16690039,76
2019-03-18 14:01:19.196,5.0,sell,3964.85,BTC-26APR19-5500-C,55.79,0.003,5.0,2,1552917679196,16690048,77
2019-03-19 00:31:43.554,0.1,sell,3978.32,BTC-26APR19-5500-C,53.91,0.0025,0.1,2,1552955503554,16695515,78
2019-03-19 00:55:49.158,0.7000000000000001,buy,3980.43,BTC-26APR19-5500-C,55.66,0.003,0.7000000000000001,0,1552956949158,16695823,79
2019-03-19 01:07:23.009,3.0,buy,3984.49,BTC-26APR19-5500-C,57.13,0.0035,3.0,0,1552957643009,16695964,80
2019-03-20 17:51:00.982,0.2,buy,3995.57,BTC-26APR19-5500-C,58.13,0.0035,0.2,1,1553104260982,16737386,81
2019-03-20 18:38:00.993,0.1,buy,4008.07,BTC-26APR19-5500-C,57.73,0.0035,0.1,1,1553107080993,16738032,82
2019-03-21 23:09:25.449,8.2,buy,3976.7,BTC-26APR19-5500-C,58.14,0.003,8.2,3,1553209765449,16772438,84
2019-03-21 23:09:25.449,10.0,buy,3976.7,BTC-26APR19-5500-C,58.14,0.003,10.0,2,1553209765449,16772437,83
2019-03-21 23:09:25.449,10.0,buy,3976.7,BTC-26APR19-5500-C,58.14,0.003,10.0,3,1553209765449,16772439,85
2019-03-21 23:09:25.877,10.0,sell,3976.7,BTC-26APR19-5500-C,58.14,0.003,10.0,3,1553209765877,16772440,86
2019-03-21 23:19:40.487,7.2,sell,3975.97,BTC-26APR19-5500-C,58.16,0.003,7.2,3,1553210380487,16772480,87
2019-03-21 23:22:12.688,6.3,sell,3977.75,BTC-26APR19-5500-C,58.1,0.003,6.3,3,1553210532688,16772501,88
2019-03-22 00:24:16.016,10.0,sell,3975.56,BTC-26APR19-5500-C,58.1,0.003,10.0,3,1553214256016,16772993,89
2019-03-22 10:50:14.551,10.0,buy,3980.28,BTC-26APR19-5500-C,58.32,0.003,10.0,3,1553251814551,16777009,90
2019-03-22 10:50:14.551,6.9,buy,3980.28,BTC-26APR19-5500-C,58.32,0.003,6.9,3,1553251814551,16777010,91
2019-03-22 10:50:14.551,8.0,buy,3980.28,BTC-26APR19-5500-C,58.32,0.003,8.0,3,1553251814551,16777011,92
2019-03-22 10:51:12.033,4.3,sell,3980.45,BTC-26APR19-5500-C,58.31,0.003,4.3,3,1553251872033,16777012,93
2019-03-22 22:14:18.055,5.0,buy,3984.5,BTC-26APR19-5500-C,58.53,0.003,5.0,3,1553292858055,16782619,94
2019-03-23 08:46:26.161,10.0,buy,3995.06,BTC-26APR19-5500-C,58.38,0.003,10.0,3,1553330786161,16789727,95
2019-03-24 11:26:56.599,0.1,sell,3975.45,BTC-26APR19-5500-C,56.11,0.002,0.1,2,1553426816599,16800598,96
2019-03-24 18:06:41.843,0.1,buy,3965.93,BTC-26APR19-5500-C,60.74,0.003,0.1,0,1553450801843,16802099,97
2019-03-26 06:06:22.529,0.1,sell,3910.34,BTC-26APR19-5500-C,57.55,0.0015,0.1,2,1553580382529,16833094,98
2019-03-27 17:55:58.790,0.1,buy,4010.19,BTC-26APR19-5500-C,55.28,0.0015,0.1,3,1553709358790,16867277,99
