date_utc,amount,direction,indexPrice,instrument,iv,price,quantity,tickDirection,timeStamp,tradeId,tradeSeq
2019-02-19 13:26:26.143,10.0,buy,3939.29,BTC-26APR19-5500-C,59.24,0.013,10.0,1,1550582786143,15627324,1
2019-02-20 01:30:40.045,5.0,buy,3887.18,BTC-26APR19-5500-C,62.25,0.014,5.0,1,1550626240045,15673188,3
2019-02-20 01:30:40.045,15.0,buy,3887.18,BTC-26APR19-5500-C,62.25,0.014,15.0,0,1550626240045,15673187,2
2019-02-20 01:36:42.673,6.0,sell,3887.24,BTC-26APR19-5500-C,62.3,0.014,6.0,1,1550626602673,15673234,4
2019-02-20 01:37:07.710,5.9,sell,3888.78,BTC-26APR19-5500-C,62.28,0.014,5.9,1,1550626627710,15673241,5
2019-02-20 01:37:14.128,6.0,sell,3888.31,BTC-26APR19-5500-C,62.3,0.014,6.0,1,1550626634128,15673243,6
2019-02-20 02:29:44.999,15.0,buy,3885.8,BTC-26APR19-5500-C,62.98,0.0145,15.0,0,1550629784999,15674058,7
2019-02-20 02:29:44.999,5.0,buy,3885.8,BTC-26APR19-5500-C,62.98,0.0145,5.0,1,1550629784999,15674059,8
2019-02-20 02:29:44.999,20.0,buy,3885.8,BTC-26APR19-5500-C,62.98,0.0145,20.0,1,1550629784999,15674060,9
2019-02-20 02:29:44.999,2.1,buy,3885.8,BTC-26APR19-5500-C,62.98,0.0145,2.1,1,1550629784999,15674061,10
2019-02-20 06:01:04.053,0.5,buy,3884.95,BTC-26APR19-5500-C,63.57,0.015,0.5,0,1550642464053,15678246,11
2019-02-20 15:31:31.444,0.1,sell,3919.61,BTC-26APR19-5500-C,59.99,0.0125,0.1,2,1550676691444,15703411,12
2019-02-20 15:32:24.224,1.0,sell,3919.95,BTC-26APR19-5500-C,59.99,0.0125,1.0,3,1550676744224,15703416,13
2019-02-20 15:33:31.013,0.5,sell,3919.73,BTC-26APR19-5500-C,59.99,0.0125,0.5,3,1550676811013,15703422,14
2019-02-20 15:33:53.460,1.1,sell,3918.53,BTC-26APR19-5500-C,60.0,0.0125,1.1,3,1550676833460,15703441,15
2019-02-20 15:34:29.991,0.3,sell,3918.59,BTC-26APR19-5500-C,59.99,0.0125,0.3,3,1550676869991,15703454,16
2019-02-20 20:37:52.237,2.0,buy,3932.22,BTC-26APR19-5500-C,63.03,0.0155,2.0,0,1550695072237,15710780,17
2019-02-21 05:24:05.537,0.6,sell,3937.16,BTC-26APR19-5500-C,60.2,0.013,0.6,2,1550726645537,15721723,18
2019-02-22 10:03:17.547,0.3,buy,3923.23,BTC-26APR19-5500-C,59.67,0.012,0.3,2,1550829797547,15766272,19
2019-02-22 23:27:35.096,1.0,buy,3947.76,BTC-26APR19-5500-C,59.84,0.0125,1.0,0,1550878055096,15789198,20
2019-02-22 23:27:35.098,6.1000000000000005,sell,3947.76,BTC-26APR19-5500-C,59.84,0.0125,6.1000000000000005,1,1550878055098,15789199,21
2019-02-22 23:27:53.086,12.9,sell,3947.38,BTC-26APR19-5500-C,59.85,0.0125,12.9,1,1550878073086,15789205,22
2019-02-24 02:53:11.336,0.5,buy,4156.17,BTC-26APR19-5500-C,60.49,0.0185,0.5,0,1550976791336,15859509,23
2019-02-24 14:13:17.623,3.0,sell,3884.65,BTC-26APR19-5500-C,63.71,0.0125,3.0,2,1551017597623,15895634,24
2019-02-24 14:13:20.038,3.0,sell,3885.0,BTC-26APR19-5500-C,63.69,0.0125,3.0,3,1551017600038,15895669,25
2019-02-24 14:14:17.009,3.0,sell,3851.12,BTC-26APR19-5500-C,64.57,0.0125,3.0,3,1551017657009,15896991,26
2019-02-24 14:14:19.094,3.0,sell,3851.45,BTC-26APR19-5500-C,64.45,0.0125,3.0,3,1551017659094,15897045,27
2019-02-24 14:14:49.221,15.0,sell,3838.06,BTC-26APR19-5500-C,65.17,0.0125,15.0,3,1551017689221,15897781,28
2019-02-24 14:15:12.888,3.0,sell,3818.32,BTC-26APR19-5500-C,65.84,0.0125,3.0,3,1551017712888,15898472,29
2019-02-24 14:32:26.733,5.5,buy,3781.9,BTC-26APR19-5500-C,64.26,0.01,5.5,2,1551018746733,15916972,30
2019-02-24 16:03:00.797,0.1,sell,3734.64,BTC-26APR19-5500-C,66.45,0.0105,0.1,0,1551024180797,15940534,31
2019-02-24 20:50:51.574,1.5,buy,3780.72,BTC-26APR19-5500-C,65.56,0.011000000000000001,1.5,0,1551041451574,15957123,32
2019-02-25 00:05:08.572,3.1,buy,3748.41,BTC-26APR19-5500-C,64.99,0.01,3.1,2,1551053108572,15967433,33
2019-02-25 01:01:54.810,2.0,sell,3760.7,BTC-26APR19-5500-C,63.08,0.009000000000000001,2.0,2,1551056514810,15969274,34
2019-02-25 04:01:47.072,0.2,buy,3776.87,BTC-26APR19-5500-C,64.89,0.0105,0.2,0,1551067307072,15973972,35
2019-02-25 04:01:50.642,1.0,sell,3776.8,BTC-26APR19-5500-C,63.4,0.0095,1.0,2,1551067310642,15973975,36
2019-02-25 13:51:34.799,20.0,sell,3789.02,BTC-26APR19-5500-C,62.37,0.009000000000000001,20.0,2,1551102694799,15988541,37
2019-02-25 18:48:40.410,0.1,buy,3856.09,BTC-26APR19-5500-C,64.19,0.0115,0.1,0,1551120520410,16004569,38
2019-02-25 23:43:58.158,0.1,sell,3818.84,BTC-26APR19-5500-C,63.17,0.01,0.1,2,1551138238158,16012731,39
2019-02-27 20:45:15.222,2.0,buy,3716.92,BTC-26APR19-5500-C,64.94,0.0085,2.0,2,1551300315222,16075001,40
2019-02-27 20:45:41.419,3.0,buy,3729.71,BTC-26APR19-5500-C,63.61,0.008,3.0,2,1551300341419,16075144,41
2019-03-02 15:18:24.861,0.1,buy,3807.67,BTC-26APR19-5500-C,61.88,0.0075,0.1,2,1551539904861,16177333,42
2019-03-04 05:14:22.197,50.0,sell,3725.47,BTC-26APR19-5500-C,61.3,0.0055,50.0,2,1551676462197,16215287,43
2019-03-07 19:53:22.125,1.0,buy,3862.28,BTC-26APR19-5500-C,56.34,0.0045,1.0,2,1551988402125,16361649,44
2019-03-07 22:13:13.759,1.0,buy,3870.29,BTC-26APR19-5500-C,56.12,0.0045,1.0,3,1551996793759,16362914,45
2019-03-08 04:26:28.873,1.5,buy,3865.13,BTC-26APR19-5500-C,56.45,0.0045,1.5,3,1552019188873,16367285,46
2019-03-08 04:26:58.895,8.5,buy,3866.04,BTC-26APR19-5500-C,56.43,0.0045,8.5,3,1552019218895,16367313,47
2019-03-08 04:27:09.250,30.0,sell,3865.87,BTC-26APR19-5500-C,56.44,0.0045,30.0,3,1552019229250,16367329,48
2019-03-08 04:27:09.564,11.5,sell,3865.87,BTC-26APR19-5500-C,56.44,0.0045,11.5,3,1552019229564,16367330,49
2019-03-08 13:38:34.550,0.1,sell,3884.46,BTC-26APR19-5500-C,55.05,0.004,0.1,2,1552052314550,16384509,50
2019-03-08 18:44:38.894,90.0,buy,3886.89,BTC-26APR19-5500-C,56.21,0.0045,90.0,1,1552070678894,16391147,52
2019-03-08 18:44:38.894,10.0,buy,3886.89,BTC-26APR19-5500-C,56.21,0.0045,10.0,0,1552070678894,16391146,51
2019-03-08 20:28:48.915,1.0,sell,3888.45,BTC-26APR19-5500-C,56.19,0.0045,1.0,1,1552076928915,16393735,53
2019-03-08 20:29:03.911,2.0,sell,3888.86,BTC-26APR19-5500-C,56.16,0.0045,2.0,1,1552076943911,16393736,54
2019-03-10 05:02:21.397,10.0,buy,3896.71,BTC-26APR19-5500-C,58.2,0.005,10.0,0,1552194141397,16453214,55
2019-03-10 05:07:46.288,10.0,buy,3900.97,BTC-26APR19-5500-C,59.23,0.0055,10.0,0,1552194466288,16453295,56
2019-03-10 05:07:46.288,13.6,buy,3900.97,BTC-26APR19-5500-C,59.23,0.0055,13.6,1,1552194466288,16453296,57
2019-03-12 03:27:57.403,0.1,sell,3817.21,BTC-26APR19-5500-C,57.91,0.0035,0.1,2,1552361277403,16507293,58
2019-03-12 03:28:06.522,0.1,sell,3817.3,BTC-26APR19-5500-C,56.34,0.003,0.1,2,1552361286522,16507294,59
2019-03-15 19:24:54.424,3.0,sell,3902.4,BTC-26APR19-5500-C,55.99,0.003,3.0,3,1552677894424,16599751,60
2019-03-15 23:27:55.906,0.1,buy,3899.66,BTC-26APR19-5500-C,56.2,0.003,0.1,3,1552692475906,16602497,61
2019-03-15 23:27:55.906,0.1,buy,3899.66,BTC-26APR19-5500-C,57.79,0.0035,0.1,0,1552692475906,16602498,62
2019-03-16 03:29:10.069,0.8,buy,3937.02,BTC-26APR19-5500-C,56.64,0.0035,0.8,1,1552706950069,16610548,63
2019-03-16 04:18:24.968,0.1,buy,4000.61,BTC-26APR19-5500-C,54.64,0.0035,0.1,1,1552709904968,16619086,64
2019-03-16 13:24:58.008,3.0,buy,3980.31,BTC-26APR19-5500-C,59.53,0.005,3.0,0,1552742698008,16643658,65
2019-03-16 23:23:42.246,10.0,buy,3989.43,BTC-26APR19-5500-C,58.14,0.0045,10.0,2,1552778622246,16649833,66
2019-03-16 23:25:14.879,0.2,buy,3989.45,BTC-26APR19-5500-C,59.4,0.005,0.2,0,1552778714879,16649850,67
2019-03-17 18:27:02.721,6.2,buy,3969.18,BTC-26APR19-5500-C,58.14,0.004,6.2,2,1552847222721,16666231,68
2019-03-17 18:27:02.721,16.0,buy,3969.18,BTC-26APR19-5500-C,58.14,0.004,16.0,3,1552847222721,16666232,69
2019-03-17 18:35:46.588,11.9,buy,3969.03,BTC-26APR19-5500-C,59.51,0.0045,11.9,1,1552847746588,16666246,73
2019-03-17 18:35:46.588,10.2,buy,3969.03,BTC-26APR19-5500-C,59.51,0.0045,10.2,1,1552847746588,16666245,72
2019-03-17 18:35:46.588,10.0,buy,3969.03,BTC-26APR19-5500-C,59.51,0.0045,10.0,0,1552847746588,16666243,70
2019-03-17 18:35:46.588,6.9,buy,3969.03,BTC-26APR19-5500-C,59.51,0.0045,6.9,1,1552847746588,16666244,71
2019-03-18 00:16:58.878,50.0,buy,3973.56,BTC-26APR19-5500-C,58.25,0.004,50.0,2,1552868218878,16668926,74
2019-03-18 00:17:39.860,3.0,buy,3971.78,BTC-26APR19-5500-C,58.3,0.004,3.0,3,1552868259860,16668953,75
2019-03-18 13:59:05.968,1.0,buy,3965.18,BTC-26APR19-5500-C,57.39,0.0035,1.0,2,1552917545968,16690039,76
2019-03-18 14:01:19.196,5.0,sell,3964.85,BTC-26APR19-5500-C,55.79,0.003,5.0,2,1552917679196,16690048,77
2019-03-19 00:31:43.554,0.1,sell,3978.32,BTC-26APR19-5500-C,53.91,0.0025,0.1,2,1552955503554,16695515,78
2019-03-19 00:55:49.158,0.7000000000000001,buy,3980.43,BTC-26APR19-5500-C,55.66,0.003,0.7000000000000001,0,1552956949158,16695823,79
2019-03-19 01:07:23.009,3.0,buy,3984.49,BTC-26APR19-5500-C,57.13,0.0035,3.0,0,1552957643009,16695964,80
2019-03-20 17:51:00.982,0.2,buy,3995.57,BTC-26APR19-5500-C,58.13,0.0035,0.2,1,1553104260982,16737386,81
2019-03-20 18:38:00.993,0.1,buy,4008.07,BTC-26APR19-5500-C,57.73,0.0035,0.1,1,1553107080993,16738032,82
2019-03-21 23:09:25.449,10.0,buy,3976.7,BTC-26APR19-5500-C,58.14,0.003,10.0,3,1553209765449,16772439,85
2019-03-21 23:09:25.449,10.0,buy,3976.7,BTC-26APR19-5500-C,58.14,0.003,10.0,2,1553209765449,16772437,83
2019-03-21 23:09:25.449,8.2,buy,3976.7,BTC-26APR19-5500-C,58.14,0.003,8.2,3,1553209765449,16772438,84
2019-03-21 23:09:25.877,10.0,sell,3976.7,BTC-26APR19-5500-C,58.14,0.003,10.0,3,1553209765877,16772440,86
2019-03-21 23:19:40.487,7.2,sell,3975.97,BTC-26APR19-5500-C,58.16,0.003,7.2,3,1553210380487,16772480,87
2019-03-21 23:22:12.688,6.3,sell,3977.75,BTC-26APR19-5500-C,58.1,0.003,6.3,3,1553210532688,16772501,88
2019-03-22 00:24:16.016,10.0,sell,3975.56,BTC-26APR19-5500-C,58.1,0.003,10.0,3,1553214256016,16772993,89
2019-03-22 10:50:14.551,6.9,buy,3980.28,BTC-26APR19-5500-C,58.32,0.003,6.9,3,1553251814551,16777010,91
2019-03-22 10:50:14.551,8.0,buy,3980.28,BTC-26APR19-5500-C,58.32,0.003,8.0,3,1553251814551,16777011,92
2019-03-22 10:50:14.551,10.0,buy,3980.28,BTC-26APR19-5500-C,58.32,0.003,10.0,3,1553251814551,16777009,90
2019-03-22 10:51:12.033,4.3,sell,3980.45,BTC-26APR19-5500-C,58.31,0.003,4.3,3,1553251872033,16777012,93
2019-03-22 22:14:18.055,5.0,buy,3984.5,BTC-26APR19-5500-C,58.53,0.003,5.0,3,1553292858055,16782619,94
2019-03-23 08:46:26.161,10.0,buy,3995.06,BTC-26APR19-5500-C,58.38,0.003,10.0,3,1553330786161,16789727,95
2019-03-24 11:26:56.599,0.1,sell,3975.45,BTC-26APR19-5500-C,56.11,0.002,0.1,2,1553426816599,16800598,96
2019-03-24 18:06:41.843,0.1,buy,3965.93,BTC-26APR19-5500-C,60.74,0.003,0.1,0,1553450801843,16802099,97
2019-03-26 06:06:22.529,0.1,sell,3910.34,BTC-26APR19-5500-C,57.55,0.0015,0.1,2,1553580382529,16833094,98
2019-03-27 17:55:58.790,0.1,buy,4010.19,BTC-26APR19-5500-C,55.28,0.0015,0.1,3,1553709358790,16867277,99
2019-03-28 16:18:50.773,24.0,sell,4014.73,BTC-26APR19-5500-C,55.92,0.0015,24.0,3,1553789930773,16926543,100
2019-03-28 17:22:42.197,38.6,buy,4005.93,BTC-26APR19-5500-C,58.92,0.002,38.6,1,1553793762197,16927259,103
2019-03-28 17:22:42.197,10.0,buy,4005.93,BTC-26APR19-5500-C,58.92,0.002,10.0,0,1553793762197,16927257,101
2019-03-28 17:22:42.197,6.9,buy,4005.93,BTC-26APR19-5500-C,58.92,0.002,6.9,1,1553793762197,16927258,102
2019-03-28 17:22:42.350,6.9,sell,4005.93,BTC-26APR19-5500-C,58.92,0.002,6.9,1,1553793762350,16927260,104
2019-03-28 17:22:55.021,38.6,sell,4006.14,BTC-26APR19-5500-C,58.92,0.002,38.6,1,1553793775021,16927263,105
2019-03-28 17:22:59.720,32.7,sell,4006.18,BTC-26APR19-5500-C,58.92,0.002,32.7,1,1553793779720,16927264,106
2019-03-28 17:23:02.638,29.2,sell,4006.2,BTC-26APR19-5500-C,58.92,0.002,29.2,1,1553793782638,16927265,107
2019-03-28 17:23:04.031,24.5,sell,4006.21,BTC-26APR19-5500-C,58.92,0.002,24.5,1,1553793784031,16927266,108
2019-03-28 17:23:22.425,26.7,sell,4006.09,BTC-26APR19-5500-C,58.92,0.002,26.7,1,1553793802425,16927267,109
2019-03-28 17:23:23.596,38.4,sell,4006.09,BTC-26APR19-5500-C,58.92,0.002,38.4,1,1553793803596,16927268,110
2019-03-28 17:23:24.300,26.7,sell,4006.09,BTC-26APR19-5500-C,58.92,0.002,26.7,1,1553793804300,16927269,111
2019-03-28 17:23:35.893,22.6,sell,4005.99,BTC-26APR19-5500-C,58.93,0.002,22.6,1,1553793815893,16927270,112
2019-03-28 17:27:48.408,198.2,sell,4007.5,BTC-26APR19-5500-C,58.8,0.002,198.2,1,1553794068408,16927342,113
2019-03-28 23:53:20.394,49.1,sell,4012.73,BTC-26APR19-5500-C,56.33,0.0015,49.1,3,1553817200394,16929223,115
2019-03-28 23:53:20.394,49.9,sell,4012.73,BTC-26APR19-5500-C,56.33,0.0015,49.9,2,1553817200394,16929222,114
2019-03-28 23:53:28.396,0.9,sell,4012.89,BTC-26APR19-5500-C,56.32,0.0015,0.9,3,1553817208396,16929224,116
2019-03-29 00:48:31.407,1.0,buy,4030.04,BTC-26APR19-5500-C,58.26,0.002,1.0,0,1553820511407,16930153,117
2019-03-29 01:04:44.123,10.2,sell,4013.01,BTC-26APR19-5500-C,56.28,0.0015,10.2,2,1553821484123,16931161,118
2019-03-30 23:05:16.112,0.4,sell,4085.72,BTC-26APR19-5500-C,55.52,0.0015,0.4,3,1553987116112,16983899,119
2019-03-30 23:05:17.624,0.4,sell,4085.72,BTC-26APR19-5500-C,55.52,0.0015,0.4,3,1553987117624,16983900,120
2019-03-30 23:05:18.791,0.4,sell,4085.72,BTC-26APR19-5500-C,55.52,0.0015,0.4,3,1553987118791,16983901,121
2019-03-30 23:05:19.879,0.4,sell,4085.76,BTC-26APR19-5500-C,55.52,0.0015,0.4,3,1553987119879,16983902,122
2019-03-30 23:05:20.946,0.4,sell,4085.76,BTC-26APR19-5500-C,55.52,0.0015,0.4,3,1553987120946,16983903,123
2019-03-30 23:05:22.040,0.4,sell,4085.76,BTC-26APR19-5500-C,55.52,0.0015,0.4,3,1553987122040,16983904,124
2019-03-31 17:04:47.010,1.0,sell,4087.03,BTC-26APR19-5500-C,52.92,0.001,1.0,2,1554051887010,16990314,125
2019-03-31 17:04:55.432,1.0,sell,4087.04,BTC-26APR19-5500-C,52.92,0.001,1.0,3,1554051895432,16990315,126
2019-04-01 12:48:21.899,4.9,buy,4126.97,BTC-26APR19-5500-C,58.37,0.002,4.9,1,1554122901899,17004930,128
2019-04-01 12:48:21.899,0.1,buy,4126.97,BTC-26APR19-5500-C,58.37,0.002,0.1,0,1554122901899,17004929,127
2019-04-01 16:53:00.908,73.0,sell,4140.49,BTC-26APR19-5500-C,52.0,0.001,73.0,2,1554137580908,17008910,129
2019-04-01 16:53:00.908,15.0,sell,4140.49,BTC-26APR19-5500-C,52.0,0.001,15.0,3,1554137580908,17008911,130
2019-04-01 16:53:11.114,14.4,sell,4140.53,BTC-26APR19-5500-C,52.0,0.001,14.4,3,1554137591114,17008914,131
2019-04-01 22:35:25.264,1.0,sell,4139.5,BTC-26APR19-5500-C,52.29,0.001,1.0,3,1554158125264,17011504,132
2019-04-02 01:05:46.908,4.0,sell,4145.01,BTC-26APR19-5500-C,47.46,0.0005,4.0,2,1554167146908,17014578,133
2019-04-02 04:38:00.333,0.1,buy,4417.96,BTC-26APR19-5500-C,45.25,0.0015,0.1,0,1554179880333,17027878,134
2019-04-02 04:53:56.678,2.5,buy,4754.98,BTC-26APR19-5500-C,44.63,0.006,2.5,0,1554180836678,17039291,135
2019-04-02 05:03:18.382,12.0,sell,4708.52,BTC-26APR19-5500-C,53.33,0.0095,12.0,0,1554181398382,17046885,136
2019-04-02 05:05:26.751,9.7,sell,4719.79,BTC-26APR19-5500-C,51.91,0.009000000000000001,9.7,2,1554181526751,17048302,137
2019-04-02 05:06:24.320,9.7,sell,4715.6,BTC-26APR19-5500-C,52.12,0.009000000000000001,9.7,3,1554181584320,17048662,138
2019-04-02 05:09:08.969,1.0,buy,4690.21,BTC-26APR19-5500-C,55.93,0.0105,1.0,0,1554181748969,17049546,139
2019-04-02 05:09:41.470,9.7,sell,4708.41,BTC-26APR19-5500-C,53.34,0.0095,9.7,2,1554181781470,17050107,140
2019-04-02 05:17:51.144,1.0,buy,4855.11,BTC-26APR19-5500-C,49.95,0.012,1.0,0,1554182271144,17054416,141
2019-04-02 05:19:44.723,0.5,buy,4937.41,BTC-26APR19-5500-C,45.68,0.012,0.5,1,1554182384723,17057095,142
2019-04-02 05:22:27.399,1.0,buy,5053.83,BTC-26APR19-5500-C,53.99,0.024,1.0,0,1554182547399,17060167,143
2019-04-02 05:32:36.932,2.0,sell,4896.32,BTC-26APR19-5500-C,44.85,0.01,2.0,2,1554183156932,17067246,144
2019-04-02 06:10:26.975,0.5,sell,4691.16,BTC-26APR19-5500-C,57.57,0.0115,0.5,0,1554185426975,17079655,145
2019-04-02 06:47:07.279,0.1,buy,4679.44,BTC-26APR19-5500-C,62.1,0.014,0.1,0,1554187627279,17086747,146
2019-04-02 06:47:07.279,0.9,buy,4679.44,BTC-26APR19-5500-C,69.94,0.0195,0.9,0,1554187627279,17086748,147
2019-04-02 06:53:32.597,25.0,sell,4728.15,BTC-26APR19-5500-C,61.03,0.015,25.0,2,1554188012597,17087566,148
2019-04-02 06:54:56.576,8.0,sell,4737.98,BTC-26APR19-5500-C,61.94,0.016,8.0,0,1554188096576,17087876,149
2019-04-02 08:19:31.352,0.1,buy,4720.52,BTC-26APR19-5500-C,60.78,0.0145,0.1,2,1554193171352,17094347,150
2019-04-02 09:30:06.803,0.1,buy,4788.2,BTC-26APR19-5500-C,57.98,0.015,0.1,0,1554197406803,17098127,151
2019-04-02 09:38:55.546,0.1,buy,4819.79,BTC-26APR19-5500-C,57.68,0.016,0.1,0,1554197935546,17099887,152
2019-04-02 11:05:50.092,5.0,sell,4778.99,BTC-26APR19-5500-C,58.55,0.015,5.0,2,1554203150092,17106116,153
2019-04-02 12:19:05.633,1.0,buy,4795.43,BTC-26APR19-5500-C,61.86,0.018000000000000002,1.0,0,1554207545633,17108480,154
2019-04-02 14:10:07.993,0.9,sell,4717.78,BTC-26APR19-5500-C,63.41,0.016,0.9,2,1554214207993,17113967,155
2019-04-02 14:10:07.993,1.1,sell,4717.78,BTC-26APR19-5500-C,59.73,0.0135,1.1,2,1554214207993,17113968,156
2019-04-02 14:10:27.354,1.0,sell,4689.84,BTC-26APR19-5500-C,60.42,0.013,1.0,2,1554214227354,17114172,157
2019-04-02 15:33:06.647,1.0,buy,4735.78,BTC-26APR19-5500-C,61.08,0.015,1.0,0,1554219186647,17121132,158
2019-04-02 17:01:16.321,1.0,sell,4734.1,BTC-26APR19-5500-C,59.03,0.0135,1.0,2,1554224476321,17123244,159
2019-04-02 19:54:34.949,1.0,buy,4762.49,BTC-26APR19-5500-C,58.43,0.014,1.0,0,1554234874949,17128040,160
2019-04-02 20:04:34.749,2.5,sell,4752.65,BTC-26APR19-5500-C,59.7,0.0145,2.5,0,1554235474749,17128786,161
2019-04-02 20:15:30.726,1.0,buy,4815.72,BTC-26APR19-5500-C,57.75,0.0155,1.0,0,1554236130726,17130475,162
2019-04-02 20:20:49.868,1.0,buy,4814.77,BTC-26APR19-5500-C,58.5,0.016,1.0,0,1554236449868,17131113,163
2019-04-02 20:29:12.716,1.0,sell,4819.81,BTC-26APR19-5500-C,58.92,0.0165,1.0,0,1554236952716,17131993,164
2019-04-02 22:27:50.454,0.4,buy,4821.09,BTC-26APR19-5500-C,62.32,0.019,0.4,0,1554244070454,17140540,165
2019-04-03 01:01:31.024,0.4,buy,4963.5,BTC-26APR19-5500-C,66.79,0.0295,0.4,0,1554253291024,17162844,166
2019-04-03 01:01:31.024,0.6,buy,4963.5,BTC-26APR19-5500-C,67.36,0.03,0.6,0,1554253291024,17162845,167
2019-04-03 01:15:43.569,0.5,sell,4934.49,BTC-26APR19-5500-C,62.76,0.0245,0.5,2,1554254143569,17164377,168
2019-04-03 02:27:51.348,10.0,buy,5035.35,BTC-26APR19-5500-C,68.98,0.0355,10.0,0,1554258471348,17169591,169
2019-04-03 02:28:38.003,15.0,buy,5027.21,BTC-26APR19-5500-C,70.05,0.036000000000000004,15.0,1,1554258518003,17169927,171
2019-04-03 02:28:38.003,0.6,buy,5027.21,BTC-26APR19-5500-C,70.05,0.036000000000000004,0.6,0,1554258518003,17169926,170
2019-04-03 02:33:01.545,1.0,sell,5005.04,BTC-26APR19-5500-C,69.85,0.0345,1.0,2,1554258781545,17170713,172
2019-04-03 02:33:06.045,1.0,sell,5006.14,BTC-26APR19-5500-C,69.78,0.0345,1.0,3,1554258786045,17170717,173
2019-04-03 03:06:46.285,20.0,buy,5079.79,BTC-26APR19-5500-C,70.38,0.0395,20.0,0,1554260806285,17174414,174
2019-04-03 03:11:34.914,19.3,sell,5052.98,BTC-26APR19-5500-C,68.41,0.036000000000000004,19.3,2,1554261094914,17174921,175
2019-04-03 03:12:51.068,1.0,sell,5021.29,BTC-26APR19-5500-C,67.75,0.0335,1.0,2,1554261171068,17176087,176
2019-04-03 03:13:03.850,0.7000000000000001,sell,5022.97,BTC-26APR19-5500-C,65.99,0.032,0.7000000000000001,2,1554261183850,17176177,177
2019-04-03 03:13:39.942,5.0,buy,5037.55,BTC-26APR19-5500-C,67.25,0.034,5.0,0,1554261219942,17176297,178
2019-04-03 03:13:53.522,14.0,buy,5034.37,BTC-26APR19-5500-C,67.45,0.034,14.0,1,1554261233522,17176349,179
2019-04-03 03:15:55.308,20.0,buy,5015.09,BTC-26APR19-5500-C,68.15,0.0335,20.0,2,1554261355308,17176787,180
2019-04-03 04:51:10.098,0.4,sell,4882.02,BTC-26APR19-5500-C,72.64,0.03,0.4,2,1554267070098,17185791,181
2019-04-03 04:55:12.364,9.0,buy,4923.0,BTC-26APR19-5500-C,75.79,0.035,9.0,0,1554267312364,17186779,182
2019-04-03 07:05:55.180,0.4,sell,4977.97,BTC-26APR19-5500-C,71.32,0.034,0.4,2,1554275155180,17190181,183
2019-04-03 07:13:31.027,0.1,sell,4982.33,BTC-26APR19-5500-C,71.05,0.034,0.1,3,1554275611027,17190262,184
2019-04-03 07:35:57.634,0.4,sell,4972.71,BTC-26APR19-5500-C,71.69,0.034,0.4,3,1554276957634,17190768,185
2019-04-03 07:51:42.402,0.1,sell,4964.4,BTC-26APR19-5500-C,72.24,0.034,0.1,3,1554277902402,17190999,186
2019-04-03 09:39:10.055,200.0,buy,4960.45,BTC-26APR19-5500-C,72.05,0.0335,200.0,2,1554284350055,17192966,187
2019-04-03 09:53:51.529,19.3,buy,4967.24,BTC-26APR19-5500-C,73.86,0.0355,19.3,0,1554285231529,17193041,188
2019-04-03 10:01:22.522,0.7000000000000001,sell,4978.66,BTC-26APR19-5500-C,73.13,0.0355,0.7000000000000001,1,1554285682522,17193188,189
2019-04-03 13:09:54.656,0.4,buy,5024.74,BTC-26APR19-5500-C,73.08,0.038,0.4,0,1554296994656,17199895,190
2019-04-03 13:09:56.381,4.6000000000000005,sell,5026.36,BTC-26APR19-5500-C,72.97,0.038,4.6000000000000005,1,1554296996381,17199899,191
2019-04-03 13:33:59.993,8.9,buy,5030.27,BTC-26APR19-5500-C,74.37,0.0395,8.9,0,1554298439993,17201014,192
2019-04-03 13:44:25.447,0.4,sell,5041.02,BTC-26APR19-5500-C,71.49,0.0375,0.4,2,1554299065447,17201550,193
2019-04-03 13:46:01.805,2.0,sell,5035.0,BTC-26APR19-5500-C,70.26,0.036000000000000004,2.0,2,1554299161805,17201583,194
2019-04-03 13:46:46.229,0.4,buy,5038.13,BTC-26APR19-5500-C,74.4,0.04,0.4,0,1554299206229,17201624,195
2019-04-03 13:51:51.437,3.0,buy,5036.42,BTC-26APR19-5500-C,75.06,0.0405,3.0,0,1554299511437,17201756,196
2019-04-03 14:04:45.726,0.4,sell,5014.06,BTC-26APR19-5500-C,71.65,0.036000000000000004,0.4,2,1554300285726,17202489,197
2019-04-03 15:28:26.316,1.0,sell,5017.97,BTC-26APR19-5500-C,70.94,0.0355,1.0,2,1554305306316,17204941,198
2019-04-03 15:36:43.966,1.0,sell,5021.14,BTC-26APR19-5500-C,70.74,0.0355,1.0,3,1554305803966,17205046,199
2019-04-03 16:08:04.904,0.4,buy,5068.98,BTC-26APR19-5500-C,72.48,0.04,0.4,0,1554307684904,17206414,200
2019-04-03 16:08:05.042,0.1,sell,5068.98,BTC-26APR19-5500-C,72.48,0.04,0.1,1,1554307685042,17206418,201
2019-04-03 16:18:07.629,9.0,buy,5098.08,BTC-26APR19-5500-C,76.35,0.0455,9.0,0,1554308287629,17210437,202
2019-04-03 16:22:48.512,19.3,buy,5106.52,BTC-26APR19-5500-C,76.82,0.0465,19.3,0,1554308568512,17211484,203
2019-04-03 16:22:48.515,0.7000000000000001,sell,5106.52,BTC-26APR19-5500-C,76.82,0.0465,0.7000000000000001,1,1554308568515,17211485,204
2019-04-03 16:33:12.495,1.0,sell,5083.72,BTC-26APR19-5500-C,77.36,0.0455,1.0,2,1554309192495,17212736,205
2019-04-03 18:07:01.135,0.4,sell,5130.9,BTC-26APR19-5500-C,71.03,0.0425,0.4,2,1554314821135,17221690,206
2019-04-03 18:41:43.324,0.1,buy,5172.41,BTC-26APR19-5500-C,73.38,0.0475,0.1,0,1554316903324,17223083,207
2019-04-03 18:43:36.528,2.0,buy,5174.25,BTC-26APR19-5500-C,73.77,0.048,2.0,0,1554317016528,17223222,208
2019-04-03 20:28:58.080,0.1,buy,5251.38,BTC-26APR19-5500-C,74.43,0.054000000000000006,0.1,0,1554323338080,17235233,209
2019-04-03 20:31:40.044,1.0,buy,5255.88,BTC-26APR19-5500-C,75.12,0.055,1.0,0,1554323500044,17235660,210
2019-04-03 20:40:27.129,19.0,buy,5255.64,BTC-26APR19-5500-C,75.15,0.055,19.0,1,1554324027129,17236710,211
2019-04-03 20:50:09.788,0.3,buy,5268.24,BTC-26APR19-5500-C,76.25,0.057,0.3,0,1554324609788,17237262,212
2019-04-03 20:58:54.620,2.0,buy,5291.96,BTC-26APR19-5500-C,75.48,0.058,2.0,0,1554325134620,17237965,213
2019-04-03 21:00:00.715,1.0,buy,5295.81,BTC-26APR19-5500-C,75.19,0.058,1.0,1,1554325200715,17238082,214
2019-04-03 21:00:05.015,5.1000000000000005,buy,5298.0,BTC-26APR19-5500-C,75.02,0.058,5.1000000000000005,1,1554325205015,17238124,215
2019-04-03 21:00:35.236,6.0,buy,5303.24,BTC-26APR19-5500-C,74.62,0.058,6.0,1,1554325235236,17238180,216
2019-04-03 21:00:36.005,5.9,buy,5303.24,BTC-26APR19-5500-C,74.62,0.058,5.9,1,1554325236005,17238184,217
2019-04-03 21:07:14.232,7.4,buy,5297.19,BTC-26APR19-5500-C,74.58,0.0575,7.4,2,1554325634232,17239437,218
2019-04-03 21:07:18.452,6.7,buy,5293.99,BTC-26APR19-5500-C,74.83,0.0575,6.7,3,1554325638452,17239484,219
2019-04-03 21:07:19.827,5.9,buy,5293.34,BTC-26APR19-5500-C,74.88,0.0575,5.9,3,1554325639827,17239498,220
2019-04-03 21:11:22.542,20.0,buy,5303.09,BTC-26APR19-5500-C,77.18,0.0605,20.0,0,1554325882542,17240087,221
2019-04-03 21:19:22.894,2.5,buy,5291.51,BTC-26APR19-5500-C,78.08,0.0605,2.5,1,1554326362894,17240664,222
2019-04-03 21:37:16.078,1.0,buy,5296.24,BTC-26APR19-5500-C,77.74,0.0605,1.0,1,1554327436078,17241935,223
2019-04-03 21:44:44.792,2.5,buy,5291.66,BTC-26APR19-5500-C,78.1,0.0605,2.5,1,1554327884792,17242362,224
2019-04-03 21:48:35.494,4.7,buy,5264.45,BTC-26APR19-5500-C,78.14,0.0585,4.7,3,1554328115494,17243483,226
2019-04-03 21:48:35.494,0.3,buy,5264.45,BTC-26APR19-5500-C,78.14,0.0585,0.3,2,1554328115494,17243482,225
2019-04-03 22:08:34.129,0.1,sell,5221.91,BTC-26APR19-5500-C,74.17,0.0515,0.1,2,1554329314129,17246884,227
2019-04-03 22:40:10.946,1.0,sell,5220.37,BTC-26APR19-5500-C,74.31,0.0515,1.0,3,1554331210946,17249317,228
2019-04-03 22:41:07.248,14.4,sell,5203.22,BTC-26APR19-5500-C,74.02,0.05,14.4,2,1554331267248,17249523,229
2019-04-03 22:41:07.303,5.6000000000000005,buy,5203.22,BTC-26APR19-5500-C,74.02,0.05,5.6000000000000005,3,1554331267303,17249526,230
2019-04-03 22:41:13.540,0.5,sell,5202.94,BTC-26APR19-5500-C,73.52,0.0495,0.5,2,1554331273540,17249547,231
2019-04-03 22:43:07.773,1.0,sell,5143.41,BTC-26APR19-5500-C,73.62,0.0455,1.0,2,1554331387773,17250226,232
2019-04-03 22:44:27.034,0.4,sell,5038.59,BTC-26APR19-5500-C,71.15,0.0365,0.4,2,1554331467034,17252392,233
2019-04-03 22:58:12.716,10.1,buy,5071.21,BTC-26APR19-5500-C,77.09,0.044,10.1,0,1554332292716,17257889,234
2019-04-03 22:58:12.734,0.2,buy,5071.21,BTC-26APR19-5500-C,77.09,0.044,0.2,1,1554332292734,17257891,235
2019-04-03 22:58:27.176,1.0,buy,5088.91,BTC-26APR19-5500-C,76.93,0.045,1.0,0,1554332307176,17258007,236
2019-04-03 22:59:46.774,0.3,buy,5107.72,BTC-26APR19-5500-C,77.21,0.0465,0.3,0,1554332386774,17258168,237
2019-04-03 22:59:46.797,0.1,buy,5107.72,BTC-26APR19-5500-C,77.21,0.0465,0.1,1,1554332386797,17258169,238
2019-04-03 23:07:27.549,11.1,buy,4821.32,BTC-26APR19-5500-C,80.04,0.032,11.1,2,1554332847549,17264253,239
2019-04-03 23:07:27.988,0.5,buy,4821.32,BTC-26APR19-5500-C,80.04,0.032,0.5,3,1554332847988,17264271,240
2019-04-03 23:18:13.220,8.4,buy,4863.51,BTC-26APR19-5500-C,80.32,0.0345,8.4,0,1554333493220,17270291,241
2019-04-04 01:59:06.299,0.5,sell,4996.99,BTC-26APR19-5500-C,80.2,0.042,0.5,0,1554343146299,17284782,242
2019-04-04 04:33:44.112,3.5,buy,5003.5,BTC-26APR19-5500-C,80.5,0.0425,3.5,0,1554352424112,17291723,243
2019-04-04 06:27:06.507,5.0,buy,5058.91,BTC-26APR19-5500-C,77.4,0.043,5.0,0,1554359226507,17294187,244
2019-04-04 08:16:23.367,6.0,buy,5044.83,BTC-26APR19-5500-C,79.59,0.044,6.0,0,1554365783367,17295939,245
2019-04-04 08:41:59.269,10.0,sell,4990.01,BTC-26APR19-5500-C,78.97,0.04,10.0,2,1554367319269,17297139,246
2019-04-04 08:42:06.419,10.0,sell,4982.57,BTC-26APR19-5500-C,79.47,0.04,10.0,3,1554367326419,17297198,247
2019-04-04 10:40:14.907,5.6000000000000005,sell,4969.53,BTC-26APR19-5500-C,76.0,0.036000000000000004,5.6000000000000005,2,1554374414907,17301008,248
2019-04-04 10:40:14.910,10.0,buy,4969.53,BTC-26APR19-5500-C,76.0,0.036000000000000004,10.0,3,1554374414910,17301009,249
2019-04-04 10:40:18.522,0.4,buy,4969.94,BTC-26APR19-5500-C,75.97,0.036000000000000004,0.4,3,1554374418522,17301015,250
2019-04-04 10:40:18.732,0.7000000000000001,buy,4969.94,BTC-26APR19-5500-C,75.97,0.036000000000000004,0.7000000000000001,3,1554374418732,17301020,251
2019-04-04 10:40:18.742,0.3,buy,4969.94,BTC-26APR19-5500-C,75.97,0.036000000000000004,0.3,3,1554374418742,17301024,252
2019-04-04 10:40:18.970,0.2,buy,4969.94,BTC-26APR19-5500-C,75.97,0.036000000000000004,0.2,3,1554374418970,17301029,253
2019-04-04 10:40:19.024,0.3,buy,4969.94,BTC-26APR19-5500-C,75.97,0.036000000000000004,0.3,3,1554374419024,17301039,254
2019-04-04 10:40:19.058,0.3,buy,4970.52,BTC-26APR19-5500-C,75.93,0.036000000000000004,0.3,3,1554374419058,17301041,255
2019-04-04 10:40:56.518,2.2,buy,4980.92,BTC-26APR19-5500-C,75.25,0.036000000000000004,2.2,3,1554374456518,17301110,256
2019-04-04 11:35:54.644,1.0,sell,4970.38,BTC-26APR19-5500-C,74.87,0.035,1.0,2,1554377754644,17304349,257
2019-04-04 11:48:35.951,10.0,sell,4980.11,BTC-26APR19-5500-C,73.68,0.0345,10.0,2,1554378515951,17304890,258
2019-04-04 11:49:08.733,10.0,sell,4979.93,BTC-26APR19-5500-C,73.12,0.034,10.0,2,1554378548733,17304891,259
2019-04-04 12:18:41.800,10.0,buy,5006.13,BTC-26APR19-5500-C,74.25,0.0365,10.0,0,1554380321800,17305970,260
2019-04-04 12:19:02.720,0.2,buy,5006.42,BTC-26APR19-5500-C,74.79,0.037000000000000005,0.2,0,1554380342720,17305977,261
2019-04-04 14:01:17.695,12.0,sell,5013.04,BTC-26APR19-5500-C,73.35,0.036000000000000004,12.0,3,1554386477695,17308978,263
2019-04-04 14:01:17.695,6.3,sell,5013.04,BTC-26APR19-5500-C,73.35,0.036000000000000004,6.3,2,1554386477695,17308977,262
2019-04-04 14:08:47.075,19.3,sell,5017.95,BTC-26APR19-5500-C,70.77,0.034,19.3,2,1554386927075,17309072,264
2019-04-04 14:08:47.075,0.7000000000000001,sell,5017.95,BTC-26APR19-5500-C,70.77,0.034,0.7000000000000001,3,1554386927075,17309073,265
2019-04-04 14:08:52.703,4.9,sell,5017.69,BTC-26APR19-5500-C,70.79,0.034,4.9,3,1554386932703,17309074,266
2019-04-04 14:08:52.706,14.3,buy,5017.69,BTC-26APR19-5500-C,70.79,0.034,14.3,3,1554386932706,17309075,267
2019-04-04 14:08:54.723,0.1,buy,5017.62,BTC-26APR19-5500-C,70.79,0.034,0.1,3,1554386934723,17309076,268
2019-04-04 14:09:22.867,0.7000000000000001,buy,5023.57,BTC-26APR19-5500-C,70.39,0.034,0.7000000000000001,3,1554386962867,17309139,269
2019-04-04 14:09:56.122,0.2,buy,5024.42,BTC-26APR19-5500-C,72.59,0.036000000000000004,0.2,0,1554386996122,17309190,270
2019-04-04 14:19:30.769,19.3,sell,5034.72,BTC-26APR19-5500-C,69.66,0.034,19.3,2,1554387570769,17309737,271
2019-04-04 14:23:24.317,0.7000000000000001,buy,5040.48,BTC-26APR19-5500-C,69.28,0.034,0.7000000000000001,3,1554387804317,17309817,272
2019-04-04 14:49:37.572,15.0,sell,5003.64,BTC-26APR19-5500-C,68.9,0.0315,15.0,2,1554389377572,17311084,273
2019-04-04 14:49:37.572,5.0,sell,5003.64,BTC-26APR19-5500-C,68.9,0.0315,5.0,3,1554389377572,17311085,274
2019-04-04 15:08:00.916,0.6,sell,4991.38,BTC-26APR19-5500-C,67.98,0.03,0.6,2,1554390480916,17311292,276
2019-04-04 15:08:00.916,13.6,sell,4991.38,BTC-26APR19-5500-C,67.98,0.03,13.6,3,1554390480916,17311293,277
2019-04-04 15:08:00.916,5.8,sell,4991.38,BTC-26APR19-5500-C,68.56,0.0305,5.8,2,1554390480916,17311291,275
2019-04-04 16:28:23.387,1.0,sell,4955.34,BTC-26APR19-5500-C,70.4,0.03,1.0,3,1554395303387,17314244,278
2019-04-04 16:55:07.830,1.0,sell,4937.87,BTC-26APR19-5500-C,71.56,0.03,1.0,3,1554396907830,17315705,279
2019-04-04 16:57:48.174,9.4,sell,4943.42,BTC-26APR19-5500-C,71.2,0.03,9.4,3,1554397068174,17315812,280
2019-04-04 17:33:38.331,0.6,buy,4957.46,BTC-26APR19-5500-C,70.34,0.03,0.6,3,1554399218331,17316867,281
2019-04-04 18:01:20.968,0.1,buy,4879.32,BTC-26APR19-5500-C,73.56,0.0285,0.1,2,1554400880968,17319328,282
2019-04-04 18:01:33.141,0.5,sell,4878.11,BTC-26APR19-5500-C,68.67,0.0245,0.5,2,1554400893141,17319362,283
2019-04-04 18:16:53.373,0.2,sell,4834.34,BTC-26APR19-5500-C,69.44,0.023,0.2,2,1554401813373,17322189,284
2019-04-04 19:58:36.525,0.1,sell,4826.82,BTC-26APR19-5500-C,71.96,0.0245,0.1,0,1554407916525,17328601,285
2019-04-04 20:38:57.234,7.5,sell,4823.59,BTC-26APR19-5500-C,71.55,0.024,7.5,2,1554410337234,17333075,286
2019-04-04 21:21:32.542,0.3,buy,4911.33,BTC-26APR19-5500-C,68.08,0.0255,0.3,0,1554412892542,17336184,287
2019-04-04 21:23:11.274,2.1,sell,4916.01,BTC-26APR19-5500-C,67.79,0.0255,2.1,1,1554412991274,17336464,288
2019-04-04 21:26:56.638,2.0,sell,4909.56,BTC-26APR19-5500-C,67.58,0.025,2.0,2,1554413216638,17336820,289
2019-04-04 21:49:48.337,0.3,buy,4937.66,BTC-26APR19-5500-C,67.69,0.0265,0.3,0,1554414588337,17338078,290
2019-04-05 00:09:21.143,0.1,sell,4934.9,BTC-26APR19-5500-C,66.79,0.0255,0.1,2,1554422961143,17342136,291
2019-04-05 01:15:38.576,10.0,sell,4942.04,BTC-26APR19-5500-C,71.87,0.03,10.0,0,1554426938576,17344205,292
2019-04-05 03:40:49.238,3.0,sell,4904.79,BTC-26APR19-5500-C,71.4,0.0275,3.0,2,1554435649238,17346436,293
2019-04-05 03:43:10.074,2.0,sell,4894.53,BTC-26APR19-5500-C,72.05,0.0275,2.0,3,1554435790074,17346530,294
2019-04-05 04:25:49.151,2.0,buy,4936.92,BTC-26APR19-5500-C,73.62,0.031,2.0,0,1554438349151,17347977,295
2019-04-05 11:15:22.262,1.0,buy,4970.74,BTC-26APR19-5500-C,73.08,0.032,1.0,0,1554462922262,17358528,296
2019-04-05 11:34:57.800,24.0,buy,5016.32,BTC-26APR19-5500-C,73.53,0.035,24.0,0,1554464097800,17359562,297
2019-04-05 12:15:02.580,2.0,sell,4996.22,BTC-26APR19-5500-C,69.08,0.03,2.0,2,1554466502580,17361259,298
2019-04-05 16:16:31.955,1.0,sell,4984.55,BTC-26APR19-5500-C,69.54,0.0295,1.0,2,1554480991955,17371968,299
2019-04-05 17:16:21.424,2.0,sell,5017.19,BTC-26APR19-5500-C,69.21,0.031,2.0,0,1554484581424,17374849,300
2019-04-06 12:07:22.370,0.5,sell,5005.94,BTC-26APR19-5500-C,68.91,0.028999999999999998,0.5,2,1554552442370,17393086,301
2019-04-06 14:05:48.848,5.0,buy,5030.17,BTC-26APR19-5500-C,68.62,0.03,5.0,0,1554559548848,17395028,302
2019-04-06 14:33:52.974,6.2,sell,5009.63,BTC-26APR19-5500-C,67.61,0.027999999999999997,6.2,2,1554561232974,17395376,303
2019-04-06 14:34:09.358,24.0,sell,5009.77,BTC-26APR19-5500-C,66.99,0.0275,24.0,2,1554561249358,17395381,304
2019-04-06 14:34:24.788,24.0,sell,5010.23,BTC-26APR19-5500-C,66.34,0.027000000000000003,24.0,3,1554561264788,17395384,306
2019-04-06 14:34:24.788,5.7,sell,5010.23,BTC-26APR19-5500-C,66.34,0.027000000000000003,5.7,2,1554561264788,17395383,305
2019-04-06 14:47:24.916,4.6000000000000005,sell,5021.22,BTC-26APR19-5500-C,66.84,0.027999999999999997,4.6000000000000005,0,1554562044916,17395672,307
2019-04-06 14:53:05.732,4.0,buy,5020.14,BTC-26APR19-5500-C,66.92,0.027999999999999997,4.0,1,1554562385732,17395743,308
2019-04-06 14:53:14.361,4.0,buy,5020.11,BTC-26APR19-5500-C,66.93,0.027999999999999997,4.0,1,1554562394361,17395744,309
2019-04-06 14:54:28.863,24.0,sell,5020.03,BTC-26APR19-5500-C,66.32,0.0275,24.0,2,1554562468863,17395771,310
2019-04-06 14:54:28.863,7.4,sell,5020.03,BTC-26APR19-5500-C,66.32,0.0275,7.4,3,1554562468863,17395772,311
2019-04-06 14:54:30.382,3.7,buy,5020.03,BTC-26APR19-5500-C,66.32,0.0275,3.7,3,1554562470382,17395773,312
2019-04-06 14:59:31.909,12.4,buy,5036.58,BTC-26APR19-5500-C,65.81,0.027999999999999997,12.4,0,1554562771909,17395981,313
2019-04-06 15:00:44.125,12.0,buy,5072.45,BTC-26APR19-5500-C,65.76,0.03,12.0,0,1554562844125,17397062,314
2019-04-06 15:03:44.033,24.0,sell,5039.84,BTC-26APR19-5500-C,64.37,0.027000000000000003,24.0,2,1554563024033,17397852,315
2019-04-06 15:03:44.033,4.6000000000000005,sell,5039.84,BTC-26APR19-5500-C,64.37,0.027000000000000003,4.6000000000000005,3,1554563024033,17397853,316
2019-04-06 15:05:42.694,0.1,sell,5037.21,BTC-26APR19-5500-C,64.55,0.027000000000000003,0.1,3,1554563142694,17398163,317
2019-04-06 15:29:41.900,1.3,buy,5047.75,BTC-26APR19-5500-C,64.48,0.0275,1.3,0,1554564581900,17399496,318
2019-04-06 15:32:13.056,1.0,buy,5050.8,BTC-26APR19-5500-C,63.66,0.027000000000000003,1.0,2,1554564733056,17399568,319
2019-04-06 15:32:22.684,4.0,buy,5051.33,BTC-26APR19-5500-C,63.62,0.027000000000000003,4.0,3,1554564742684,17399574,320
2019-04-06 15:32:55.192,24.0,sell,5057.4,BTC-26APR19-5500-C,63.21,0.027000000000000003,24.0,3,1554564775192,17399598,321
2019-04-06 15:36:20.567,1.0,buy,5047.48,BTC-26APR19-5500-C,63.89,0.027000000000000003,1.0,3,1554564980567,17399709,322
2019-04-06 15:44:23.890,5.0,sell,5054.32,BTC-26APR19-5500-C,63.43,0.027000000000000003,5.0,3,1554565463890,17399887,323
2019-04-06 15:45:51.033,5.0,buy,5055.31,BTC-26APR19-5500-C,63.98,0.0275,5.0,0,1554565551033,17399928,324
2019-04-06 15:46:02.592,5.0,buy,5058.61,BTC-26APR19-5500-C,64.36,0.027999999999999997,5.0,0,1554565562592,17399936,325
2019-04-06 15:46:41.973,5.0,buy,5060.38,BTC-26APR19-5500-C,64.24,0.027999999999999997,5.0,1,1554565601973,17399952,326
2019-04-06 15:47:01.245,5.0,buy,5069.08,BTC-26APR19-5500-C,64.25,0.0285,5.0,0,1554565621245,17400020,327
2019-04-06 15:47:04.663,5.0,buy,5068.14,BTC-26APR19-5500-C,64.91,0.028999999999999998,5.0,0,1554565624663,17400022,328
2019-04-06 15:47:52.703,5.0,buy,5075.68,BTC-26APR19-5500-C,64.39,0.028999999999999998,5.0,1,1554565672703,17400175,329
2019-04-06 15:47:56.233,5.0,buy,5075.53,BTC-26APR19-5500-C,65.0,0.0295,5.0,0,1554565676233,17400177,330
2019-04-06 15:48:12.058,13.0,buy,5067.21,BTC-26APR19-5500-C,66.18,0.03,13.0,0,1554565692058,17400271,331
2019-04-06 15:58:24.007,25.0,buy,5112.86,BTC-26APR19-5500-C,65.35,0.032,25.0,0,1554566304007,17401819,332
2019-04-06 16:25:28.208,2.0,buy,5162.66,BTC-26APR19-5500-C,64.11,0.034,2.0,0,1554567928208,17405686,333
2019-04-06 16:33:32.764,6.9,buy,5190.58,BTC-26APR19-5500-C,62.06,0.034,6.9,1,1554568412764,17406465,334
2019-04-06 16:37:27.157,15.0,buy,5185.07,BTC-26APR19-5500-C,62.47,0.034,15.0,1,1554568647157,17407080,335
2019-04-06 16:37:30.800,1.1,buy,5185.17,BTC-26APR19-5500-C,62.47,0.034,1.1,1,1554568650800,17407081,336
2019-04-06 16:37:50.489,5.0,buy,5193.15,BTC-26APR19-5500-C,65.29,0.037000000000000005,5.0,0,1554568670489,17407216,337
2019-04-06 19:25:45.816,1.0,buy,5190.57,BTC-26APR19-5500-C,67.37,0.0385,1.0,0,1554578745816,17419869,338
2019-04-06 20:13:08.735,3.0,sell,5166.26,BTC-26APR19-5500-C,61.79,0.032,3.0,2,1554581588735,17421433,339
2019-04-06 21:03:47.007,4.0,sell,5000.94,BTC-26APR19-5500-C,66.8,0.0265,4.0,2,1554584627007,17426565,340
2019-04-06 21:07:13.591,1.0,sell,4957.81,BTC-26APR19-5500-C,69.69,0.0265,1.0,3,1554584833591,17428496,341
2019-04-06 21:19:10.959,1.0,sell,5005.76,BTC-26APR19-5500-C,65.23,0.0255,1.0,2,1554585550959,17432419,342
2019-04-06 22:15:18.445,3.8,buy,5016.07,BTC-26APR19-5500-C,70.8,0.0305,3.8,0,1554588918445,17439288,343
2019-04-07 22:39:40.696,0.4,buy,5228.27,BTC-26APR19-5500-C,66.47,0.0385,0.4,0,1554676780696,17485639,344
2019-04-07 22:55:50.061,1.0,sell,5167.32,BTC-26APR19-5500-C,65.34,0.0335,1.0,2,1554677750061,17490897,345
2019-04-07 22:56:53.132,2.0,sell,5175.4,BTC-26APR19-5500-C,65.32,0.034,2.0,0,1554677813132,17491026,346
2019-04-07 23:05:36.564,3.9,buy,5158.92,BTC-26APR19-5500-C,67.18,0.0345,3.9,0,1554678336564,17492317,347
2019-04-08 00:03:29.897,1.0,sell,5171.67,BTC-26APR19-5500-C,65.1,0.0335,1.0,2,1554681809897,17495940,348
2019-04-08 01:11:06.455,0.2,buy,5303.44,BTC-26APR19-5500-C,68.56,0.0455,0.2,0,1554685866455,17500805,349
2019-04-08 02:18:00.059,4.1,buy,5320.59,BTC-26APR19-5500-C,70.6,0.0485,4.1,0,1554689880059,17506656,350
2019-04-08 02:20:35.799,4.0,buy,5335.49,BTC-26APR19-5500-C,72.16,0.051,4.0,0,1554690035799,17506837,351
2019-04-08 02:21:34.097,0.5,sell,5330.78,BTC-26APR19-5500-C,66.91,0.046,0.5,2,1554690094097,17506876,352
2019-04-08 05:07:36.972,0.2,buy,5308.66,BTC-26APR19-5500-C,70.14,0.047,0.2,0,1554700056972,17513578,353
2019-04-08 14:37:15.163,1.0,buy,5223.02,BTC-26APR19-5500-C,71.07,0.040999999999999995,1.0,2,1554734235163,17532942,354
2019-04-08 14:37:53.000,2.0,sell,5223.58,BTC-26APR19-5500-C,67.49,0.038,2.0,2,1554734273000,17532959,355
2019-04-08 17:38:55.039,3.5,sell,5205.59,BTC-26APR19-5500-C,67.39,0.0365,3.5,2,1554745135039,17537772,356
2019-04-09 06:41:24.713,1.0,sell,5225.01,BTC-26APR19-5500-C,68.08,0.0375,1.0,0,1554792084713,17563086,357
2019-04-09 10:22:20.650,0.5,buy,5182.7,BTC-26APR19-5500-C,66.3,0.033,0.5,2,1554805340650,17569615,358
2019-04-09 12:59:59.439,0.5,sell,5191.05,BTC-26APR19-5500-C,67.09,0.034,0.5,0,1554814799439,17573229,359
2019-04-09 19:53:28.354,6.0,sell,5211.84,BTC-26APR19-5500-C,64.12,0.0325,6.0,2,1554839608354,17580572,360
2019-04-09 19:53:28.425,6.0,buy,5211.84,BTC-26APR19-5500-C,64.12,0.0325,6.0,3,1554839608425,17580573,361
2019-04-09 21:00:23.740,125.0,buy,5220.16,BTC-26APR19-5500-C,64.16,0.033,125.0,0,1554843623740,17582051,362
2019-04-10 02:58:00.640,0.3,buy,5228.99,BTC-26APR19-5500-C,62.67,0.032,0.3,2,1554865080640,17590969,363
2019-04-10 04:44:27.648,0.3,buy,5237.98,BTC-26APR19-5500-C,62.7,0.0325,0.3,0,1554871467648,17591568,364
2019-04-10 06:21:14.539,0.1,buy,5261.25,BTC-26APR19-5500-C,63.36,0.0345,0.1,0,1554877274539,17593682,365
2019-04-10 07:51:56.549,1.0,sell,5245.84,BTC-26APR19-5500-C,58.53,0.0295,1.0,2,1554882716549,17594936,366
2019-04-10 12:45:32.804,0.3,buy,5283.54,BTC-26APR19-5500-C,56.37,0.03,0.3,0,1554900332804,17599200,367
2019-04-10 13:43:47.341,4.0,buy,5279.73,BTC-26APR19-5500-C,58.64,0.0315,4.0,0,1554903827341,17600850,368
2019-04-10 14:20:31.001,1.1,buy,5260.31,BTC-26APR19-5500-C,59.08,0.0305,1.1,2,1554906031001,17601948,369
2019-04-10 15:08:38.729,1.7,buy,5259.94,BTC-26APR19-5500-C,59.81,0.031,1.7,0,1554908918729,17602435,370
2019-04-10 15:25:42.286,50.0,sell,5261.28,BTC-26APR19-5500-C,58.45,0.03,50.0,2,1554909942286,17602695,371
2019-04-10 15:31:57.451,1.0,sell,5264.65,BTC-26APR19-5500-C,56.91,0.029,1.0,2,1554910317451,17602777,372
2019-04-10 15:40:10.211,16.0,buy,5269.03,BTC-26APR19-5500-C,57.18,0.0295,16.0,0,1554910810211,17602861,373
2019-04-10 15:43:12.837,1.8,buy,5268.04,BTC-26APR19-5500-C,56.64,0.029,1.8,2,1554910992837,17602923,374
2019-04-10 15:46:08.191,34.0,buy,5267.84,BTC-26APR19-5500-C,57.92,0.03,34.0,1,1554911168191,17602944,376
2019-04-10 15:46:08.191,16.0,buy,5267.84,BTC-26APR19-5500-C,57.92,0.03,16.0,0,1554911168191,17602943,375
2019-04-10 15:56:52.700,5.0,sell,5269.82,BTC-26APR19-5500-C,57.14,0.0295,5.0,2,1554911812700,17603064,377
2019-04-10 16:00:56.977,0.1,buy,5299.59,BTC-26APR19-5500-C,56.48,0.031,0.1,0,1554912056977,17603876,378
2019-04-10 16:01:12.463,0.1,buy,5303.67,BTC-26APR19-5500-C,58.0,0.0325,0.1,0,1554912072463,17604083,379
2019-04-10 18:11:23.899,5.0,buy,5308.3,BTC-26APR19-5500-C,58.39,0.033,5.0,0,1554919883899,17609551,380
2019-04-10 18:37:44.648,2.0,buy,5438.84,BTC-26APR19-5500-C,59.71,0.044,2.0,0,1554921464648,17617892,381
2019-04-10 18:38:38.929,1.0,buy,5423.96,BTC-26APR19-5500-C,59.35,0.0425,1.0,2,1554921518929,17618266,382
2019-04-10 18:40:54.321,12.0,buy,5427.84,BTC-26APR19-5500-C,60.19,0.0435,12.0,0,1554921654321,17618737,383
2019-04-10 18:43:07.651,1.0,sell,5432.74,BTC-26APR19-5500-C,58.49,0.0425,1.0,2,1554921787651,17619057,384
2019-04-10 19:03:44.346,2.0,buy,5416.29,BTC-26APR19-5500-C,62.57,0.0445,2.0,0,1554923024346,17622607,385
2019-04-10 19:48:03.576,4.0,sell,5413.96,BTC-26APR19-5500-C,62.25,0.044,4.0,2,1554925683576,17625877,386
2019-04-10 20:02:52.357,0.3,sell,5415.45,BTC-26APR19-5500-C,60.29,0.0425,0.3,2,1554926572357,17626521,387
2019-04-10 20:23:32.133,0.2,sell,5408.56,BTC-26APR19-5500-C,62.82,0.044,0.2,0,1554927812133,17627148,388
2019-04-10 20:30:17.727,0.8,sell,5388.57,BTC-26APR19-5500-C,64.75,0.044,0.8,1,1554928217727,17627718,389
2019-04-10 20:38:27.000,1.0,sell,5345.85,BTC-26APR19-5500-C,63.87,0.04,1.0,2,1554928707000,17629996,390
2019-04-11 03:44:08.375,1.0,sell,5169.37,BTC-26APR19-5500-C,68.45,0.031,1.0,2,1554954248375,17664542,391
2019-04-11 03:44:08.375,10.0,sell,5169.37,BTC-26APR19-5500-C,67.13,0.03,10.0,2,1554954248375,17664543,392
2019-04-11 08:03:53.676,0.2,sell,5179.56,BTC-26APR19-5500-C,62.68,0.027000000000000003,0.2,2,1554969833676,17672384,393
2019-04-11 09:49:09.422,6.0,sell,5117.15,BTC-26APR19-5500-C,64.41,0.0245,6.0,2,1554976149422,17677154,394
2019-04-11 09:54:59.165,6.7,buy,5032.81,BTC-26APR19-5500-C,59.77,0.017,6.7,2,1554976499165,17684256,395
2019-04-11 10:06:54.251,2.0,buy,5078.96,BTC-26APR19-5500-C,64.56,0.0225,2.0,0,1554977214251,17686939,396
2019-04-11 10:12:05.620,10.0,sell,5056.97,BTC-26APR19-5500-C,60.34,0.0185,10.0,2,1554977525620,17687263,397
2019-04-11 10:12:12.154,10.0,buy,5056.84,BTC-26APR19-5500-C,60.34,0.0185,10.0,3,1554977532154,17687273,398
2019-04-11 10:15:57.483,0.8,buy,5080.97,BTC-26APR19-5500-C,59.31,0.019,0.8,0,1554977757483,17687540,399
2019-04-11 11:24:36.704,0.2,sell,5042.0,BTC-26APR19-5500-C,60.78,0.018000000000000002,0.2,2,1554981876704,17692241,400
2019-04-11 14:05:53.728,0.1,sell,5009.37,BTC-26APR19-5500-C,60.23,0.016,0.1,2,1554991553728,17702020,401
2019-04-11 14:50:03.942,0.2,sell,5034.99,BTC-26APR19-5500-C,63.88,0.0195,0.2,0,1554994203942,17703530,402
2019-04-11 16:15:16.994,4.1,sell,5016.0,BTC-26APR19-5500-C,59.93,0.016,4.1,2,1554999316994,17706883,403
2019-04-11 21:07:43.924,0.1,sell,5046.29,BTC-26APR19-5500-C,58.16,0.016,0.1,3,1555016863924,17716359,404
2019-04-11 23:46:04.864,0.3,sell,5054.05,BTC-26APR19-5500-C,62.5,0.019,0.3,0,1555026364864,17722244,405
2019-04-12 08:32:08.995,1.0,sell,5019.12,BTC-26APR19-5500-C,60.32,0.0155,1.0,2,1555057928995,17742301,406
2019-04-12 11:09:29.374,1.0,buy,5097.82,BTC-26APR19-5500-C,60.95,0.0195,1.0,0,1555067369374,17746451,407
2019-04-12 12:36:37.951,6.0,buy,5082.33,BTC-26APR19-5500-C,58.4,0.017,6.0,2,1555072597951,17748084,408
2019-04-12 12:49:04.913,3.9,buy,5081.5,BTC-26APR19-5500-C,58.48,0.017,3.9,3,1555073344913,17748406,409
2019-04-12 12:59:43.147,0.5,buy,5089.35,BTC-26APR19-5500-C,58.68,0.0175,0.5,0,1555073983147,17748499,410
2019-04-12 17:37:52.917,1.0,sell,5088.95,BTC-26APR19-5500-C,56.74,0.016,1.0,2,1555090672917,17753087,411
2019-04-12 18:04:44.774,11.0,sell,5060.87,BTC-26APR19-5500-C,57.26,0.015,11.0,2,1555092284774,17756838,412
2019-04-12 19:28:48.020,53.5,buy,5070.4,BTC-26APR19-5500-C,56.67,0.015,53.5,3,1555097328020,17758119,413
2019-04-12 22:42:00.080,0.1,buy,5081.18,BTC-26APR19-5500-C,57.78,0.016,0.1,0,1555108920080,17761988,414
2019-04-12 23:16:13.531,50.0,sell,5086.32,BTC-26APR19-5500-C,55.8,0.015,50.0,2,1555110973531,17762577,415
2019-04-13 00:14:18.251,2.0,sell,5072.27,BTC-26APR19-5500-C,53.56,0.013,2.0,2,1555114458251,17763046,416
2019-04-13 00:14:18.251,8.0,sell,5072.27,BTC-26APR19-5500-C,53.56,0.013,8.0,3,1555114458251,17763047,417
2019-04-13 00:22:40.166,10.0,sell,5065.12,BTC-26APR19-5500-C,53.23,0.0125,10.0,2,1555114960166,17763124,418
2019-04-13 04:45:05.296,0.1,buy,5113.5,BTC-26APR19-5500-C,59.8,0.0185,0.1,0,1555130705296,17766548,420
2019-04-13 04:45:05.296,0.3,buy,5113.5,BTC-26APR19-5500-C,56.63,0.0165,0.3,0,1555130705296,17766547,419
2019-04-13 04:45:05.296,0.6,buy,5113.5,BTC-26APR19-5500-C,60.58,0.019,0.6,0,1555130705296,17766549,421
2019-04-13 05:28:06.852,2.0,sell,5105.8,BTC-26APR19-5500-C,50.64,0.0125,2.0,2,1555133286852,17766971,422
2019-04-13 14:27:43.125,1.2,buy,5093.38,BTC-26APR19-5500-C,55.78,0.0145,1.2,0,1555165663125,17779065,423
2019-04-13 18:31:58.822,1.0,buy,5088.52,BTC-26APR19-5500-C,54.8,0.0135,1.0,2,1555180318822,17783176,424
2019-04-13 19:16:42.898,0.1,buy,5086.83,BTC-26APR19-5500-C,55.0,0.0135,0.1,3,1555183002898,17783552,425
2019-04-13 19:48:30.929,1.0,sell,5077.2,BTC-26APR19-5500-C,54.9,0.013,1.0,2,1555184910929,17783713,426
2019-04-14 03:44:38.752,1.0,sell,5052.98,BTC-26APR19-5500-C,53.78,0.011000000000000001,1.0,2,1555213478752,17790045,427
2019-04-14 04:18:08.951,0.1,buy,5059.23,BTC-26APR19-5500-C,54.31,0.0115,0.1,0,1555215488951,17790399,428
2019-04-14 04:26:35.389,9.0,sell,5056.06,BTC-26APR19-5500-C,53.61,0.011,9.0,2,1555215995389,17790447,429
2019-04-14 10:15:25.938,1.4,buy,5067.09,BTC-26APR19-5500-C,53.32,0.011,1.4,3,1555236925938,17794683,430
2019-04-14 12:14:05.559,0.4,sell,5062.49,BTC-26APR19-5500-C,51.9,0.01,0.4,2,1555244045559,17795517,431
2019-04-14 12:36:15.725,0.6,buy,5065.87,BTC-26APR19-5500-C,51.68,0.01,0.6,3,1555245375725,17795661,432
2019-04-14 16:06:43.166,1.0,buy,5097.7,BTC-26APR19-5500-C,51.53,0.011,1.0,0,1555258003166,17798321,433
2019-04-14 16:07:08.604,1.0,buy,5103.18,BTC-26APR19-5500-C,51.1,0.011,1.0,1,1555258028604,17798537,434
2019-04-14 16:07:37.790,1.0,buy,5102.47,BTC-26APR19-5500-C,51.16,0.011,1.0,1,1555258057790,17798644,435
2019-04-14 16:07:40.717,1.0,buy,5102.07,BTC-26APR19-5500-C,51.19,0.011,1.0,1,1555258060717,17798655,436
2019-04-14 16:08:11.663,1.0,buy,5100.87,BTC-26APR19-5500-C,51.28,0.011,1.0,1,1555258091663,17798704,437
2019-04-14 16:32:40.565,13.6,buy,5089.2,BTC-26APR19-5500-C,52.22,0.011,13.6,1,1555259560565,17799197,438
2019-04-14 18:15:26.628,0.9,buy,5105.73,BTC-26APR19-5500-C,52.04,0.0115,0.9,0,1555265726628,17800294,439
2019-04-14 23:12:36.036,0.1,sell,5157.92,BTC-26APR19-5500-C,55.4,0.0155,0.1,0,1555283556036,17809034,440
2019-04-14 23:13:10.476,9.9,buy,5157.24,BTC-26APR19-5500-C,56.31,0.016,9.9,0,1555283590476,17809237,441
2019-04-15 01:21:10.211,1.0,buy,5178.01,BTC-26APR19-5500-C,58.08,0.018000000000000002,1.0,0,1555291270211,17811178,442
2019-04-15 01:52:08.930,2.0,buy,5178.47,BTC-26APR19-5500-C,54.76,0.016,2.0,2,1555293128930,17811728,443
2019-04-15 14:46:34.720,1.0,buy,5164.57,BTC-26APR19-5500-C,52.01,0.013000000000000001,1.0,2,1555339594720,17820288,444
2019-04-15 17:28:29.510,1.0,sell,5109.41,BTC-26APR19-5500-C,56.95,0.013,1.0,3,1555349309510,17822741,445
2019-04-16 01:05:54.679,0.1,sell,5048.89,BTC-26APR19-5500-C,53.43,0.0085,0.1,2,1555376754679,17849735,446
2019-04-16 01:05:54.764,0.1,buy,5048.89,BTC-26APR19-5500-C,53.43,0.0085,0.1,3,1555376754764,17849736,447
2019-04-16 01:05:54.813,0.1,buy,5048.89,BTC-26APR19-5500-C,53.43,0.0085,0.1,3,1555376754813,17849737,448
2019-04-16 01:05:54.893,0.1,buy,5048.89,BTC-26APR19-5500-C,53.43,0.0085,0.1,3,1555376754893,17849738,449
2019-04-16 01:07:19.686,2.0,sell,5049.13,BTC-26APR19-5500-C,52.27,0.008,2.0,2,1555376839686,17849742,450
2019-04-16 01:48:49.991,0.1,buy,5054.23,BTC-26APR19-5500-C,54.21,0.009000000000000001,0.1,0,1555379329991,17850168,452
2019-04-16 01:48:49.991,1.6,buy,5054.23,BTC-26APR19-5500-C,53.09,0.0085,1.6,0,1555379329991,17850167,451
2019-04-16 01:48:49.991,0.1,buy,5054.23,BTC-26APR19-5500-C,57.44,0.0105,0.1,0,1555379329991,17850169,453
2019-04-16 01:48:49.991,10.1,buy,5054.23,BTC-26APR19-5500-C,58.49,0.011,10.1,1,1555379329991,17850171,455
2019-04-16 01:48:49.991,10.0,buy,5054.23,BTC-26APR19-5500-C,58.49,0.011,10.0,1,1555379329991,17850172,456
2019-04-16 01:48:49.991,0.3,buy,5054.23,BTC-26APR19-5500-C,58.49,0.011,0.3,0,1555379329991,17850170,454
2019-04-16 03:21:55.005,0.1,sell,5053.88,BTC-26APR19-5500-C,52.14,0.008,0.1,2,1555384915005,17851063,457
2019-04-16 04:31:29.039,2.0,buy,5061.65,BTC-26APR19-5500-C,59.24,0.0115,2.0,0,1555389089039,17851629,458
2019-04-16 05:10:54.239,0.1,buy,5056.27,BTC-26APR19-5500-C,59.77,0.0115,0.1,1,1555391454239,17851998,459
2019-04-16 06:20:25.702,0.1,sell,5071.32,BTC-26APR19-5500-C,52.24,0.0085,0.1,2,1555395625702,17853704,460
2019-04-16 10:03:35.889,1.0,sell,5076.9,BTC-26APR19-5500-C,52.21,0.0085,1.0,3,1555409015889,17855434,461
2019-04-16 10:55:39.453,1.0,sell,5058.07,BTC-26APR19-5500-C,52.64,0.008,1.0,2,1555412139453,17856101,462
2019-04-16 14:35:07.967,0.4,buy,5053.85,BTC-26APR19-5500-C,55.7,0.009000000000000001,0.4,0,1555425307967,17860773,463
2019-04-16 14:35:10.114,0.4,buy,5053.93,BTC-26APR19-5500-C,55.69,0.009000000000000001,0.4,1,1555425310114,17860791,464
2019-04-16 14:35:15.955,0.1,buy,5053.7,BTC-26APR19-5500-C,56.84,0.0095,0.1,0,1555425315955,17860800,465
2019-04-16 14:35:15.955,0.3,buy,5053.7,BTC-26APR19-5500-C,56.84,0.0095,0.3,1,1555425315955,17860801,466
2019-04-16 14:35:19.794,0.4,buy,5053.62,BTC-26APR19-5500-C,56.84,0.0095,0.4,1,1555425319794,17860810,467
2019-04-16 14:35:21.679,0.4,buy,5053.86,BTC-26APR19-5500-C,56.82,0.0095,0.4,1,1555425321679,17860818,468
2019-04-16 14:35:21.774,0.4,buy,5053.86,BTC-26APR19-5500-C,56.82,0.0095,0.4,1,1555425321774,17860824,469
2019-04-16 14:35:21.827,0.4,buy,5053.86,BTC-26APR19-5500-C,56.82,0.0095,0.4,1,1555425321827,17860830,470
2019-04-16 14:35:21.863,0.4,buy,5053.86,BTC-26APR19-5500-C,56.82,0.0095,0.4,1,1555425321863,17860835,471
2019-04-16 16:44:01.899,0.1,buy,5084.72,BTC-26APR19-5500-C,56.72,0.0105,0.1,0,1555433041899,17864336,472
2019-04-16 17:21:38.418,0.1,buy,5121.03,BTC-26APR19-5500-C,52.68,0.01,0.1,2,1555435298418,17865462,473
2019-04-16 17:34:34.019,0.1,sell,5220.34,BTC-26APR19-5500-C,51.72,0.013999999999999999,0.1,0,1555436074019,17871833,474
2019-04-16 17:36:24.226,1.0,buy,5194.2,BTC-26APR19-5500-C,56.0,0.015,1.0,0,1555436184226,17872619,475
2019-04-16 17:59:23.797,6.9,buy,5213.45,BTC-26APR19-5500-C,51.49,0.0135,6.9,2,1555437563797,17874929,476
2019-04-16 17:59:48.580,6.3,buy,5210.31,BTC-26APR19-5500-C,50.85,0.013,6.3,2,1555437588580,17875040,477
2019-04-16 18:00:58.603,0.4,sell,5217.17,BTC-26APR19-5500-C,50.22,0.013,0.4,3,1555437658603,17875124,478
2019-04-16 18:02:39.702,7.4,buy,5216.66,BTC-26APR19-5500-C,50.27,0.013,7.4,3,1555437759702,17875243,479
2019-04-16 18:10:52.031,0.2,buy,5204.69,BTC-26APR19-5500-C,50.44,0.0125,0.2,2,1555438252031,17875692,480
2019-04-16 18:13:05.456,8.0,buy,5207.71,BTC-26APR19-5500-C,51.11,0.013,8.0,0,1555438385456,17875739,481
2019-04-16 18:50:11.974,0.9,buy,5189.06,BTC-26APR19-5500-C,50.0,0.0115,0.9,2,1555440611974,17877184,482
2019-04-16 20:29:25.097,0.3,buy,5186.52,BTC-26APR19-5500-C,51.38,0.012,0.3,0,1555446565097,17879377,483
2019-04-16 21:42:31.051,0.1,buy,5200.33,BTC-26APR19-5500-C,52.18,0.013,0.1,0,1555450951051,17880761,484
2019-04-16 22:47:46.888,1.0,buy,5190.27,BTC-26APR19-5500-C,52.28,0.0125,1.0,2,1555454866888,17881753,485
2019-04-16 22:47:53.117,1.0,sell,5190.34,BTC-26APR19-5500-C,51.3,0.012,1.0,2,1555454873117,17881755,486
2019-04-16 22:49:45.856,5.0,buy,5195.7,BTC-26APR19-5500-C,51.78,0.0125,5.0,0,1555454985856,17881801,487
2019-04-16 22:49:54.976,1.0,buy,5195.54,BTC-26APR19-5500-C,51.8,0.0125,1.0,1,1555454994976,17881802,488
2019-04-16 22:49:56.909,1.0,buy,5195.52,BTC-26APR19-5500-C,51.8,0.0125,1.0,1,1555454996909,17881803,489
2019-04-17 00:19:22.440,0.5,sell,5246.94,BTC-26APR19-5500-C,51.76,0.015,0.5,0,1555460362440,17885452,490
2019-04-17 00:27:15.400,2.0,buy,5242.14,BTC-26APR19-5500-C,52.25,0.015,2.0,1,1555460835400,17885673,491
2019-04-17 01:07:12.339,9.1,sell,5221.4,BTC-26APR19-5500-C,50.61,0.013,9.1,2,1555463232339,17886787,492
2019-04-17 03:58:46.821,1.0,sell,5231.18,BTC-26APR19-5500-C,48.12,0.012,1.0,2,1555473526821,17891001,493
2019-04-17 04:08:36.590,0.1,buy,5229.4,BTC-26APR19-5500-C,53.01,0.0145,0.1,0,1555474116590,17891154,494
2019-04-17 04:12:08.518,1.0,buy,5234.05,BTC-26APR19-5500-C,52.56,0.0145,1.0,1,1555474328518,17891239,495
2019-04-17 04:20:29.091,0.3,buy,5221.97,BTC-26APR19-5500-C,52.81,0.013999999999999999,0.3,2,1555474829091,17891367,496
2019-04-17 04:26:49.244,0.7000000000000001,sell,5224.81,BTC-26APR19-5500-C,52.56,0.013999999999999999,0.7000000000000001,3,1555475209244,17891390,497
2019-04-17 04:26:51.115,1.0,sell,5224.51,BTC-26APR19-5500-C,53.52,0.0145,1.0,0,1555475211115,17891391,498
2019-04-17 04:29:03.567,0.3,buy,5225.46,BTC-26APR19-5500-C,52.5,0.014,0.3,2,1555475343567,17891403,499
2019-04-17 04:29:03.567,2.7,buy,5225.46,BTC-26APR19-5500-C,52.5,0.014,2.7,3,1555475343567,17891404,500
2019-04-17 10:43:13.504,0.3,buy,5234.8,BTC-26APR19-5500-C,50.45,0.013,0.3,2,1555497793504,17895853,501
2019-04-17 10:43:13.504,3.7,buy,5234.8,BTC-26APR19-5500-C,52.35,0.014,3.7,1,1555497793504,17895855,503
2019-04-17 10:43:13.504,16.0,buy,5234.8,BTC-26APR19-5500-C,52.35,0.014,16.0,0,1555497793504,17895854,502
2019-04-17 12:18:03.786,2.0,sell,5176.94,BTC-26APR19-5500-C,53.14,0.0115,2.0,2,1555503483786,17899965,504
2019-04-17 12:24:50.807,0.2,buy,5197.71,BTC-26APR19-5500-C,49.19,0.0105,0.2,2,1555503890807,17900903,505
2019-04-17 13:18:45.470,6.2,sell,5213.55,BTC-26APR19-5500-C,47.83,0.0105,6.2,2,1555507125470,17902374,507
2019-04-17 13:18:45.470,16.0,sell,5213.55,BTC-26APR19-5500-C,48.85,0.011,16.0,0,1555507125470,17902373,506
2019-04-17 14:15:32.247,5.0,buy,5193.52,BTC-26APR19-5500-C,52.86,0.012,5.0,0,1555510532247,17903010,508
2019-04-17 15:18:08.989,0.1,buy,5218.11,BTC-26APR19-5500-C,52.63,0.013,0.1,0,1555514288989,17903903,509
2019-04-17 18:16:40.541,10.0,buy,5218.14,BTC-26APR19-5500-C,52.02,0.0125,10.0,2,1555525000541,17905792,510
2019-04-17 19:59:30.517,0.2,buy,5235.21,BTC-26APR19-5500-C,48.58,0.0115,0.2,3,1555531170517,17907262,512
2019-04-17 19:59:30.517,0.1,buy,5235.21,BTC-26APR19-5500-C,48.58,0.0115,0.1,2,1555531170517,17907261,511
2019-04-17 20:47:18.611,15.0,sell,5240.13,BTC-26APR19-5500-C,50.18,0.0125,15.0,0,1555534038611,17908045,513
2019-04-17 22:38:04.433,1.0,buy,5216.07,BTC-26APR19-5500-C,52.78,0.0125,1.0,1,1555540684433,17909921,514
2019-04-18 04:17:03.503,4.0,sell,5282.61,BTC-26APR19-5500-C,48.72,0.0135,4.0,0,1555561023503,17917160,515
2019-04-18 04:18:49.011,3.0,sell,5275.83,BTC-26APR19-5500-C,48.47,0.013,3.0,2,1555561129011,17917285,516
2019-04-18 04:19:33.533,1.0,sell,5271.21,BTC-26APR19-5500-C,48.95,0.013,1.0,3,1555561173533,17917341,517
2019-04-18 06:29:18.650,0.1,sell,5255.91,BTC-26APR19-5500-C,48.81,0.012,0.1,2,1555568958650,17918555,518
2019-04-18 08:31:05.219,2.0,sell,5252.98,BTC-26APR19-5500-C,50.38,0.0125,2.0,0,1555576265219,17919412,519
2019-04-18 09:10:08.909,0.7000000000000001,sell,5229.1,BTC-26APR19-5500-C,52.9,0.0125,0.7000000000000001,1,1555578608909,17920569,520
2019-04-18 11:59:12.740,0.1,buy,5237.88,BTC-26APR19-5500-C,52.4,0.0125,0.1,1,1555588752740,17922022,521
2019-04-18 17:30:43.765,10.0,buy,5273.69,BTC-26APR19-5500-C,53.41,0.0145,10.0,0,1555608643765,17929130,522
2019-04-18 17:30:43.765,1.1,buy,5273.69,BTC-26APR19-5500-C,53.41,0.0145,1.1,1,1555608643765,17929132,524
2019-04-18 17:30:43.765,13.9,buy,5273.69,BTC-26APR19-5500-C,53.41,0.0145,13.9,1,1555608643765,17929131,523
2019-04-18 18:57:57.610,0.1,sell,5273.89,BTC-26APR19-5500-C,51.61,0.0135,0.1,2,1555613877610,17931139,525
2019-04-18 18:58:02.888,0.5,buy,5273.26,BTC-26APR19-5500-C,52.68,0.014,0.5,0,1555613882888,17931140,526
2019-04-18 18:58:07.418,3.0,sell,5272.98,BTC-26APR19-5500-C,52.71,0.014,3.0,1,1555613887418,17931141,527
2019-04-18 19:50:59.607,5.0,buy,5296.09,BTC-26APR19-5500-C,52.25,0.015,5.0,0,1555617059607,17931933,528
2019-04-18 22:57:25.228,15.0,buy,5292.61,BTC-26APR19-5500-C,53.1,0.015,15.0,1,1555628245228,17937116,529
2019-04-18 22:58:27.221,9.3,buy,5291.73,BTC-26APR19-5500-C,54.19,0.0155,9.3,1,1555628307221,17937139,531
2019-04-18 22:58:27.221,15.0,buy,5291.73,BTC-26APR19-5500-C,54.19,0.0155,15.0,0,1555628307221,17937138,530
2019-04-18 22:58:27.226,0.4,sell,5291.73,BTC-26APR19-5500-C,54.19,0.0155,0.4,1,1555628307226,17937140,532
2019-04-18 22:59:09.666,0.3,buy,5285.71,BTC-26APR19-5500-C,55.85,0.016,0.3,0,1555628349666,17937162,533
2019-04-18 23:05:35.928,0.1,sell,5274.53,BTC-26APR19-5500-C,50.1,0.0125,0.1,2,1555628735928,17938149,534
2019-04-19 00:02:15.048,2.4,sell,5278.88,BTC-26APR19-5500-C,48.73,0.012,2.4,2,1555632135048,17938656,535
2019-04-19 00:02:15.049,0.4,sell,5278.88,BTC-26APR19-5500-C,48.73,0.012,0.4,3,1555632135049,17938657,536
2019-04-19 00:02:15.050,3.1,sell,5278.88,BTC-26APR19-5500-C,48.73,0.012,3.1,3,1555632135050,17938658,537
2019-04-19 00:02:15.052,1.8,sell,5278.88,BTC-26APR19-5500-C,48.73,0.012,1.8,3,1555632135052,17938659,538
2019-04-19 00:02:15.053,3.5,sell,5278.88,BTC-26APR19-5500-C,48.73,0.012,3.5,3,1555632135053,17938660,539
2019-04-19 00:02:15.057,1.0,sell,5278.88,BTC-26APR19-5500-C,48.73,0.012,1.0,3,1555632135057,17938661,540
2019-04-19 00:02:15.059,2.1,sell,5278.88,BTC-26APR19-5500-C,48.73,0.012,2.1,3,1555632135059,17938662,541
2019-04-19 00:02:15.063,1.5,sell,5278.88,BTC-26APR19-5500-C,48.73,0.012,1.5,3,1555632135063,17938663,542
2019-04-19 00:02:15.065,0.2,sell,5278.88,BTC-26APR19-5500-C,48.73,0.012,0.2,3,1555632135065,17938664,543
2019-04-19 00:02:16.940,1.7,buy,5278.88,BTC-26APR19-5500-C,48.73,0.012,1.7,3,1555632136940,17938667,546
2019-04-19 00:02:16.940,1.3,buy,5278.88,BTC-26APR19-5500-C,48.73,0.012,1.3,3,1555632136940,17938670,549
2019-04-19 00:02:16.940,4.0,buy,5278.88,BTC-26APR19-5500-C,48.73,0.012,4.0,3,1555632136940,17938666,545
2019-04-19 00:02:16.940,1.4,buy,5278.88,BTC-26APR19-5500-C,48.73,0.012,1.4,3,1555632136940,17938669,548
2019-04-19 00:02:16.940,1.3,buy,5278.88,BTC-26APR19-5500-C,48.73,0.012,1.3,3,1555632136940,17938668,547
2019-04-19 00:02:16.940,1.0,buy,5278.88,BTC-26APR19-5500-C,48.73,0.012,1.0,3,1555632136940,17938665,544
2019-04-19 00:02:16.940,5.1000000000000005,buy,5278.88,BTC-26APR19-5500-C,48.73,0.012,5.1000000000000005,3,1555632136940,17938671,550
2019-04-19 00:06:34.189,0.4,buy,5273.92,BTC-26APR19-5500-C,49.28,0.012,0.4,3,1555632394189,17938723,551
2019-04-19 00:06:36.240,0.4,buy,5273.8,BTC-26APR19-5500-C,49.29,0.012,0.4,3,1555632396240,17938724,552
2019-04-19 00:12:12.199,2.0,sell,5272.21,BTC-26APR19-5500-C,47.37,0.011,2.0,2,1555632732199,17938740,553
2019-04-19 00:35:01.554,0.6,buy,5276.44,BTC-26APR19-5500-C,49.07,0.012,0.6,0,1555634101554,17938975,554
2019-04-19 00:35:01.554,1.2,buy,5276.44,BTC-26APR19-5500-C,49.07,0.012,1.2,1,1555634101554,17938978,557
2019-04-19 00:35:01.554,4.0,buy,5276.44,BTC-26APR19-5500-C,49.07,0.012,4.0,1,1555634101554,17938977,556
2019-04-19 00:35:01.554,2.4,buy,5276.44,BTC-26APR19-5500-C,49.07,0.012,2.4,1,1555634101554,17938979,558
2019-04-19 00:35:01.554,1.8,buy,5276.44,BTC-26APR19-5500-C,49.07,0.012,1.8,1,1555634101554,17938976,555
2019-04-19 00:41:26.030,3.5,buy,5272.83,BTC-26APR19-5500-C,49.47,0.012,3.5,1,1555634486030,17938993,560
2019-04-19 00:41:26.030,1.8,buy,5272.83,BTC-26APR19-5500-C,49.47,0.012,1.8,1,1555634486030,17938994,561
2019-04-19 00:41:26.030,2.7,buy,5272.83,BTC-26APR19-5500-C,49.47,0.012,2.7,1,1555634486030,17938992,559
2019-04-19 00:41:48.445,1.3,buy,5273.47,BTC-26APR19-5500-C,49.41,0.012,1.3,1,1555634508445,17938998,563
2019-04-19 00:41:48.445,1.3,buy,5273.47,BTC-26APR19-5500-C,49.41,0.012,1.3,1,1555634508445,17938997,562
2019-04-19 00:41:48.445,1.4,buy,5273.47,BTC-26APR19-5500-C,49.41,0.012,1.4,1,1555634508445,17938999,564
2019-04-19 01:03:24.086,0.4,buy,5270.43,BTC-26APR19-5500-C,49.78,0.012,0.4,1,1555635804086,17939088,566
2019-04-19 01:03:24.086,0.1,buy,5270.43,BTC-26APR19-5500-C,49.78,0.012,0.1,1,1555635804086,17939087,565
2019-04-19 01:13:53.092,1.0,buy,5270.03,BTC-26APR19-5500-C,49.85,0.012,1.0,1,1555636433092,17939247,567
2019-04-19 01:14:35.937,1.0,buy,5267.66,BTC-26APR19-5500-C,50.11,0.012,1.0,1,1555636475937,17939248,568
2019-04-19 01:23:25.449,0.5,buy,5272.89,BTC-26APR19-5500-C,49.56,0.012,0.5,1,1555637005449,17939290,569
2019-04-19 01:26:29.242,1.0,buy,5273.27,BTC-26APR19-5500-C,49.53,0.012,1.0,1,1555637189242,17939305,570
2019-04-19 01:48:36.061,2.0,sell,5210.21,BTC-26APR19-5500-C,52.95,0.0105,2.0,2,1555638516061,17941014,571
2019-04-19 02:54:47.806,0.4,buy,5219.77,BTC-26APR19-5500-C,49.87,0.0095,0.4,2,1555642487806,17944956,572
2019-04-19 02:54:50.778,0.4,buy,5219.96,BTC-26APR19-5500-C,49.85,0.0095,0.4,3,1555642490778,17944958,573
2019-04-19 02:54:52.715,0.4,buy,5219.71,BTC-26APR19-5500-C,49.88,0.0095,0.4,3,1555642492715,17944959,574
2019-04-19 02:58:50.591,0.4,buy,5219.12,BTC-26APR19-5500-C,49.94,0.0095,0.4,3,1555642730591,17945019,575
2019-04-19 03:18:09.186,0.4,buy,5223.07,BTC-26APR19-5500-C,49.59,0.0095,0.4,3,1555643889186,17945437,576
2019-04-19 03:18:09.202,0.7000000000000001,sell,5223.07,BTC-26APR19-5500-C,49.59,0.0095,0.7000000000000001,3,1555643889202,17945438,577
2019-04-19 03:19:08.919,1.0,buy,5227.5,BTC-26APR19-5500-C,50.28,0.01,1.0,0,1555643948919,17945481,578
2019-04-19 03:43:09.796,0.1,buy,5232.41,BTC-26APR19-5500-C,49.84,0.01,0.1,1,1555645389796,17945749,579
2019-04-19 04:33:34.040,0.1,buy,5231.88,BTC-26APR19-5500-C,51.14,0.0105,0.1,0,1555648414040,17946189,580
2019-04-19 05:02:48.534,1.0,sell,5237.97,BTC-26APR19-5500-C,49.46,0.01,1.0,2,1555650168534,17946540,581
2019-04-19 05:41:49.866,0.1,sell,5233.34,BTC-26APR19-5500-C,48.89,0.0095,0.1,2,1555652509866,17946758,582
2019-04-19 07:50:39.103,0.4,sell,5245.46,BTC-26APR19-5500-C,49.08,0.01,0.4,0,1555660239103,17947524,583
2019-04-19 07:50:39.103,0.6,sell,5245.46,BTC-26APR19-5500-C,49.08,0.01,0.6,1,1555660239103,17947525,584
2019-04-19 07:59:34.186,3.5,buy,5248.19,BTC-26APR19-5500-C,51.05,0.011,3.5,0,1555660774186,17947579,585
2019-04-19 08:01:45.384,1.0,buy,5247.16,BTC-26APR19-5500-C,51.16,0.011,1.0,1,1555660905384,17947645,586
2019-04-19 08:20:25.334,2.0,sell,5239.93,BTC-26APR19-5500-C,47.44,0.009000000000000001,2.0,2,1555662025334,17947848,587
2019-04-19 08:51:16.700,1.0,sell,5243.51,BTC-26APR19-5500-C,47.14,0.009000000000000001,1.0,3,1555663876700,17948099,588
2019-04-19 08:58:04.590,0.1,buy,5253.08,BTC-26APR19-5500-C,48.44,0.01,0.1,1,1555664284590,17948302,590
2019-04-19 08:58:04.590,0.2,buy,5253.08,BTC-26APR19-5500-C,48.44,0.01,0.2,0,1555664284590,17948301,589
2019-04-19 09:39:31.044,0.4,sell,5253.05,BTC-26APR19-5500-C,45.11,0.0085,0.4,2,1555666771044,17949136,591
2019-04-19 09:39:31.044,0.1,sell,5253.05,BTC-26APR19-5500-C,45.11,0.0085,0.1,3,1555666771044,17949137,592
2019-04-19 11:44:27.958,1.5,sell,5259.45,BTC-26APR19-5500-C,47.04,0.0095,1.5,0,1555674267958,17950053,593
2019-04-19 12:24:25.135,0.2,buy,5253.78,BTC-26APR19-5500-C,51.12,0.011,0.2,0,1555676665135,17950378,594
2019-04-19 15:13:41.432,2.0,buy,5280.08,BTC-26APR19-5500-C,47.56,0.0105,2.0,3,1555686821432,17952106,597
2019-04-19 15:13:41.432,2.0,buy,5280.08,BTC-26APR19-5500-C,47.56,0.0105,2.0,3,1555686821432,17952105,596
2019-04-19 15:13:41.432,0.2,buy,5280.08,BTC-26APR19-5500-C,47.56,0.0105,0.2,2,1555686821432,17952104,595
2019-04-19 15:18:10.683,5.3,buy,5288.8,BTC-26APR19-5500-C,47.7,0.011,5.3,0,1555687090683,17953077,598
2019-04-19 15:18:10.683,2.7,buy,5288.8,BTC-26APR19-5500-C,47.7,0.011,2.7,1,1555687090683,17953078,599
2019-04-19 15:35:40.709,2.0,buy,5273.87,BTC-26APR19-5500-C,49.41,0.011,2.0,1,1555688140709,17953810,600
2019-04-19 15:38:27.012,2.0,buy,5279.52,BTC-26APR19-5500-C,48.79,0.011,2.0,1,1555688307012,17953987,601
2019-04-19 15:54:27.055,1.0,buy,5277.97,BTC-26APR19-5500-C,49.0,0.011,1.0,1,1555689267055,17954292,602
2019-04-19 15:54:56.737,2.0,buy,5279.01,BTC-26APR19-5500-C,48.89,0.011,2.0,1,1555689296737,17954300,603
2019-04-19 16:15:06.948,1.7,buy,5289.41,BTC-26APR19-5500-C,47.77,0.011,1.7,1,1555690506948,17954818,604
2019-04-19 16:18:23.178,8.6,buy,5292.77,BTC-26APR19-5500-C,47.4,0.011,8.6,1,1555690703178,17954965,605
2019-04-19 17:07:06.899,1.0,sell,5266.9,BTC-26APR19-5500-C,49.3,0.0105,1.0,2,1555693626899,17962460,606
2019-04-19 17:14:10.647,1.0,buy,5267.68,BTC-26APR19-5500-C,51.47,0.0115,1.0,0,1555694050647,17962804,607
2019-04-19 18:42:27.382,16.0,buy,5297.23,BTC-26APR19-5500-C,52.63,0.0135,16.0,0,1555699347382,17964453,608
2019-04-19 18:42:27.387,0.5,sell,5297.23,BTC-26APR19-5500-C,52.63,0.0135,0.5,1,1555699347387,17964454,609
2019-04-19 18:42:29.070,16.0,sell,5297.23,BTC-26APR19-5500-C,52.63,0.0135,16.0,1,1555699349070,17964456,610
2019-04-20 03:27:21.018,0.7000000000000001,buy,5301.57,BTC-26APR19-5500-C,52.54,0.013,0.7000000000000001,2,1555730841018,17974736,611
2019-04-20 04:58:22.383,0.3,sell,5325.71,BTC-26APR19-5500-C,49.84,0.013000000000000001,0.3,3,1555736302383,17975952,612
2019-04-20 07:50:22.027,0.5,buy,5332.64,BTC-26APR19-5500-C,54.81,0.0155,0.5,0,1555746622027,17978118,613
2019-04-20 15:30:39.261,1.0,buy,5328.1,BTC-26APR19-5500-C,53.64,0.013999999999999999,1.0,3,1555774239261,17984859,615
2019-04-20 15:30:39.261,7.2,buy,5328.1,BTC-26APR19-5500-C,53.64,0.013999999999999999,7.2,2,1555774239261,17984858,614
2019-04-20 15:30:39.261,15.8,buy,5328.1,BTC-26APR19-5500-C,54.75,0.0145,15.8,0,1555774239261,17984860,616
2019-04-20 15:54:58.392,0.3,sell,5314.83,BTC-26APR19-5500-C,50.93,0.012,0.3,2,1555775698392,17985573,617
2019-04-20 16:30:55.059,0.1,buy,5325.98,BTC-26APR19-5500-C,53.0,0.0135,0.1,0,1555777855059,17985920,618
2019-04-20 18:23:17.391,1.0,sell,5313.8,BTC-26APR19-5500-C,52.68,0.0125,1.0,2,1555784597391,17987095,619
2019-04-20 19:59:05.827,0.3,sell,5323.25,BTC-26APR19-5500-C,50.62,0.012,0.3,2,1555790345827,17987616,621
2019-04-20 19:59:05.827,4.0,sell,5323.25,BTC-26APR19-5500-C,51.77,0.0125,4.0,3,1555790345827,17987615,620
2019-04-20 20:08:48.691,4.0,buy,5322.9,BTC-26APR19-5500-C,51.85,0.0125,4.0,0,1555790928691,17987659,622
2019-04-20 20:15:37.577,2.0,buy,5324.44,BTC-26APR19-5500-C,51.67,0.0125,2.0,1,1555791337577,17987710,623
2019-04-20 21:21:56.737,0.1,sell,5308.16,BTC-26APR19-5500-C,52.84,0.012,0.1,2,1555795316737,17989092,624
2019-04-21 04:06:14.949,0.4,sell,5328.31,BTC-26APR19-5500-C,51.58,0.012,0.4,3,1555819574949,17998592,625
2019-04-21 04:51:15.368,0.1,sell,5324.45,BTC-26APR19-5500-C,49.85,0.011000000000000001,0.1,2,1555822275368,17998710,626
2019-04-21 09:02:52.744,1.0,sell,5299.79,BTC-26APR19-5500-C,54.0,0.011000000000000001,1.0,3,1555837372744,18002185,627
2019-04-21 09:14:08.664,1.0,sell,5289.37,BTC-26APR19-5500-C,55.41,0.011000000000000001,1.0,3,1555838048664,18002419,628
2019-04-21 09:36:23.483,11.0,sell,5292.56,BTC-26APR19-5500-C,55.08,0.011000000000000001,11.0,3,1555839383483,18003507,629
2019-04-21 09:41:13.218,0.4,sell,5271.76,BTC-26APR19-5500-C,57.81,0.011000000000000001,0.4,3,1555839673218,18003841,630
2019-04-21 09:41:16.682,1.0,sell,5266.97,BTC-26APR19-5500-C,58.42,0.011000000000000001,1.0,3,1555839676682,18003857,631
2019-04-21 09:41:28.706,0.4,sell,5261.25,BTC-26APR19-5500-C,59.16,0.011000000000000001,0.4,3,1555839688706,18004056,632
2019-04-21 09:41:31.167,0.4,sell,5260.74,BTC-26APR19-5500-C,59.22,0.011000000000000001,0.4,3,1555839691167,18004430,633
2019-04-21 09:42:08.648,0.4,sell,5246.42,BTC-26APR19-5500-C,61.06,0.011000000000000001,0.4,3,1555839728648,18005008,634
2019-04-21 09:42:12.687,0.4,sell,5244.55,BTC-26APR19-5500-C,61.29,0.011000000000000001,0.4,3,1555839732687,18005024,635
2019-04-21 09:42:15.342,0.4,sell,5244.89,BTC-26APR19-5500-C,61.25,0.011000000000000001,0.4,3,1555839735342,18005102,636
2019-04-21 09:43:10.914,3.6,sell,5266.0,BTC-26APR19-5500-C,58.56,0.011000000000000001,3.6,3,1555839790914,18005608,637
2019-04-21 09:55:49.460,0.4,buy,5245.13,BTC-26APR19-5500-C,59.96,0.0105,0.4,2,1555840549460,18007458,638
2019-04-21 10:06:08.750,1.0,sell,5251.42,BTC-26APR19-5500-C,52.38,0.008,1.0,2,1555841168750,18008484,639
2019-04-21 12:19:51.643,13.9,sell,5249.01,BTC-26APR19-5500-C,50.27,0.006999999999999999,13.9,3,1555849191643,18011890,641
2019-04-21 12:19:51.643,0.1,sell,5249.01,BTC-26APR19-5500-C,50.27,0.006999999999999999,0.1,2,1555849191643,18011889,640
2019-04-21 12:21:09.750,14.0,sell,5252.22,BTC-26APR19-5500-C,49.9,0.006999999999999999,14.0,3,1555849269750,18011905,642
2019-04-21 13:30:06.822,0.1,buy,5266.41,BTC-26APR19-5500-C,56.81,0.01,0.1,0,1555853406822,18015194,643
2019-04-21 18:57:43.304,5.0,sell,5231.24,BTC-26APR19-5500-C,53.94,0.006999999999999999,5.0,2,1555873063304,18020496,644
2019-04-21 18:58:16.621,15.0,sell,5235.53,BTC-26APR19-5500-C,53.42,0.006999999999999999,15.0,3,1555873096621,18020521,645
2019-04-21 21:01:13.507,5.0,sell,5244.5,BTC-26APR19-5500-C,52.83,0.006999999999999999,5.0,3,1555880473507,18022911,646
2019-04-22 01:09:30.289,1.0,sell,5290.03,BTC-26APR19-5500-C,49.57,0.0075,1.0,0,1555895370289,18027962,647
2019-04-22 01:33:52.176,3.0,buy,5273.3,BTC-26APR19-5500-C,56.27,0.009000000000000001,3.0,0,1555896832176,18028815,648
2019-04-22 01:39:20.621,3.0,buy,5270.04,BTC-26APR19-5500-C,56.73,0.009000000000000001,3.0,1,1555897160621,18028865,650
2019-04-22 01:39:20.621,1.0,buy,5270.04,BTC-26APR19-5500-C,56.73,0.009000000000000001,1.0,1,1555897160621,18028864,649
2019-04-22 03:10:04.265,3.0,sell,5252.72,BTC-26APR19-5500-C,56.47,0.008,3.0,2,1555902604265,18030396,651
2019-04-22 05:57:48.160,0.1,sell,5275.38,BTC-26APR19-5500-C,51.18,0.006999999999999999,0.1,2,1555912668160,18032035,652
2019-04-22 09:13:00.644,4.9,sell,5279.84,BTC-26APR19-5500-C,51.45,0.006999999999999999,4.9,3,1555924380644,18034188,653
2019-04-22 09:18:26.622,0.1,buy,5283.54,BTC-26APR19-5500-C,50.98,0.006999999999999999,0.1,3,1555924706622,18034217,654
2019-04-22 09:57:42.513,1.0,buy,5303.58,BTC-26APR19-5500-C,51.48,0.008,1.0,0,1555927062513,18034692,655
2019-04-22 10:03:29.384,9.0,sell,5302.57,BTC-26APR19-5500-C,54.61,0.009000000000000001,9.0,0,1555927409384,18034766,656
2019-04-22 11:09:30.183,16.0,buy,5322.67,BTC-26APR19-5500-C,56.28,0.0105,16.0,1,1555931370183,18036127,658
2019-04-22 11:09:30.183,1.0,buy,5322.67,BTC-26APR19-5500-C,56.28,0.0105,1.0,0,1555931370183,18036126,657
2019-04-22 11:30:08.963,0.6,buy,5317.09,BTC-26APR19-5500-C,57.23,0.0105,0.6,1,1555932608963,18036300,659
2019-04-22 11:43:13.222,0.3,sell,5318.25,BTC-26APR19-5500-C,54.27,0.0095,0.3,2,1555933393222,18036404,660
2019-04-22 13:14:01.192,0.3,buy,5304.21,BTC-26APR19-5500-C,56.8,0.0095,0.3,3,1555938841192,18037410,661
2019-04-22 13:29:16.980,1.0,sell,5308.4,BTC-26APR19-5500-C,53.29,0.0085,1.0,2,1555939756980,18037533,662
2019-04-22 14:30:35.106,1.0,buy,5310.69,BTC-26APR19-5500-C,56.24,0.0095,1.0,0,1555943435106,18038243,663
2019-04-22 14:30:35.106,5.5,buy,5310.69,BTC-26APR19-5500-C,56.24,0.0095,5.5,1,1555943435106,18038244,664
2019-04-22 14:30:35.108,11.8,sell,5310.69,BTC-26APR19-5500-C,56.24,0.0095,11.8,1,1555943435108,18038245,665
2019-04-22 14:41:23.224,1.7,sell,5311.53,BTC-26APR19-5500-C,56.17,0.0095,1.7,1,1555944083224,18038301,666
2019-04-22 15:41:45.596,0.8,sell,5369.54,BTC-26APR19-5500-C,55.76,0.0125,0.8,0,1555947705596,18043672,667
2019-04-22 15:42:39.081,5.7,sell,5363.48,BTC-26APR19-5500-C,51.28,0.0105,5.7,2,1555947759081,18044841,668
2019-04-22 15:46:05.563,0.5,sell,5328.66,BTC-26APR19-5500-C,50.97,0.0085,0.5,2,1555947965563,18047008,669
2019-04-22 16:20:57.801,1.0,sell,5287.54,BTC-26APR19-5500-C,50.78,0.0065,1.0,2,1555950057801,18050948,670
2019-04-22 17:45:35.135,5.0,sell,5358.07,BTC-26APR19-5500-C,49.92,0.0095,5.0,0,1555955135135,18053776,671
2019-04-22 17:45:40.958,5.0,sell,5359.86,BTC-26APR19-5500-C,49.64,0.0095,5.0,1,1555955140958,18053842,672
2019-04-22 17:45:41.772,1.0,buy,5361.77,BTC-26APR19-5500-C,50.75,0.01,1.0,0,1555955141772,18053845,673
2019-04-22 17:45:48.553,5.0,sell,5358.28,BTC-26APR19-5500-C,49.89,0.0095,5.0,2,1555955148553,18053933,674
2019-04-22 17:47:05.435,4.6000000000000005,sell,5353.71,BTC-26APR19-5500-C,50.62,0.0095,4.6000000000000005,3,1555955225435,18054244,676
2019-04-22 17:47:05.435,0.4,sell,5353.71,BTC-26APR19-5500-C,50.62,0.0095,0.4,3,1555955225435,18054243,675
2019-04-22 18:01:26.878,4.1,buy,5371.31,BTC-26APR19-5500-C,57.57,0.013000000000000001,4.1,0,1555956086878,18056588,677
2019-04-22 18:01:26.878,10.0,buy,5371.31,BTC-26APR19-5500-C,57.57,0.013000000000000001,10.0,1,1555956086878,18056589,678
2019-04-22 18:51:52.730,0.3,buy,5398.92,BTC-26APR19-5500-C,53.03,0.013000000000000001,0.3,1,1555959112730,18059961,679
2019-04-22 18:52:10.530,4.7,buy,5408.93,BTC-26APR19-5500-C,51.24,0.013000000000000001,4.7,1,1555959130530,18060228,680
2019-04-22 19:00:47.190,1.0,buy,5417.76,BTC-26APR19-5500-C,54.95,0.015,1.0,0,1555959647190,18061505,681
2019-04-22 19:03:46.723,1.0,buy,5425.04,BTC-26APR19-5500-C,50.97,0.013999999999999999,1.0,2,1555959826723,18062641,682
2019-04-22 19:04:49.585,1.0,sell,5406.98,BTC-26APR19-5500-C,51.66,0.013000000000000001,1.0,2,1555959889585,18062903,683
2019-04-22 19:05:16.581,1.0,sell,5412.3,BTC-26APR19-5500-C,50.69,0.013000000000000001,1.0,3,1555959916581,18063099,684
2019-04-22 19:16:08.162,2.7,sell,5359.32,BTC-26APR19-5500-C,50.16,0.0095,2.7,2,1555960568162,18065322,685
2019-04-22 20:25:31.439,1.0,buy,5382.05,BTC-26APR19-5500-C,55.15,0.0125,1.0,0,1555964731439,18067264,686
2019-04-22 21:20:11.362,2.7,buy,5376.89,BTC-26APR19-5500-C,52.15,0.011000000000000001,2.7,2,1555968011362,18069626,687
2019-04-22 21:36:01.555,7.3,buy,5381.41,BTC-26APR19-5500-C,51.46,0.011000000000000001,7.3,3,1555968961555,18069744,688
2019-04-22 23:13:56.262,0.1,sell,5388.52,BTC-26APR19-5500-C,50.74,0.011000000000000001,0.1,3,1555974836262,18071326,689
2019-04-23 00:24:16.921,13.2,buy,5370.53,BTC-26APR19-5500-C,55.69,0.0115,13.2,1,1555979056921,18072600,691
2019-04-23 00:24:16.921,6.8,buy,5370.53,BTC-26APR19-5500-C,55.69,0.0115,6.8,0,1555979056921,18072599,690
2019-04-23 00:54:45.858,0.5,sell,5386.21,BTC-26APR19-5500-C,50.25,0.0105,0.5,2,1555980885858,18072896,692
2019-04-23 01:02:59.895,5.0,buy,5379.65,BTC-26APR19-5500-C,55.75,0.012,5.0,0,1555981379895,18072979,693
2019-04-23 01:04:49.845,1.0,buy,5379.61,BTC-26APR19-5500-C,57.19,0.0125,1.0,0,1555981489845,18072989,694
2019-04-23 01:04:49.845,14.0,buy,5379.61,BTC-26APR19-5500-C,57.19,0.0125,14.0,1,1555981489845,18072990,695
2019-04-23 02:21:35.701,1.0,buy,5402.83,BTC-26APR19-5500-C,53.4,0.0125,1.0,1,1555986095701,18073536,696
2019-04-23 02:22:10.515,5.3,buy,5402.52,BTC-26APR19-5500-C,54.86,0.013000000000000001,5.3,0,1555986130515,18073539,697
2019-04-23 02:24:46.227,0.4,sell,5404.53,BTC-26APR19-5500-C,54.5,0.013000000000000001,0.4,1,1555986286227,18073686,698
2019-04-23 02:25:44.910,0.2,sell,5403.96,BTC-26APR19-5500-C,54.62,0.013000000000000001,0.2,1,1555986344910,18073690,699
2019-04-23 02:27:20.787,0.3,sell,5396.28,BTC-26APR19-5500-C,56.06,0.013000000000000001,0.3,1,1555986440787,18073749,700
2019-04-23 02:29:59.794,1.0,sell,5397.51,BTC-26APR19-5500-C,55.85,0.013000000000000001,1.0,1,1555986599794,18073771,701
2019-04-23 02:39:08.788,1.0,sell,5396.29,BTC-26APR19-5500-C,56.13,0.013000000000000001,1.0,1,1555987148788,18073863,702
2019-04-23 02:39:48.996,0.2,sell,5396.29,BTC-26APR19-5500-C,56.13,0.013000000000000001,0.2,1,1555987188996,18073865,703
2019-04-23 02:57:55.506,3.0,sell,5403.24,BTC-26APR19-5500-C,54.94,0.013000000000000001,3.0,1,1555988275506,18074120,704
2019-04-23 03:04:43.403,6.9,buy,5417.68,BTC-26APR19-5500-C,56.39,0.0145,6.9,0,1555988683403,18074611,705
2019-04-23 03:05:06.551,1.0,buy,5415.13,BTC-26APR19-5500-C,56.89,0.0145,1.0,1,1555988706551,18074630,706
2019-04-23 03:05:26.707,0.7000000000000001,buy,5414.54,BTC-26APR19-5500-C,57.01,0.0145,0.7000000000000001,1,1555988726707,18074654,707
2019-04-23 03:54:57.507,12.0,buy,5444.21,BTC-26APR19-5500-C,58.18,0.017,12.0,0,1555991697507,18076829,708
2019-04-23 03:54:57.507,7.0,buy,5444.21,BTC-26APR19-5500-C,58.18,0.017,7.0,1,1555991697507,18076830,709
2019-04-23 04:04:45.336,2.0,buy,5441.69,BTC-26APR19-5500-C,56.04,0.016,2.0,2,1555992285336,18077480,710
2019-04-23 04:06:39.801,10.0,sell,5455.29,BTC-26APR19-5500-C,58.62,0.018000000000000002,10.0,0,1555992399801,18078085,711
2019-04-23 04:09:45.485,10.0,buy,5486.55,BTC-26APR19-5500-C,57.06,0.02,10.0,0,1555992585485,18079010,712
2019-04-23 04:09:45.485,2.0,buy,5486.55,BTC-26APR19-5500-C,57.06,0.02,2.0,1,1555992585485,18079011,713
2019-04-23 04:16:49.280,9.0,buy,5474.5,BTC-26APR19-5500-C,59.86,0.02,9.0,1,1555993009280,18081215,715
2019-04-23 04:16:49.280,1.0,buy,5474.5,BTC-26APR19-5500-C,59.86,0.02,1.0,1,1555993009280,18081214,714
2019-04-23 04:23:34.021,5.0,buy,5501.59,BTC-26APR19-5500-C,56.29,0.021,5.0,0,1555993414021,18082081,716
2019-04-23 04:24:04.288,10.0,buy,5549.38,BTC-26APR19-5500-C,54.86,0.025,10.0,0,1555993444288,18083765,717
2019-04-23 04:24:36.878,1.0,buy,5579.96,BTC-26APR19-5500-C,51.6,0.027000000000000003,1.0,0,1555993476878,18084430,718
2019-04-23 04:25:23.602,0.1,buy,5599.38,BTC-26APR19-5500-C,54.13,0.03,0.1,0,1555993523602,18085207,719
2019-04-23 04:33:34.211,0.1,sell,5554.88,BTC-26APR19-5500-C,52.01,0.0245,0.1,2,1555994014211,18091232,720
2019-04-23 04:54:09.780,12.3,buy,5511.61,BTC-26APR19-5500-C,60.8,0.0235,12.3,2,1555995249780,18095181,721
2019-04-23 05:32:22.506,1.0,sell,5519.91,BTC-26APR19-5500-C,49.41,0.02,1.0,2,1555997542506,18096919,722
2019-04-23 05:37:33.553,0.4,sell,5524.66,BTC-26APR19-5500-C,59.16,0.024,0.4,0,1555997853553,18096995,723
2019-04-23 05:37:46.849,0.4,buy,5524.01,BTC-26APR19-5500-C,67.53,0.027000000000000003,0.4,0,1555997866849,18096996,724
2019-04-23 05:39:40.061,0.4,sell,5527.58,BTC-26APR19-5500-C,58.42,0.024,0.4,2,1555997980061,18097039,725
2019-04-23 05:41:46.267,3.6,buy,5539.58,BTC-26APR19-5500-C,63.53,0.027000000000000003,3.6,0,1555998106267,18097445,726
2019-04-23 05:45:16.853,10.0,buy,5546.29,BTC-26APR19-5500-C,54.83,0.0245,10.0,2,1555998316853,18097655,727
2019-04-23 06:15:50.648,1.0,sell,5537.71,BTC-26APR19-5500-C,49.05,0.0215,1.0,2,1556000150648,18098699,728
2019-04-23 06:45:09.996,5.0,sell,5528.13,BTC-26APR19-5500-C,57.33,0.0235,5.0,0,1556001909996,18099786,729
2019-04-23 06:58:00.385,0.3,buy,5535.48,BTC-26APR19-5500-C,59.62,0.025,0.3,0,1556002680385,18100070,730
2019-04-23 07:09:02.035,0.1,sell,5533.74,BTC-26APR19-5500-C,58.77,0.0245,0.1,2,1556003342035,18100351,731
2019-04-23 07:12:35.819,3.5,sell,5532.48,BTC-26APR19-5500-C,56.35,0.0235,3.5,2,1556003555819,18100384,732
2019-04-23 07:29:40.305,0.9,buy,5549.23,BTC-26APR19-5500-C,56.07,0.025,0.9,0,1556004580305,18100580,733
2019-04-23 07:33:43.594,9.8,sell,5543.34,BTC-26APR19-5500-C,56.33,0.0245,9.8,2,1556004823594,18100701,734
2019-04-23 07:33:58.613,1.0,sell,5544.26,BTC-26APR19-5500-C,54.67,0.024,1.0,2,1556004838613,18100712,735
2019-04-23 08:46:21.388,2.6,sell,5555.71,BTC-26APR19-5500-C,57.55,0.026000000000000002,2.6,0,1556009181388,18103271,736
2019-04-23 08:48:34.496,0.3,sell,5555.14,BTC-26APR19-5500-C,56.31,0.0255,0.3,2,1556009314496,18103280,737
2019-04-23 08:51:29.772,3.8,sell,5551.15,BTC-26APR19-5500-C,57.47,0.0255,3.8,3,1556009489772,18103317,738
2019-04-23 09:01:03.959,0.8,sell,5541.05,BTC-26APR19-5500-C,56.13,0.024,0.8,2,1556010063959,18103580,739
2019-04-23 09:02:04.143,1.0,sell,5539.58,BTC-26APR19-5500-C,55.13,0.0235,1.0,2,1556010124143,18103595,740
2019-04-23 09:30:26.718,0.4,sell,5530.53,BTC-26APR19-5500-C,54.97,0.0225,0.4,2,1556011826718,18104384,741
2019-04-23 09:32:11.482,4.0,sell,5531.97,BTC-26APR19-5500-C,56.0,0.023,4.0,0,1556011931482,18104443,742
2019-04-23 11:01:43.440,0.1,sell,5557.59,BTC-26APR19-5500-C,56.49,0.0255,0.1,0,1556017303440,18106566,743
2019-04-23 11:12:18.959,0.1,sell,5541.13,BTC-26APR19-5500-C,56.99,0.024,0.1,2,1556017938959,18106799,744
2019-04-23 11:15:50.609,0.5,sell,5546.3,BTC-26APR19-5500-C,56.98,0.0245,0.5,0,1556018150609,18106938,745
2019-04-23 11:30:51.498,4.6000000000000005,sell,5546.05,BTC-26APR19-5500-C,57.16,0.0245,4.6000000000000005,1,1556019051498,18107081,746
2019-04-23 13:18:15.368,0.1,buy,5566.16,BTC-26APR19-5500-C,57.8,0.0265,0.1,0,1556025495368,18109972,747
2019-04-23 13:18:15.368,2.7,buy,5566.16,BTC-26APR19-5500-C,57.8,0.0265,2.7,1,1556025495368,18109973,748
2019-04-23 13:46:40.633,0.1,sell,5592.21,BTC-26APR19-5500-C,57.18,0.028999999999999998,0.1,0,1556027200633,18110812,749
2019-04-23 13:56:18.463,2.0,sell,5580.37,BTC-26APR19-5500-C,58.09,0.027999999999999997,2.0,2,1556027778463,18111023,750
2019-04-23 15:06:58.344,0.5,sell,5577.31,BTC-26APR19-5500-C,55.03,0.0265,0.5,2,1556032018344,18112752,751
2019-04-23 15:25:54.124,6.0,sell,5570.8,BTC-26APR19-5500-C,54.23,0.0255,6.0,2,1556033154124,18113184,752
2019-04-23 16:36:19.812,1.0,sell,5572.8,BTC-26APR19-5500-C,52.52,0.025,1.0,2,1556037379812,18115512,753
2019-04-23 16:45:06.459,3.0,buy,5575.42,BTC-26APR19-5500-C,54.81,0.026,3.0,0,1556037906459,18115875,754
2019-04-23 17:32:38.331,1.0,buy,5602.17,BTC-26APR19-5500-C,55.33,0.028999999999999998,1.0,0,1556040758331,18117710,755
2019-04-23 17:37:41.316,0.6,buy,5609.13,BTC-26APR19-5500-C,60.93,0.0315,0.6,0,1556041061316,18117933,756
2019-04-23 17:37:41.316,10.4,buy,5609.13,BTC-26APR19-5500-C,60.93,0.0315,10.4,1,1556041061316,18117934,757
2019-04-23 17:40:44.399,12.0,buy,5610.89,BTC-26APR19-5500-C,60.31,0.0315,12.0,1,1556041244399,18118118,758
2019-04-23 17:56:12.732,1.5,buy,5582.09,BTC-26APR19-5500-C,56.21,0.027000000000000003,1.5,2,1556042172732,18119688,759
2019-04-23 18:33:08.260,0.1,buy,5596.88,BTC-26APR19-5500-C,57.7,0.028999999999999998,0.1,0,1556044388260,18120287,760
2019-04-23 18:34:33.684,0.1,sell,5596.12,BTC-26APR19-5500-C,56.38,0.0285,0.1,2,1556044473684,18120306,761
2019-04-23 18:37:21.789,0.1,sell,5586.81,BTC-26APR19-5500-C,56.48,0.0275,0.1,2,1556044641789,18120408,762
2019-04-23 18:38:32.580,0.1,buy,5587.88,BTC-26APR19-5500-C,60.89,0.028999999999999998,0.1,0,1556044712580,18120430,763
2019-04-23 18:58:38.006,5.1000000000000005,buy,5610.22,BTC-26APR19-5500-C,61.2,0.0315,5.1000000000000005,0,1556045918006,18120771,764
2019-04-23 18:58:38.006,11.9,buy,5610.22,BTC-26APR19-5500-C,61.2,0.0315,11.9,1,1556045918006,18120772,765
2019-04-23 19:33:35.223,3.0,sell,5585.03,BTC-26APR19-5500-C,55.94,0.027000000000000003,3.0,2,1556048015223,18121772,766
2019-04-23 19:37:26.751,6.2,buy,5574.01,BTC-26APR19-5500-C,61.31,0.0275,6.2,0,1556048246751,18121957,767
2019-04-23 19:37:26.751,3.8,buy,5574.01,BTC-26APR19-5500-C,61.31,0.0275,3.8,1,1556048246751,18121958,768
2019-04-23 20:59:14.379,1.0,sell,5577.74,BTC-26APR19-5500-C,55.94,0.026000000000000002,1.0,2,1556053154379,18123677,769
2019-04-23 22:10:10.646,4.6000000000000005,buy,5546.29,BTC-26APR19-5500-C,58.98,0.0235,4.6000000000000005,2,1556057410646,18125891,770
2019-04-23 22:30:25.950,0.1,sell,5514.63,BTC-26APR19-5500-C,57.76,0.02,0.1,2,1556058625950,18128928,771
2019-04-23 22:31:02.284,0.7000000000000001,sell,5510.81,BTC-26APR19-5500-C,55.76,0.019,0.7000000000000001,2,1556058662284,18129002,772
2019-04-23 22:34:06.295,1.0,buy,5539.81,BTC-26APR19-5500-C,62.78,0.024,1.0,0,1556058846295,18129389,773
2019-04-23 22:47:37.714,7.6,sell,5542.16,BTC-26APR19-5500-C,52.71,0.021,7.6,2,1556059657714,18130078,774
2019-04-23 22:47:55.096,2.4,buy,5542.3,BTC-26APR19-5500-C,52.66,0.021,2.4,3,1556059675096,18130091,775
2019-04-23 22:58:17.879,4.2,buy,5558.57,BTC-26APR19-5500-C,57.0,0.024,4.2,0,1556060297879,18130946,776
2019-04-23 23:16:19.796,1.0,sell,5558.19,BTC-26APR19-5500-C,54.06,0.023,1.0,2,1556061379796,18131626,777
2019-04-23 23:41:14.390,1.0,sell,5545.2,BTC-26APR19-5500-C,53.73,0.0215,1.0,2,1556062874390,18132368,778
2019-04-23 23:42:39.578,1.0,sell,5544.21,BTC-26APR19-5500-C,52.47,0.021,1.0,2,1556062959578,18132427,779
2019-04-23 23:43:53.925,1.0,sell,5546.59,BTC-26APR19-5500-C,53.31,0.0215,1.0,0,1556063033925,18132440,780
2019-04-23 23:45:32.278,1.0,sell,5546.12,BTC-26APR19-5500-C,53.47,0.0215,1.0,1,1556063132278,18132468,781
2019-04-23 23:49:38.611,1.0,buy,5543.37,BTC-26APR19-5500-C,54.4,0.0215,1.0,1,1556063378611,18132581,782
2019-04-23 23:50:59.318,2.2,sell,5547.66,BTC-26APR19-5500-C,54.61,0.022000000000000002,2.2,0,1556063459318,18132613,783
2019-04-23 23:51:04.933,1.8,buy,5548.4,BTC-26APR19-5500-C,54.37,0.022000000000000002,1.8,1,1556063464933,18132620,784
2019-04-24 04:41:58.924,3.9,sell,5596.85,BTC-26APR19-5500-C,50.62,0.0255,3.9,0,1556080918924,18144010,785
2019-04-24 06:19:34.076,1.5,buy,5613.13,BTC-26APR19-5500-C,57.39,0.028999999999999998,1.5,0,1556086774076,18147367,786
2019-04-24 07:39:20.620,3.5,buy,5546.28,BTC-26APR19-5500-C,52.42,0.02,3.5,2,1556091560620,18150290,787
2019-04-24 08:02:24.614,3.0,buy,5466.47,BTC-26APR19-5500-C,62.16,0.0155,3.0,2,1556092944614,18158484,788
2019-04-24 08:02:30.453,3.0,buy,5466.78,BTC-26APR19-5500-C,62.07,0.0155,3.0,3,1556092950453,18158486,789
2019-04-24 08:05:24.471,1.0,buy,5476.88,BTC-26APR19-5500-C,62.69,0.0165,1.0,0,1556093124471,18158651,790
2019-04-24 08:11:33.664,6.0,sell,5460.61,BTC-26APR19-5500-C,53.58,0.0125,6.0,2,1556093493664,18159182,791
2019-04-24 08:11:48.679,0.3,sell,5454.2,BTC-26APR19-5500-C,53.55,0.012,0.3,2,1556093508679,18159354,792
2019-04-24 08:16:29.503,0.5,sell,5462.7,BTC-26APR19-5500-C,51.34,0.012,0.5,3,1556093789503,18160636,793
2019-04-24 08:16:29.503,0.8,sell,5462.7,BTC-26APR19-5500-C,51.34,0.012,0.8,3,1556093789503,18160637,794
2019-04-24 08:16:29.506,1.7,sell,5462.7,BTC-26APR19-5500-C,51.34,0.012,1.7,3,1556093789506,18160638,795
2019-04-24 08:16:29.507,0.4,sell,5462.7,BTC-26APR19-5500-C,51.34,0.012,0.4,3,1556093789507,18160639,796
2019-04-24 08:16:29.509,1.3,sell,5462.7,BTC-26APR19-5500-C,51.34,0.012,1.3,3,1556093789509,18160640,797
2019-04-24 08:16:29.513,0.3,sell,5462.7,BTC-26APR19-5500-C,51.34,0.012,0.3,3,1556093789513,18160641,798
2019-04-24 08:16:29.526,0.6,sell,5462.7,BTC-26APR19-5500-C,51.34,0.012,0.6,3,1556093789526,18160644,799
2019-04-24 08:16:29.528,0.7000000000000001,sell,5462.7,BTC-26APR19-5500-C,51.34,0.012,0.7000000000000001,3,1556093789528,18160647,802
2019-04-24 08:16:29.528,0.4,sell,5462.7,BTC-26APR19-5500-C,51.34,0.012,0.4,3,1556093789528,18160645,800
2019-04-24 08:16:29.528,0.5,sell,5462.7,BTC-26APR19-5500-C,51.34,0.012,0.5,3,1556093789528,18160646,801
2019-04-24 08:16:29.529,0.7000000000000001,sell,5462.7,BTC-26APR19-5500-C,51.34,0.012,0.7000000000000001,3,1556093789529,18160648,803
2019-04-24 08:16:29.530,0.6,sell,5462.7,BTC-26APR19-5500-C,51.34,0.012,0.6,3,1556093789530,18160649,804
2019-04-24 08:16:29.532,0.5,sell,5462.7,BTC-26APR19-5500-C,51.34,0.012,0.5,3,1556093789532,18160650,805
2019-04-24 08:16:30.792,0.4,buy,5462.17,BTC-26APR19-5500-C,51.48,0.012,0.4,3,1556093790792,18160657,806
2019-04-24 08:16:30.792,0.1,buy,5462.17,BTC-26APR19-5500-C,51.48,0.012,0.1,3,1556093790792,18160658,807
2019-04-24 08:16:30.792,1.0,buy,5462.17,BTC-26APR19-5500-C,51.48,0.012,1.0,3,1556093790792,18160659,808
2019-04-24 08:28:54.186,10.0,sell,5473.68,BTC-26APR19-5500-C,50.18,0.0125,10.0,0,1556094534186,18161497,809
2019-04-24 08:28:54.186,12.0,sell,5473.68,BTC-26APR19-5500-C,50.18,0.0125,12.0,1,1556094534186,18161498,810
2019-04-24 08:43:32.296,15.0,buy,5487.9,BTC-26APR19-5500-C,56.52,0.0155,15.0,0,1556095412296,18162667,811
2019-04-24 08:44:03.990,6.6000000000000005,buy,5484.71,BTC-26APR19-5500-C,59.16,0.016,6.6000000000000005,0,1556095443990,18162705,812
2019-04-24 09:04:49.938,5.8,sell,5477.28,BTC-26APR19-5500-C,51.21,0.013000000000000001,5.8,2,1556096689938,18163279,813
2019-04-24 10:04:03.847,1.0,sell,5449.71,BTC-26APR19-5500-C,52.27,0.011,1.0,2,1556100243847,18166430,814
2019-04-24 11:40:31.587,0.5,sell,5437.36,BTC-26APR19-5500-C,52.78,0.01,0.5,2,1556106031587,18175063,815
2019-04-24 11:52:56.911,0.1,sell,5443.38,BTC-26APR19-5500-C,51.36,0.01,0.1,3,1556106776911,18175253,816
2019-04-24 12:03:58.261,5.0,buy,5432.25,BTC-26APR19-5500-C,52.46,0.0095,5.0,2,1556107438261,18175599,817
2019-04-24 12:38:50.218,0.1,buy,5455.68,BTC-26APR19-5500-C,57.64,0.0125,0.1,0,1556109530218,18176522,818
2019-04-24 12:38:50.218,0.2,buy,5455.68,BTC-26APR19-5500-C,57.64,0.0125,0.2,1,1556109530218,18176523,819
2019-04-24 14:59:03.662,1.0,sell,5464.47,BTC-26APR19-5500-C,54.87,0.012,1.0,2,1556117943662,18179726,820
2019-04-24 15:21:17.915,0.8,buy,5472.32,BTC-26APR19-5500-C,54.67,0.0125,0.8,0,1556119277915,18180182,821
2019-04-24 15:21:47.696,0.2,buy,5472.36,BTC-26APR19-5500-C,54.66,0.0125,0.2,1,1556119307696,18180185,822
2019-04-24 15:47:01.626,1.0,sell,5466.46,BTC-26APR19-5500-C,54.83,0.012,1.0,2,1556120821626,18180860,823
2019-04-24 17:56:01.275,0.3,sell,5421.37,BTC-26APR19-5500-C,51.09,0.0075,0.3,2,1556128561275,18186364,824
2019-04-24 18:15:58.430,0.1,buy,5410.98,BTC-26APR19-5500-C,51.83,0.006999999999999999,0.1,2,1556129758430,18189512,825
2019-04-24 18:23:24.132,4.2,buy,5382.56,BTC-26APR19-5500-C,56.55,0.0065,4.2,2,1556130204132,18190961,826
2019-04-24 19:02:01.626,0.1,buy,5410.78,BTC-26APR19-5500-C,52.41,0.006999999999999999,0.1,0,1556132521626,18194284,827
2019-04-24 19:21:00.132,0.1,buy,5432.52,BTC-26APR19-5500-C,51.22,0.008,0.1,0,1556133660132,18195529,828
2019-04-24 21:52:18.251,5.9,buy,5434.47,BTC-26APR19-5500-C,56.78,0.009000000000000001,5.9,0,1556142738251,18198838,829
2019-04-24 22:15:25.239,0.1,sell,5438.08,BTC-26APR19-5500-C,56.06,0.009000000000000001,0.1,1,1556144125239,18198976,830
2019-04-24 22:27:46.017,0.1,buy,5440.51,BTC-26APR19-5500-C,57.65,0.0095,0.1,0,1556144866017,18199039,831
2019-04-24 22:29:42.588,0.1,sell,5440.84,BTC-26APR19-5500-C,53.35,0.0085,0.1,2,1556144982588,18199048,832
2019-04-24 23:08:33.250,0.8,buy,5446.02,BTC-26APR19-5500-C,54.48,0.009000000000000001,0.8,0,1556147313250,18199313,833
2019-04-25 00:37:12.768,0.4,buy,5457.92,BTC-26APR19-5500-C,52.06,0.009000000000000001,0.4,1,1556152632768,18200957,834
2019-04-25 00:37:14.654,0.4,buy,5459.19,BTC-26APR19-5500-C,51.66,0.009000000000000001,0.4,1,1556152634654,18200958,835
2019-04-25 00:44:06.758,1.4,buy,5453.98,BTC-26APR19-5500-C,53.39,0.009000000000000001,1.4,1,1556153046758,18201261,836
2019-04-25 05:02:46.610,5.0,sell,5431.6,BTC-26APR19-5500-C,50.24,0.006,5.0,2,1556168566610,18206939,837
2019-04-25 05:19:41.759,0.1,sell,5422.17,BTC-26APR19-5500-C,48.16,0.005,0.1,2,1556169581759,18207282,838
2019-04-25 11:01:02.246,5.0,buy,5459.16,BTC-26APR19-5500-C,57.92,0.008,5.0,0,1556190062246,18218032,839
2019-04-25 11:47:39.133,2.0,buy,5450.84,BTC-26APR19-5500-C,48.45,0.0055,2.0,2,1556192859133,18219172,840
2019-04-25 12:05:12.976,0.5,buy,5463.97,BTC-26APR19-5500-C,54.85,0.0075,0.5,0,1556193912976,18219907,841
2019-04-25 12:07:53.243,0.4,sell,5463.47,BTC-26APR19-5500-C,46.95,0.006,0.4,2,1556194073243,18219934,842
2019-04-25 12:07:55.343,0.4,buy,5463.47,BTC-26APR19-5500-C,46.95,0.006,0.4,3,1556194075343,18219936,843
2019-04-25 13:06:16.835,0.5,sell,5458.01,BTC-26APR19-5500-C,50.25,0.006,0.5,3,1556197576835,18220859,844
2019-04-25 13:54:35.159,0.7000000000000001,sell,5458.18,BTC-26APR19-5500-C,42.51,0.0045,0.7000000000000001,2,1556200475159,18221404,845
2019-04-25 16:43:34.141,0.1,buy,5467.48,BTC-26APR19-5500-C,51.79,0.006,0.1,0,1556210614141,18224520,846
2019-04-25 16:43:34.141,1.9,buy,5467.48,BTC-26APR19-5500-C,51.79,0.006,1.9,1,1556210614141,18224521,847
2019-04-25 17:45:45.323,0.2,sell,5485.09,BTC-26APR19-5500-C,51.47,0.006999999999999999,0.2,0,1556214345323,18227057,848
2019-04-25 18:00:23.833,0.2,buy,5493.44,BTC-26APR19-5500-C,50.65,0.0075,0.2,0,1556215223833,18227295,849
2019-04-25 18:01:13.336,0.2,buy,5495.12,BTC-26APR19-5500-C,52.91,0.008,0.2,0,1556215273336,18227351,850
2019-04-25 19:08:33.832,0.8,buy,5503.56,BTC-26APR19-5500-C,50.23,0.008,0.8,1,1556219313832,18228124,851
2019-04-25 19:15:28.348,0.2,buy,5509.04,BTC-26APR19-5500-C,53.61,0.009000000000000001,0.2,0,1556219728348,18228403,852
2019-04-25 19:15:50.307,0.1,buy,5505.93,BTC-26APR19-5500-C,52.3,0.0085,0.1,2,1556219750307,18228446,853
2019-04-25 19:37:53.428,1.2,buy,5490.66,BTC-26APR19-5500-C,52.13,0.006999999999999999,1.2,2,1556221073428,18229134,854
2019-04-25 20:06:33.916,3.0,sell,5479.49,BTC-26APR19-5500-C,52.5,0.006,3.0,2,1556222793916,18230072,855
2019-04-25 20:38:41.119,2.0,buy,5484.62,BTC-26APR19-5500-C,43.83,0.005,2.0,2,1556224721119,18230593,856
2019-04-25 21:50:23.626,0.1,sell,5408.77,BTC-26APR19-5500-C,55.83,0.002,0.1,2,1556229023626,18235798,857
2019-04-25 21:56:42.922,0.9,sell,5401.32,BTC-26APR19-5500-C,58.96,0.002,0.9,3,1556229402922,18236688,858
2019-04-25 22:03:48.741,1.0,buy,5277.98,BTC-26APR19-5500-C,94.58,0.0015,1.0,2,1556229828741,18242374,859
2019-04-25 22:24:44.837,1.0,buy,5113.36,BTC-26APR19-5500-C,135.1,0.001,1.0,2,1556231084837,18269166,860
2019-04-25 22:24:45.080,1.0,sell,5113.36,BTC-26APR19-5500-C,135.1,0.001,1.0,3,1556231085080,18269169,861
2019-04-25 22:29:33.931,0.1,buy,5090.59,BTC-26APR19-5500-C,154.99,0.0015,0.1,0,1556231373931,18271984,862
2019-04-25 22:39:48.869,5.0,buy,5120.61,BTC-26APR19-5500-C,134.8,0.001,5.0,2,1556231988869,18275310,863
2019-04-25 22:39:49.171,2.0,sell,5120.61,BTC-26APR19-5500-C,134.8,0.001,2.0,3,1556231989171,18275313,864
2019-04-25 22:39:49.357,2.0,sell,5120.61,BTC-26APR19-5500-C,134.8,0.001,2.0,3,1556231989357,18275314,865
2019-04-25 22:39:49.745,2.0,sell,5120.23,BTC-26APR19-5500-C,134.91,0.001,2.0,3,1556231989745,18275315,866
2019-04-25 22:39:50.081,2.0,sell,5120.23,BTC-26APR19-5500-C,134.91,0.001,2.0,3,1556231990081,18275316,867
2019-04-25 22:44:29.762,1.0,sell,5151.72,BTC-26APR19-5500-C,126.2,0.001,1.0,3,1556232269762,18277002,868
2019-04-25 22:58:22.770,3.0,sell,5126.39,BTC-26APR19-5500-C,118.61,0.0005,3.0,2,1556233102770,18280230,869
2019-04-25 23:00:42.817,0.1,buy,5119.18,BTC-26APR19-5500-C,137.82,0.001,0.1,0,1556233242817,18280450,870
2019-04-26 00:13:58.477,3.0,sell,5098.43,BTC-26APR19-5500-C,136.02,0.0005,3.0,2,1556237638477,18288559,871
2019-04-26 00:14:29.051,11.0,sell,5100.5,BTC-26APR19-5500-C,135.42,0.0005,11.0,3,1556237669051,18288584,872
2019-04-26 02:02:27.549,3.0,buy,5142.51,BTC-26APR19-5500-C,199.52,0.0025,3.0,0,1556244147549,18296050,873
2019-04-26 02:39:06.336,0.7000000000000001,sell,5252.64,BTC-26APR19-5500-C,150.99,0.002,0.7000000000000001,2,1556246346336,18300173,874
2019-04-26 03:17:26.482,10.0,sell,5205.81,BTC-26APR19-5500-C,134.29,0.0005,10.0,2,1556248646482,18306973,875
