date_utc,amount,direction,indexPrice,instrument,iv,price,quantity,tickDirection,timeStamp,tradeId,tradeSeq
2019-02-19 13:26:26.143,10.0,buy,3939.29,BTC-26APR19-5500-C,59.24,0.013000000000000001,10.0,1,1550582786143,15627324,1
2019-02-20 01:30:40.045,5.0,buy,3887.18,BTC-26APR19-5500-C,62.25,0.013999999999999999,5.0,1,1550626240045,15673188,3
2019-02-20 01:30:40.045,15.0,buy,3887.18,BTC-26APR19-5500-C,62.25,0.013999999999999999,15.0,0,1550626240045,15673187,2
2019-02-20 01:36:42.673,6.0,sell,3887.24,BTC-26APR19-5500-C,62.3,0.013999999999999999,6.0,1,1550626602673,15673234,4
2019-02-20 01:37:07.710,5.9,sell,3888.78,BTC-26APR19-5500-C,62.28,0.013999999999999999,5.9,1,1550626627710,15673241,5
2019-02-20 01:37:14.128,6.0,sell,3888.31,BTC-26APR19-5500-C,62.3,0.013999999999999999,6.0,1,1550626634128,15673243,6
2019-02-20 02:29:44.999,15.0,buy,3885.8,BTC-26APR19-5500-C,62.98,0.0145,15.0,0,1550629784999,15674058,7
2019-02-20 02:29:44.999,5.0,buy,3885.8,BTC-26APR19-5500-C,62.98,0.0145,5.0,1,1550629784999,15674059,8
2019-02-20 02:29:44.999,20.0,buy,3885.8,BTC-26APR19-5500-C,62.98,0.0145,20.0,1,1550629784999,15674060,9
2019-02-20 02:29:44.999,2.1,buy,3885.8,BTC-26APR19-5500-C,62.98,0.0145,2.1,1,1550629784999,15674061,10
2019-02-20 06:01:04.053,0.5,buy,3884.95,BTC-26APR19-5500-C,63.57,0.015,0.5,0,1550642464053,15678246,11
2019-02-20 15:31:31.444,0.1,sell,3919.61,BTC-26APR19-5500-C,59.99,0.0125,0.1,2,1550676691444,15703411,12
2019-02-20 15:32:24.224,1.0,sell,3919.95,BTC-26APR19-5500-C,59.99,0.0125,1.0,3,1550676744224,15703416,13
2019-02-20 15:33:31.013,0.5,sell,3919.73,BTC-26APR19-5500-C,59.99,0.0125,0.5,3,1550676811013,15703422,14
2019-02-20 15:33:53.460,1.1,sell,3918.53,BTC-26APR19-5500-C,60.0,0.0125,1.1,3,1550676833460,15703441,15
2019-02-20 15:34:29.991,0.3,sell,3918.59,BTC-26APR19-5500-C,59.99,0.0125,0.3,3,1550676869991,15703454,16
2019-02-20 20:37:52.237,2.0,buy,3932.22,BTC-26APR19-5500-C,63.03,0.0155,2.0,0,1550695072237,15710780,17
2019-02-21 05:24:05.537,0.6,sell,3937.16,BTC-26APR19-5500-C,60.2,0.013000000000000001,0.6,2,1550726645537,15721723,18
2019-02-22 10:03:17.547,0.3,buy,3923.23,BTC-26APR19-5500-C,59.67,0.012,0.3,2,1550829797547,15766272,19
2019-02-22 23:27:35.096,1.0,buy,3947.76,BTC-26APR19-5500-C,59.84,0.0125,1.0,0,1550878055096,15789198,20
2019-02-22 23:27:35.098,6.1000000000000005,sell,3947.76,BTC-26APR19-5500-C,59.84,0.0125,6.1000000000000005,1,1550878055098,15789199,21
2019-02-22 23:27:53.086,12.9,sell,3947.38,BTC-26APR19-5500-C,59.85,0.0125,12.9,1,1550878073086,15789205,22
2019-02-24 02:53:11.336,0.5,buy,4156.17,BTC-26APR19-5500-C,60.49,0.0185,0.5,0,1550976791336,15859509,23
2019-02-24 14:13:17.623,3.0,sell,3884.65,BTC-26APR19-5500-C,63.71,0.0125,3.0,2,1551017597623,15895634,24
2019-02-24 14:13:20.038,3.0,sell,3885.0,BTC-26APR19-5500-C,63.69,0.0125,3.0,3,1551017600038,15895669,25
2019-02-24 14:14:17.009,3.0,sell,3851.12,BTC-26APR19-5500-C,64.57,0.0125,3.0,3,1551017657009,15896991,26
2019-02-24 14:14:19.094,3.0,sell,3851.45,BTC-26APR19-5500-C,64.45,0.0125,3.0,3,1551017659094,15897045,27
2019-02-24 14:14:49.221,15.0,sell,3838.06,BTC-26APR19-5500-C,65.17,0.0125,15.0,3,1551017689221,15897781,28
2019-02-24 14:15:12.888,3.0,sell,3818.32,BTC-26APR19-5500-C,65.84,0.0125,3.0,3,1551017712888,15898472,29
2019-02-24 14:32:26.733,5.5,buy,3781.9,BTC-26APR19-5500-C,64.26,0.01,5.5,2,1551018746733,15916972,30
2019-02-24 16:03:00.797,0.1,sell,3734.64,BTC-26APR19-5500-C,66.45,0.0105,0.1,0,1551024180797,15940534,31
2019-02-24 20:50:51.574,1.5,buy,3780.72,BTC-26APR19-5500-C,65.56,0.011,1.5,0,1551041451574,15957123,32
2019-02-25 00:05:08.572,3.1,buy,3748.41,BTC-26APR19-5500-C,64.99,0.01,3.1,2,1551053108572,15967433,33
2019-02-25 01:01:54.810,2.0,sell,3760.7,BTC-26APR19-5500-C,63.08,0.009000000000000001,2.0,2,1551056514810,15969274,34
2019-02-25 04:01:47.072,0.2,buy,3776.87,BTC-26APR19-5500-C,64.89,0.0105,0.2,0,1551067307072,15973972,35
2019-02-25 04:01:50.642,1.0,sell,3776.8,BTC-26APR19-5500-C,63.4,0.0095,1.0,2,1551067310642,15973975,36
2019-02-25 13:51:34.799,20.0,sell,3789.02,BTC-26APR19-5500-C,62.37,0.009000000000000001,20.0,2,1551102694799,15988541,37
2019-02-25 18:48:40.410,0.1,buy,3856.09,BTC-26APR19-5500-C,64.19,0.0115,0.1,0,1551120520410,16004569,38
2019-02-25 23:43:58.158,0.1,sell,3818.84,BTC-26APR19-5500-C,63.17,0.01,0.1,2,1551138238158,16012731,39
2019-02-27 20:45:15.222,2.0,buy,3716.92,BTC-26APR19-5500-C,64.94,0.0085,2.0,2,1551300315222,16075001,40
2019-02-27 20:45:41.419,3.0,buy,3729.71,BTC-26APR19-5500-C,63.61,0.008,3.0,2,1551300341419,16075144,41
