date_utc,amount,direction,indexPrice,instrument,iv,price,quantity,tickDirection,timeStamp,tradeId,tradeSeq
2019-02-14 01:44:39.434,2.0,sell,3580.72,BTC-22FEB19-3500-C,50.38,0.0425,2.0,0,1550108679434,15352031,781
2019-02-14 02:23:44.511,1.0,sell,3580.99,BTC-22FEB19-3500-C,50.38,0.0425,1.0,1,1550111024511,15352181,782
2019-02-14 02:24:50.828,1.0,sell,3581.43,BTC-22FEB19-3500-C,49.37,0.042,1.0,2,1550111090828,15352197,783
2019-02-14 03:10:18.884,1.7,sell,3574.99,BTC-22FEB19-3500-C,49.57,0.041,1.7,2,1550113818884,15352767,784
2019-02-14 07:08:18.569,0.1,sell,3569.54,BTC-22FEB19-3500-C,53.41,0.042,0.1,0,1550128098569,15356042,785
2019-02-14 09:31:52.176,0.5,buy,3571.83,BTC-22FEB19-3500-C,51.31,0.041,0.5,2,1550136712176,15359627,786
2019-02-14 11:09:43.611,2.5,buy,3561.92,BTC-22FEB19-3500-C,52.58,0.04,2.5,2,1550142583611,15364463,787
2019-02-14 11:12:30.757,2.5,sell,3567.03,BTC-22FEB19-3500-C,50.25,0.0395,2.5,2,1550142750757,15364858,788
2019-02-14 11:13:13.872,2.5,sell,3565.3,BTC-22FEB19-3500-C,49.86,0.039,2.5,2,1550142793872,15364991,789
2019-02-14 11:50:16.857,1.0,sell,3556.54,BTC-22FEB19-3500-C,48.88,0.037,1.0,2,1550145016857,15366044,790
2019-02-14 12:41:14.832,5.0,sell,3560.94,BTC-22FEB19-3500-C,49.52,0.038,5.0,0,1550148074832,15367641,791
2019-02-14 12:41:14.832,2.5,sell,3560.94,BTC-22FEB19-3500-C,49.52,0.038,2.5,1,1550148074832,15367642,792
2019-02-14 12:41:14.865,2.5,buy,3560.94,BTC-22FEB19-3500-C,49.52,0.038,2.5,1,1550148074865,15367643,793
2019-02-14 12:42:58.344,2.5,sell,3561.14,BTC-22FEB19-3500-C,49.47,0.038,2.5,1,1550148178344,15367669,794
2019-02-14 12:43:00.904,2.5,buy,3561.14,BTC-22FEB19-3500-C,49.47,0.038,2.5,1,1550148180904,15367672,795
2019-02-14 14:35:05.792,0.1,buy,3561.63,BTC-22FEB19-3500-C,51.36,0.039,0.1,0,1550154905792,15368900,796
2019-02-14 16:51:45.408,2.0,buy,3566.67,BTC-22FEB19-3500-C,52.03,0.04,2.0,0,1550163105408,15371292,797
2019-02-14 16:56:06.466,0.1,buy,3566.66,BTC-22FEB19-3500-C,52.04,0.04,0.1,1,1550163366466,15371343,798
2019-02-14 17:02:04.400,0.1,buy,3567.62,BTC-22FEB19-3500-C,49.96,0.039,0.1,2,1550163724400,15371383,799
2019-02-14 20:31:36.809,0.1,buy,3565.83,BTC-22FEB19-3500-C,50.06,0.0385,0.1,2,1550176296809,15373447,800
2019-02-14 21:43:45.379,1.0,buy,3565.12,BTC-22FEB19-3500-C,52.28,0.0395,1.0,0,1550180625379,15374321,801
2019-02-14 23:27:07.918,0.1,buy,3565.62,BTC-22FEB19-3500-C,48.69,0.0375,0.1,2,1550186827918,15375637,802
2019-02-15 00:36:45.398,0.5,sell,3568.03,BTC-22FEB19-3500-C,46.25,0.0365,0.5,2,1550191005398,15376702,803
2019-02-15 01:59:14.405,0.1,sell,3569.88,BTC-22FEB19-3500-C,47.74,0.0375,0.1,0,1550195954405,15377201,804
2019-02-15 06:35:14.381,0.2,sell,3578.42,BTC-22FEB19-3500-C,47.56,0.0385,0.2,0,1550212514381,15381369,805
2019-02-15 10:29:10.271,0.1,sell,3576.07,BTC-22FEB19-3500-C,45.97,0.037,0.1,2,1550226550271,15384075,806
2019-02-15 10:29:10.271,0.9,sell,3576.07,BTC-22FEB19-3500-C,45.97,0.037,0.9,3,1550226550271,15384076,807
2019-02-15 10:30:06.660,0.8,buy,3576.23,BTC-22FEB19-3500-C,50.78,0.0395,0.8,0,1550226606660,15384077,808
2019-02-15 10:30:06.660,0.1,buy,3576.23,BTC-22FEB19-3500-C,50.78,0.0395,0.1,1,1550226606660,15384078,809
2019-02-15 10:30:48.524,0.1,sell,3576.32,BTC-22FEB19-3500-C,50.75,0.0395,0.1,1,1550226648524,15384079,810
2019-02-15 14:17:45.613,0.5,buy,3594.25,BTC-22FEB19-3500-C,50.26,0.042,0.5,0,1550240265613,15388738,811
2019-02-15 14:18:16.373,1.5,buy,3606.73,BTC-22FEB19-3500-C,50.91,0.0445,1.5,0,1550240296373,15389244,812
2019-02-15 14:33:22.974,0.4,sell,3568.39,BTC-22FEB19-3500-C,51.01,0.038,0.4,2,1550241202974,15394866,813
2019-02-15 16:00:42.314,0.1,buy,3557.39,BTC-22FEB19-3500-C,47.94,0.0345,0.1,2,1550246442314,15399783,814
2019-02-15 16:21:46.394,3.4,buy,3558.66,BTC-22FEB19-3500-C,47.59,0.0345,3.4,3,1550247706394,15400027,815
2019-02-15 16:39:23.371,0.1,sell,3559.85,BTC-22FEB19-3500-C,47.25,0.0345,0.1,3,1550248763371,15400207,816
2019-02-15 17:03:34.553,0.1,buy,3561.99,BTC-22FEB19-3500-C,47.61,0.035,0.1,0,1550250214553,15400322,817
2019-02-15 17:09:54.242,1.0,buy,3562.72,BTC-22FEB19-3500-C,47.39,0.035,1.0,1,1550250594242,15400383,818
2019-02-15 19:21:33.998,5.0,buy,3567.64,BTC-22FEB19-3500-C,45.11,0.0345,5.0,2,1550258493998,15401386,819
2019-02-15 19:22:07.958,5.0,buy,3567.81,BTC-22FEB19-3500-C,46.04,0.035,5.0,0,1550258527958,15401388,820
2019-02-15 20:17:38.315,2.3000000000000003,buy,3568.82,BTC-22FEB19-3500-C,47.84,0.036,2.3000000000000003,0,1550261858315,15402066,821
2019-02-16 02:35:16.682,2.2,sell,3574.8,BTC-22FEB19-3500-C,50.87,0.038,2.2,0,1550284516682,15404958,822
2019-02-16 02:35:45.456,2.2,sell,3574.58,BTC-22FEB19-3500-C,50.95,0.038,2.2,1,1550284545456,15404961,823
2019-02-16 14:41:12.878,4.0,buy,3600.34,BTC-22FEB19-3500-C,47.69,0.04,4.0,0,1550328072878,15417979,824
2019-02-16 15:27:32.494,1.7,buy,3599.1,BTC-22FEB19-3500-C,52.82,0.042,1.7,0,1550330852494,15419829,825
2019-02-16 15:28:19.241,1.7,buy,3600.19,BTC-22FEB19-3500-C,52.4,0.042,1.7,1,1550330899241,15419849,826
2019-02-16 15:29:10.823,0.6,buy,3600.07,BTC-22FEB19-3500-C,53.56,0.0425,0.6,0,1550330950823,15419874,827
2019-02-16 17:33:35.163,0.5,buy,3589.09,BTC-22FEB19-3500-C,49.35,0.0385,0.5,2,1550338415163,15421875,828
2019-02-17 00:57:57.307,0.5,sell,3576.14,BTC-22FEB19-3500-C,44.55,0.0335,0.5,2,1550365077307,15426083,829
2019-02-17 00:58:17.797,0.5,sell,3581.05,BTC-22FEB19-3500-C,42.53,0.0335,0.5,3,1550365097797,15426145,830
2019-02-17 01:02:49.232,0.2,sell,3578.07,BTC-22FEB19-3500-C,44.93,0.034,0.2,0,1550365369232,15426296,831
2019-02-17 04:06:21.396,1.0,buy,3587.93,BTC-22FEB19-3500-C,49.55,0.0375,1.0,0,1550376381396,15427291,832
2019-02-17 10:06:46.473,1.5,buy,3599.15,BTC-22FEB19-3500-C,51.99,0.04,1.5,0,1550398006473,15429694,833
2019-02-17 10:08:49.762,1.5,buy,3599.76,BTC-22FEB19-3500-C,51.73,0.04,1.5,1,1550398129762,15429896,834
2019-02-17 10:28:13.703,1.0,buy,3662.61,BTC-22FEB19-3500-C,54.71,0.053,1.0,0,1550399293703,15434079,835
2019-02-17 10:28:29.983,1.0,sell,3655.46,BTC-22FEB19-3500-C,53.02,0.051,1.0,2,1550399309983,15434446,836
2019-02-17 10:45:14.771,1.4000000000000001,sell,3602.25,BTC-22FEB19-3500-C,50.75,0.04,1.4000000000000001,2,1550400314771,15439211,837
2019-02-17 10:45:17.781,1.4000000000000001,sell,3598.0,BTC-22FEB19-3500-C,52.64,0.04,1.4000000000000001,3,1550400317781,15439326,838
2019-02-17 10:45:19.556,4.2,sell,3594.74,BTC-22FEB19-3500-C,54.04,0.04,4.2,3,1550400319556,15439405,839
2019-02-17 10:45:23.332,5.0,sell,3588.17,BTC-22FEB19-3500-C,54.42,0.039,5.0,2,1550400323332,15439536,840
2019-02-17 10:45:25.073,4.0,sell,3587.64,BTC-22FEB19-3500-C,54.63,0.039,4.0,3,1550400325073,15439570,841
2019-02-17 19:51:56.595,1.0,buy,3572.33,BTC-22FEB19-3500-C,52.36,0.0345,1.0,2,1550433116595,15452114,842
2019-02-17 19:53:02.285,1.0,sell,3571.51,BTC-22FEB19-3500-C,51.5,0.034,1.0,2,1550433182285,15452116,843
2019-02-17 21:50:38.500,0.5,sell,3598.32,BTC-22FEB19-3500-C,52.6,0.039,0.5,0,1550440238500,15454197,844
2019-02-17 21:58:24.590,1.0,sell,3590.95,BTC-22FEB19-3500-C,52.2,0.0375,1.0,2,1550440704590,15454339,845
2019-02-18 01:08:11.318,0.7000000000000001,sell,3725.93,BTC-22FEB19-3500-C,67.99,0.0685,0.7000000000000001,0,1550452091318,15470601,846
2019-02-18 01:17:38.158,1.8,sell,3631.63,BTC-22FEB19-3500-C,36.85,0.04,1.8,2,1550452658158,15477006,848
2019-02-18 01:17:38.158,1.2,sell,3631.63,BTC-22FEB19-3500-C,40.34,0.041,1.2,2,1550452658158,15477005,847
2019-02-18 03:50:51.643,5.0,buy,3688.65,BTC-22FEB19-3500-C,60.29,0.0585,5.0,0,1550461851643,15488971,849
2019-02-18 04:02:53.651,5.0,buy,3688.25,BTC-22FEB19-3500-C,62.28,0.059,5.0,0,1550462573651,15489275,850
2019-02-18 04:05:17.915,5.0,buy,3689.75,BTC-22FEB19-3500-C,62.95,0.0595,5.0,0,1550462717915,15489356,851
2019-02-18 04:06:19.249,5.0,buy,3689.45,BTC-22FEB19-3500-C,66.37,0.0605,5.0,0,1550462779249,15489459,852
2019-02-18 04:06:19.249,0.8,buy,3689.45,BTC-22FEB19-3500-C,67.95,0.061,0.8,0,1550462779249,15489460,853
2019-02-18 06:44:12.309,0.8,buy,3696.4,BTC-22FEB19-3500-C,66.06,0.0615,0.8,0,1550472252309,15496451,854
2019-02-18 07:07:37.821,3.0,buy,3705.96,BTC-22FEB19-3500-C,55.56,0.0605,3.0,2,1550473657821,15497603,855
2019-02-18 07:20:50.000,0.7000000000000001,sell,3710.87,BTC-22FEB19-3500-C,66.67,0.0645,0.7000000000000001,0,1550474450000,15500020,856
2019-02-18 07:27:39.039,5.0,sell,3715.06,BTC-22FEB19-3500-C,65.5,0.065,5.0,0,1550474859039,15501564,857
2019-02-18 07:27:40.345,1.0,buy,3711.34,BTC-22FEB19-3500-C,74.8,0.067,1.0,0,1550474860345,15501585,859
2019-02-18 07:27:40.345,2.4,buy,3711.34,BTC-22FEB19-3500-C,68.12,0.065,2.4,1,1550474860345,15501584,858
2019-02-18 07:27:40.345,2.1,buy,3711.34,BTC-22FEB19-3500-C,74.8,0.067,2.1,1,1550474860345,15501586,860
2019-02-18 07:29:31.136,5.0,buy,3692.75,BTC-22FEB19-3500-C,56.68,0.058,5.0,2,1550474971136,15502785,861
2019-02-18 07:29:36.322,0.5,buy,3693.68,BTC-22FEB19-3500-C,55.96,0.058,0.5,3,1550474976322,15502911,862
2019-02-18 08:17:37.841,1.0,sell,3690.1,BTC-22FEB19-3500-C,47.21,0.055,1.0,2,1550477857841,15505095,863
2019-02-18 08:22:49.002,1.0,buy,3691.04,BTC-22FEB19-3500-C,60.02,0.0585,1.0,0,1550478169002,15505215,864
2019-02-18 08:29:57.345,2.0,buy,3699.0,BTC-22FEB19-3500-C,55.82,0.059,2.0,0,1550478597345,15505495,865
2019-02-18 09:08:47.211,5.0,buy,3699.66,BTC-22FEB19-3500-C,68.09,0.0625,5.0,0,1550480927211,15506991,866
2019-02-18 09:08:47.211,0.8,buy,3699.66,BTC-22FEB19-3500-C,68.09,0.0625,0.8,1,1550480927211,15506992,867
2019-02-18 09:33:04.932,0.1,buy,3704.47,BTC-22FEB19-3500-C,68.4,0.0635,0.1,0,1550482384932,15507281,868
2019-02-18 09:33:04.932,0.8,buy,3704.47,BTC-22FEB19-3500-C,68.4,0.0635,0.8,1,1550482384932,15507282,869
2019-02-18 09:33:04.932,0.1,buy,3704.47,BTC-22FEB19-3500-C,71.77,0.0645,0.1,0,1550482384932,15507283,870
2019-02-18 10:14:30.930,0.5,buy,3709.37,BTC-22FEB19-3500-C,68.74,0.0645,0.5,1,1550484870930,15508651,871
2019-02-18 10:27:25.033,0.1,sell,3691.83,BTC-22FEB19-3500-C,50.44,0.056,0.1,2,1550485645033,15509919,872
2019-02-18 12:23:29.447,0.1,buy,3707.9,BTC-22FEB19-3500-C,65.21,0.063,0.1,0,1550492609447,15515621,873
2019-02-18 12:23:51.785,0.1,buy,3708.58,BTC-22FEB19-3500-C,66.54,0.0635,0.1,0,1550492631785,15515635,874
2019-02-18 12:55:12.218,0.2,buy,3723.76,BTC-22FEB19-3500-C,70.18,0.0675,0.2,0,1550494512218,15518437,876
2019-02-18 12:55:12.218,0.1,buy,3723.76,BTC-22FEB19-3500-C,68.32,0.067,0.1,0,1550494512218,15518436,875
2019-02-18 12:57:12.704,0.3,buy,3727.82,BTC-22FEB19-3500-C,67.08,0.0675,0.3,1,1550494632704,15519624,877
2019-02-18 13:23:00.144,0.1,sell,3761.8,BTC-22FEB19-3500-C,64.79,0.074,0.1,0,1550496180144,15523753,878
2019-02-18 13:23:04.405,0.1,sell,3758.39,BTC-22FEB19-3500-C,68.0,0.074,0.1,1,1550496184405,15523820,879
2019-02-18 13:23:05.403,0.1,sell,3758.61,BTC-22FEB19-3500-C,65.58,0.0735,0.1,2,1550496185403,15523832,880
2019-02-18 13:30:14.360,0.1,sell,3773.5,BTC-22FEB19-3500-C,67.31,0.077,0.1,0,1550496614360,15526289,881
2019-02-18 13:42:01.691,0.1,buy,3790.17,BTC-22FEB19-3500-C,69.74,0.081,0.1,0,1550497321691,15529685,882
2019-02-18 13:42:47.790,0.1,sell,3779.35,BTC-22FEB19-3500-C,51.52,0.0755,0.1,2,1550497367790,15530159,883
2019-02-18 14:04:11.301,0.5,sell,3787.43,BTC-22FEB19-3500-C,33.44,0.076,0.5,0,1550498651301,15536655,884
2019-02-18 14:04:51.305,0.1,sell,3791.32,BTC-22FEB19-3500-C,44.5,0.0775,0.1,0,1550498691305,15536790,885
2019-02-18 14:04:51.307,0.2,buy,3791.32,BTC-22FEB19-3500-C,44.5,0.0775,0.2,1,1550498691307,15536791,886
2019-02-18 14:05:28.108,1.0,buy,3793.07,BTC-22FEB19-3500-C,54.65,0.079,1.0,0,1550498728108,15536894,887
2019-02-18 14:05:37.035,1.0,buy,3794.32,BTC-22FEB19-3500-C,59.57,0.08,1.0,0,1550498737035,15536926,888
2019-02-18 14:11:18.653,1.0,buy,3795.32,BTC-22FEB19-3500-C,58.17,0.08,1.0,1,1550499078653,15538349,889
2019-02-18 14:11:18.653,0.1,buy,3795.32,BTC-22FEB19-3500-C,58.17,0.08,0.1,1,1550499078653,15538350,890
2019-02-18 14:13:35.262,1.0,buy,3798.6,BTC-22FEB19-3500-C,59.99,0.081,1.0,0,1550499215262,15538661,891
2019-02-18 14:39:08.861,0.5,buy,3807.85,BTC-22FEB19-3500-C,56.24,0.0825,0.5,0,1550500748861,15542451,892
2019-02-18 15:35:01.784,0.8,sell,3797.12,BTC-22FEB19-3500-C,55.79,0.08,0.8,2,1550504101784,15546396,893
2019-02-18 16:07:51.418,0.3,buy,3833.32,BTC-22FEB19-3500-C,69.89,0.09,0.3,0,1550506071418,15548611,894
2019-02-18 16:08:16.403,0.1,sell,3828.86,BTC-22FEB19-3500-C,75.25,0.09,0.1,1,1550506096403,15548793,895
2019-02-18 16:24:49.187,0.2,buy,3857.2,BTC-22FEB19-3500-C,86.51,0.098,0.2,0,1550507089187,15552185,896
2019-02-18 16:27:21.922,5.0,sell,3869.21,BTC-22FEB19-3500-C,75.53,0.0985,5.0,0,1550507241922,15553485,897
2019-02-18 16:31:30.633,1.0,buy,3889.31,BTC-22FEB19-3500-C,0.0,0.0995,1.0,0,1550507490633,15554980,898
2019-02-18 16:44:35.047,5.0,buy,3855.36,BTC-22FEB19-3500-C,75.16,0.0955,5.0,2,1550508275047,15560705,899
2019-02-18 18:28:42.387,0.5,buy,3893.42,BTC-22FEB19-3500-C,82.42,0.1045,0.5,0,1550514522387,15573270,900
2019-02-18 19:29:27.811,0.1,buy,3883.26,BTC-22FEB19-3500-C,94.45,0.1045,0.1,1,1550518167811,15576001,901
2019-02-18 19:36:48.928,0.1,buy,3886.73,BTC-22FEB19-3500-C,93.55,0.105,0.1,0,1550518608928,15576215,902
2019-02-18 19:36:48.928,0.5,buy,3886.73,BTC-22FEB19-3500-C,93.55,0.105,0.5,1,1550518608928,15576216,903
2019-02-18 19:36:58.955,0.4,sell,3886.65,BTC-22FEB19-3500-C,93.63,0.105,0.4,1,1550518618955,15576227,904
2019-02-18 19:50:22.133,1.0,sell,3877.15,BTC-22FEB19-3500-C,90.67,0.1025,1.0,2,1550519422133,15576916,905
2019-02-18 19:54:40.553,0.1,sell,3873.95,BTC-22FEB19-3500-C,65.42,0.098,0.1,2,1550519680553,15577155,906
2019-02-18 19:54:40.753,0.1,buy,3873.95,BTC-22FEB19-3500-C,65.42,0.098,0.1,3,1550519680753,15577157,907
2019-02-18 19:54:42.629,0.7000000000000001,buy,3874.14,BTC-22FEB19-3500-C,65.03,0.098,0.7000000000000001,3,1550519682629,15577160,908
2019-02-18 20:24:25.191,0.1,sell,3860.97,BTC-22FEB19-3500-C,68.47,0.0955,0.1,2,1550521465191,15579400,909
2019-02-19 00:15:12.578,0.6,buy,3886.42,BTC-22FEB19-3500-C,111.12,0.108,0.6,0,1550535312578,15588951,911
2019-02-19 00:15:12.578,0.4,buy,3886.42,BTC-22FEB19-3500-C,99.15,0.1055,0.4,0,1550535312578,15588950,910
2019-02-19 00:19:24.943,1.0,buy,3898.26,BTC-22FEB19-3500-C,107.53,0.1095,1.0,0,1550535564943,15589368,912
2019-02-19 00:20:47.962,0.1,buy,3907.92,BTC-22FEB19-3500-C,100.46,0.11,0.1,0,1550535647962,15589682,913
2019-02-19 00:32:13.075,1.0,buy,3900.2,BTC-22FEB19-3500-C,86.13,0.106,1.0,2,1550536333075,15590927,914
2019-02-19 00:38:30.772,1.0,buy,3934.78,BTC-22FEB19-3500-C,114.96,0.118,1.0,0,1550536710772,15592248,915
2019-02-19 00:42:41.389,1.6,sell,3933.78,BTC-22FEB19-3500-C,93.64,0.114,1.6,2,1550536961389,15593890,916
2019-02-19 00:48:19.884,1.0,buy,3927.38,BTC-22FEB19-3500-C,92.37,0.1125,1.0,2,1550537299884,15595833,917
2019-02-19 01:01:49.491,1.0,buy,3916.54,BTC-22FEB19-3500-C,83.57,0.109,1.0,2,1550538109491,15597408,918
2019-02-19 01:02:44.192,0.3,buy,3908.78,BTC-22FEB19-3500-C,71.72,0.106,0.3,2,1550538164192,15597624,919
2019-02-19 01:05:13.573,0.1,sell,3896.12,BTC-22FEB19-3500-C,73.95,0.1035,0.1,2,1550538313573,15598131,920
2019-02-19 01:05:13.575,0.5,buy,3896.12,BTC-22FEB19-3500-C,63.09,0.1025,0.5,2,1550538313575,15598133,921
2019-02-19 01:06:30.305,0.3,buy,3897.9,BTC-22FEB19-3500-C,70.28,0.1035,0.3,0,1550538390305,15598290,922
2019-02-19 01:07:55.248,0.1,sell,3901.48,BTC-22FEB19-3500-C,60.19,0.1035,0.1,1,1550538475248,15598419,923
2019-02-19 01:09:34.449,0.1,sell,3908.87,BTC-22FEB19-3500-C,71.57,0.106,0.1,0,1550538574449,15598739,924
2019-02-19 09:37:26.827,0.5,buy,3880.22,BTC-22FEB19-3500-C,67.14,0.099,0.5,2,1550569046827,15616627,925
2019-02-19 13:50:23.955,1.0,sell,3944.27,BTC-22FEB19-3500-C,115.24,0.118,1.0,0,1550584223955,15633534,926
2019-02-19 17:20:08.179,2.4,sell,3932.08,BTC-22FEB19-3500-C,71.96,0.1105,2.4,2,1550596808179,15656585,927
2019-02-20 17:20:26.357,5.0,buy,3923.82,BTC-22FEB19-3500-C,124.59,0.111,5.0,0,1550683226357,15706433,928
2019-02-20 17:20:26.357,1.0,buy,3923.82,BTC-22FEB19-3500-C,146.96,0.1135,1.0,0,1550683226357,15706434,929
