date_utc,amount,direction,indexPrice,instrument,iv,price,quantity,tickDirection,timeStamp,tradeId,tradeSeq
2019-03-21 14:01:08.576,12.0,sell,137.19,ETH-28JUN19-160-P,93.58,0.301,12.0,1,1553176868576,84876,1
2019-03-22 21:56:16.309,1.0,sell,136.06,ETH-28JUN19-160-P,69.57,0.263,1.0,2,1553291776309,105217,2
2019-03-25 16:01:24.743,18.0,buy,132.88,ETH-28JUN19-160-P,68.55,0.274,18.0,0,1553529684743,140697,3
2019-03-25 16:01:39.611,8.0,buy,132.85,ETH-28JUN19-160-P,68.51,0.274,8.0,1,1553529699611,140747,4
2019-03-28 04:10:41.888,1.0,sell,137.77,ETH-28JUN19-160-P,63.43,0.227,1.0,2,1553746241888,182807,5
2019-03-30 03:04:49.997,1.0,buy,143.76,ETH-28JUN19-160-P,70.75,0.203,1.0,2,1553915089997,211317,6
2019-04-02 09:41:23.102,2.0,buy,152.23,ETH-28JUN19-160-P,65.81,0.14800000000000002,2.0,2,1554198083102,283284,7
2019-04-02 14:07:51.348,1.0,buy,158.67,ETH-28JUN19-160-P,69.61,0.13,1.0,2,1554214071348,300975,8
2019-04-02 18:44:19.617,270.0,sell,157.84,ETH-28JUN19-160-P,68.57,0.129,270.0,2,1554230659617,312527,9
2019-04-02 18:56:34.704,100.0,sell,157.92,ETH-28JUN19-160-P,64.8,0.121,100.0,2,1554231394704,312976,10
2019-04-02 18:56:35.934,100.0,sell,157.92,ETH-28JUN19-160-P,64.8,0.121,100.0,3,1554231395934,312977,11
2019-04-02 23:15:19.249,24.0,buy,164.43,ETH-28JUN19-160-P,71.26,0.114,24.0,2,1554246919249,331889,12
2019-04-02 23:15:19.249,267.0,buy,164.43,ETH-28JUN19-160-P,72.34,0.116,267.0,0,1554246919249,331890,13
2019-04-03 14:59:13.763,10.0,sell,168.93,ETH-28JUN19-160-P,72.61,0.098,10.0,2,1554303553763,380276,14
2019-04-03 14:59:34.172,10.0,sell,168.8,ETH-28JUN19-160-P,72.44,0.098,10.0,3,1554303574172,380285,15
2019-04-03 14:59:35.898,10.0,sell,168.79,ETH-28JUN19-160-P,64.56,0.084,10.0,2,1554303575898,380286,16
2019-04-03 14:59:40.939,10.0,sell,168.78,ETH-28JUN19-160-P,72.45,0.098,10.0,0,1554303580939,380290,17
2019-04-03 14:59:45.268,10.0,sell,168.82,ETH-28JUN19-160-P,72.47,0.098,10.0,1,1554303585268,380297,18
2019-04-03 14:59:54.331,10.0,sell,168.68,ETH-28JUN19-160-P,72.32,0.098,10.0,1,1554303594331,380315,19
2019-04-03 16:04:28.688,50.0,sell,171.89,ETH-28JUN19-160-P,70.4,0.085,50.0,2,1554307468688,382323,20
2019-04-03 19:36:13.945,50.0,sell,174.89,ETH-28JUN19-160-P,70.86,0.08,50.0,2,1554320173945,395810,21
2019-04-03 20:38:54.426,1.0,buy,176.49,ETH-28JUN19-160-P,75.3,0.083,1.0,0,1554323934426,401561,22
2019-04-03 23:32:50.949,20.0,buy,159.15,ETH-28JUN19-160-P,82.09,0.149,20.0,0,1554334370949,422689,23
2019-04-03 23:46:51.756,1.0,sell,162.96,ETH-28JUN19-160-P,75.31,0.125,1.0,2,1554335211756,424332,24
2019-04-04 00:08:58.438,1.0,buy,159.83,ETH-28JUN19-160-P,86.47,0.154,1.0,0,1554336538438,426127,25
2019-04-04 01:35:54.334,20.0,sell,164.0,ETH-28JUN19-160-P,76.21,0.124,20.0,2,1554341754334,428777,26
2019-04-04 15:08:08.044,62.0,buy,160.6,ETH-28JUN19-160-P,82.38,0.142,62.0,0,1554390488044,443664,27
2019-04-04 15:31:16.871,1.0,buy,160.03,ETH-28JUN19-160-P,82.53,0.145,1.0,0,1554391876871,444025,28
2019-04-05 09:22:51.310,20.0,sell,163.39,ETH-28JUN19-160-P,78.97,0.124,20.0,2,1554456171310,473399,29
2019-04-05 09:26:15.839,23.0,sell,163.32,ETH-28JUN19-160-P,71.31,0.11,23.0,2,1554456375839,473446,30
2019-04-05 09:26:28.472,24.0,buy,163.31,ETH-28JUN19-160-P,77.9,0.122,24.0,0,1554456388472,473457,31
2019-04-05 09:40:27.281,10.0,sell,163.68,ETH-28JUN19-160-P,70.64,0.10800000000000001,10.0,2,1554457227281,473612,32
2019-04-05 09:58:10.740,50.0,sell,163.43,ETH-28JUN19-160-P,70.06,0.10800000000000001,50.0,3,1554458290740,473788,33
2019-04-05 09:58:15.337,50.0,sell,163.42,ETH-28JUN19-160-P,70.05,0.10800000000000001,50.0,3,1554458295337,473789,34
2019-04-05 09:59:36.816,50.0,sell,163.41,ETH-28JUN19-160-P,70.19,0.10800000000000001,50.0,3,1554458376816,473799,35
2019-04-05 10:13:44.834,20.0,sell,163.7,ETH-28JUN19-160-P,69.9,0.107,20.0,2,1554459224834,474010,36
2019-04-05 10:13:46.132,20.0,sell,163.7,ETH-28JUN19-160-P,69.9,0.107,20.0,3,1554459226132,474011,37
2019-04-05 10:16:01.872,120.0,sell,163.85,ETH-28JUN19-160-P,75.25,0.11599999999999999,120.0,0,1554459361872,474041,38
2019-04-05 10:18:04.299,30.0,sell,164.09,ETH-28JUN19-160-P,76.38,0.117,30.0,0,1554459484299,474088,39
2019-04-05 14:28:48.474,10.0,sell,164.38,ETH-28JUN19-160-P,76.43,0.118,10.0,0,1554474528474,481178,40
2019-04-05 14:43:17.006,9.0,sell,163.04,ETH-28JUN19-160-P,73.9,0.11599999999999999,9.0,2,1554475397006,481489,41
2019-04-05 17:03:27.579,9.0,sell,164.69,ETH-28JUN19-160-P,75.83,0.114,9.0,2,1554483807579,484132,42
2019-04-06 12:01:53.385,6.0,sell,163.18,ETH-28JUN19-160-P,79.69,0.126,6.0,0,1554552113385,498242,43
2019-04-06 12:09:53.083,3.0,buy,163.39,ETH-28JUN19-160-P,79.26,0.125,3.0,2,1554552593083,498324,44
2019-04-06 18:43:33.713,1.0,sell,168.53,ETH-28JUN19-160-P,73.05,0.1,1.0,2,1554576213713,509402,45
2019-04-06 20:16:58.844,9.0,sell,171.32,ETH-28JUN19-160-P,78.56,0.101,9.0,0,1554581818844,515857,46
2019-04-06 20:20:44.587,5.0,sell,171.91,ETH-28JUN19-160-P,78.87,0.101,5.0,1,1554582044587,516036,47
2019-04-06 20:51:34.549,9.0,sell,168.61,ETH-28JUN19-160-P,71.0,0.095,9.0,2,1554583894549,518921,48
2019-04-07 10:10:41.039,1.0,buy,167.71,ETH-28JUN19-160-P,77.0,0.106,1.0,0,1554631841039,542807,49
2019-04-07 12:20:08.419,1.0,sell,167.66,ETH-28JUN19-160-P,71.22,0.096,1.0,2,1554639608419,544801,50
2019-04-08 02:49:56.748,48.0,sell,183.73,ETH-28JUN19-160-P,80.08,0.068,48.0,2,1554691796748,601744,51
2019-04-08 02:59:42.925,48.0,buy,182.66,ETH-28JUN19-160-P,83.2,0.073,48.0,0,1554692382925,602896,52
2019-04-08 02:59:43.304,48.0,buy,182.66,ETH-28JUN19-160-P,83.2,0.073,48.0,1,1554692383304,602913,53
2019-04-08 02:59:43.398,11.0,buy,182.66,ETH-28JUN19-160-P,83.2,0.073,11.0,1,1554692383398,602923,54
2019-04-08 02:59:43.406,37.0,sell,182.66,ETH-28JUN19-160-P,85.19,0.076,37.0,0,1554692383406,602924,55
2019-04-08 02:59:43.483,48.0,sell,182.66,ETH-28JUN19-160-P,85.19,0.076,48.0,1,1554692383483,602934,56
2019-04-08 02:59:45.330,126.0,sell,182.68,ETH-28JUN19-160-P,84.56,0.075,126.0,2,1554692385330,602955,57
2019-04-08 03:00:03.555,92.0,buy,182.57,ETH-28JUN19-160-P,82.48,0.07200000000000001,92.0,2,1554692403555,602984,58
2019-04-08 07:09:12.148,4.0,sell,181.15,ETH-28JUN19-160-P,75.73,0.066,4.0,2,1554707352148,615118,59
2019-04-08 07:14:00.077,20.0,sell,179.83,ETH-28JUN19-160-P,73.81,0.067,20.0,0,1554707640077,616031,60
2019-04-08 07:14:07.926,10.0,sell,179.89,ETH-28JUN19-160-P,74.9,0.069,10.0,0,1554707647926,616043,61
2019-04-08 07:14:09.695,10.0,sell,179.95,ETH-28JUN19-160-P,74.91,0.069,10.0,1,1554707649695,616047,62
2019-04-08 07:14:12.153,10.0,sell,179.96,ETH-28JUN19-160-P,74.98,0.069,10.0,1,1554707652153,616051,63
2019-04-08 07:14:18.450,5.0,sell,179.87,ETH-28JUN19-160-P,75.3,0.069,5.0,1,1554707658450,616081,64
2019-04-08 07:14:19.395,5.0,sell,179.83,ETH-28JUN19-160-P,75.25,0.069,5.0,1,1554707659395,616082,65
2019-04-08 07:14:20.243,5.0,sell,179.8,ETH-28JUN19-160-P,75.25,0.069,5.0,1,1554707660243,616083,66
2019-04-08 07:14:21.038,5.0,sell,179.8,ETH-28JUN19-160-P,75.25,0.069,5.0,1,1554707661038,616084,67
2019-04-08 07:14:22.137,5.0,sell,179.81,ETH-28JUN19-160-P,75.3,0.069,5.0,1,1554707662137,616085,68
2019-04-08 07:14:23.125,5.0,sell,179.76,ETH-28JUN19-160-P,75.35,0.069,5.0,1,1554707663125,616086,69
2019-04-08 07:16:53.320,5.0,sell,180.31,ETH-28JUN19-160-P,73.84,0.066,5.0,2,1554707813320,616458,70
2019-04-08 07:17:06.633,5.0,sell,180.46,ETH-28JUN19-160-P,73.9,0.066,5.0,3,1554707826633,616482,71
2019-04-08 07:17:07.983,5.0,sell,180.49,ETH-28JUN19-160-P,18.68,0.001,5.0,2,1554707827983,616484,72
2019-04-08 07:17:09.189,5.0,sell,180.49,ETH-28JUN19-160-P,18.68,0.001,5.0,3,1554707829189,616487,73
2019-04-08 07:24:04.963,10.0,sell,179.95,ETH-28JUN19-160-P,72.49,0.064,10.0,0,1554708244963,617014,74
2019-04-08 07:31:14.910,5.0,sell,180.2,ETH-28JUN19-160-P,72.53,0.063,5.0,2,1554708674910,617993,75
2019-04-08 13:13:37.312,10.0,sell,179.11,ETH-28JUN19-160-P,74.32,0.071,10.0,0,1554729217312,634429,76
2019-04-08 13:31:08.506,10.0,sell,178.99,ETH-28JUN19-160-P,74.54,0.071,10.0,1,1554730268506,635374,77
2019-04-09 04:09:06.703,15.0,buy,178.01,ETH-28JUN19-160-P,81.63,0.083,15.0,0,1554782946703,678038,78
2019-04-09 13:53:27.588,110.0,sell,177.8,ETH-28JUN19-160-P,70.46,0.065,110.0,2,1554818007588,698208,79
2019-04-09 15:22:42.289,50.0,sell,177.53,ETH-28JUN19-160-P,71.63,0.067,50.0,0,1554823362289,702401,80
2019-04-09 15:52:30.935,70.0,sell,176.91,ETH-28JUN19-160-P,73.49,0.071,70.0,0,1554825150935,703400,81
2019-04-09 23:07:45.181,4.0,buy,176.73,ETH-28JUN19-160-P,70.51,0.065,4.0,2,1554851265181,713674,82
2019-04-11 04:37:36.998,100.0,sell,172.16,ETH-28JUN19-160-P,71.95,0.079,100.0,0,1554957456998,799715,83
2019-04-11 04:38:10.901,100.0,sell,172.52,ETH-28JUN19-160-P,71.1,0.077,100.0,2,1554957490901,799786,84
2019-04-11 10:08:42.863,4.0,sell,165.77,ETH-28JUN19-160-P,70.7,0.094,4.0,0,1554977322863,817355,85
2019-04-11 15:57:48.960,80.0,sell,163.82,ETH-28JUN19-160-P,70.15,0.106,80.0,1,1554998268960,833208,87
2019-04-11 15:57:48.960,120.0,sell,163.82,ETH-28JUN19-160-P,70.15,0.106,120.0,0,1554998268960,833207,86
2019-04-11 18:55:59.103,100.0,sell,166.56,ETH-28JUN19-160-P,68.01,0.095,100.0,2,1555008959103,840713,88
2019-04-11 18:55:59.103,20.0,sell,166.56,ETH-28JUN19-160-P,67.43,0.094,20.0,2,1555008959103,840714,89
2019-04-11 18:56:04.518,120.0,sell,166.5,ETH-28JUN19-160-P,67.41,0.094,120.0,3,1555008964518,840735,90
2019-04-12 00:22:06.512,54.0,buy,164.65,ETH-28JUN19-160-P,70.15,0.103,54.0,0,1555028526512,850872,91
2019-04-12 15:23:31.522,29.0,sell,164.48,ETH-28JUN19-160-P,67.62,0.101,29.0,2,1555082611522,886109,92
2019-04-12 15:23:33.591,29.0,sell,164.49,ETH-28JUN19-160-P,67.64,0.101,29.0,3,1555082613591,886110,93
2019-04-12 15:23:34.772,29.0,sell,164.49,ETH-28JUN19-160-P,67.64,0.101,29.0,3,1555082614772,886111,94
2019-04-12 15:23:37.191,29.0,sell,164.5,ETH-28JUN19-160-P,67.66,0.101,29.0,3,1555082617191,886112,95
2019-04-12 16:45:40.287,24.0,sell,165.39,ETH-28JUN19-160-P,69.31,0.101,24.0,3,1555087540287,888487,96
2019-04-12 16:45:40.287,192.0,sell,165.39,ETH-28JUN19-160-P,69.31,0.101,192.0,3,1555087540287,888488,97
2019-04-12 16:46:55.524,101.0,sell,165.34,ETH-28JUN19-160-P,68.71,0.1,101.0,2,1555087615524,888495,98
2019-04-13 11:47:13.812,1.0,buy,162.91,ETH-28JUN19-160-P,70.3,0.113,1.0,0,1555156033812,909745,99
2019-04-13 15:48:52.591,40.0,sell,164.31,ETH-28JUN19-160-P,64.89,0.099,40.0,3,1555170532591,913179,101
2019-04-13 15:48:52.591,60.0,sell,164.31,ETH-28JUN19-160-P,64.89,0.099,60.0,2,1555170532591,913178,100
2019-04-14 00:03:52.745,10.0,sell,163.99,ETH-28JUN19-160-P,64.23,0.097,10.0,2,1555200232745,918272,102
2019-04-14 05:53:36.197,1.0,buy,162.75,ETH-28JUN19-160-P,69.23,0.109,1.0,0,1555221216197,921112,103
2019-04-14 18:37:25.293,10.0,buy,164.54,ETH-28JUN19-160-P,69.59,0.103,10.0,2,1555267045293,929512,104
2019-04-15 18:16:05.342,10.0,sell,160.59,ETH-28JUN19-160-P,72.72,0.12,10.0,0,1555352165342,966580,105
2019-04-15 20:28:31.599,80.0,sell,159.93,ETH-28JUN19-160-P,69.6,0.115,80.0,2,1555360111599,980103,106
2019-04-16 07:50:30.248,4.0,sell,162.49,ETH-28JUN19-160-P,66.43,0.103,4.0,2,1555401030248,1004150,107
2019-04-16 14:42:32.537,19.0,buy,161.54,ETH-28JUN19-160-P,71.86,0.114,19.0,0,1555425752537,1011949,108
2019-04-16 15:40:22.254,5.0,sell,163.84,ETH-28JUN19-160-P,71.86,0.106,5.0,2,1555429222254,1013220,109
2019-04-18 01:24:55.039,2.0,sell,169.17,ETH-28JUN19-160-P,70.02,0.086,2.0,2,1555550695039,1050323,110
2019-04-19 01:27:47.662,60.0,buy,172.75,ETH-28JUN19-160-P,70.22,0.077,60.0,2,1555637267662,1080423,111
2019-04-19 01:30:33.588,60.0,buy,172.63,ETH-28JUN19-160-P,70.55,0.078,60.0,0,1555637433588,1080438,112
2019-04-19 01:30:48.256,60.0,buy,172.64,ETH-28JUN19-160-P,70.52,0.078,60.0,1,1555637448256,1080454,113
2019-04-20 17:35:14.476,6.0,sell,173.74,ETH-28JUN19-160-P,66.03,0.067,6.0,2,1555781714476,1121843,114
2019-04-22 20:45:45.402,10.0,sell,172.53,ETH-28JUN19-160-P,65.18,0.067,10.0,3,1555965945402,1165747,115
2019-04-23 05:33:04.240,40.0,sell,173.87,ETH-28JUN19-160-P,66.38,0.066,40.0,2,1555997584240,1176074,116
2019-04-23 09:32:47.786,110.0,sell,174.77,ETH-28JUN19-160-P,66.45,0.064,110.0,2,1556011967786,1181481,117
2019-04-23 16:28:10.207,40.0,buy,173.34,ETH-28JUN19-160-P,66.48,0.066,40.0,0,1556036890207,1187389,118
2019-04-24 17:55:50.087,100.0,sell,161.95,ETH-28JUN19-160-P,64.01,0.094,100.0,0,1556128550087,1217192,119
2019-04-24 18:38:00.642,120.0,sell,161.71,ETH-28JUN19-160-P,63.85,0.094,120.0,1,1556131080642,1219596,120
2019-04-24 18:38:35.728,120.0,sell,161.91,ETH-28JUN19-160-P,62.49,0.091,120.0,2,1556131115728,1219650,121
2019-04-24 18:55:07.342,60.0,sell,161.71,ETH-28JUN19-160-P,62.3,0.091,60.0,3,1556132107342,1220093,122
2019-04-24 18:55:07.342,60.0,sell,161.71,ETH-28JUN19-160-P,60.47,0.08800000000000001,60.0,2,1556132107342,1220094,123
2019-04-24 18:55:10.965,120.0,sell,161.72,ETH-28JUN19-160-P,61.12,0.08900000000000001,120.0,0,1556132110965,1220097,124
2019-04-24 19:27:36.575,1.0,buy,162.85,ETH-28JUN19-160-P,63.28,0.09,1.0,0,1556134056575,1221218,125
2019-04-25 02:44:41.371,120.0,buy,163.79,ETH-28JUN19-160-P,64.19,0.08800000000000001,120.0,2,1556160281371,1225497,126
2019-04-25 16:22:14.036,60.0,sell,164.87,ETH-28JUN19-160-P,61.25,0.081,60.0,2,1556209334036,1234265,127
2019-04-25 21:20:12.943,5.0,sell,164.88,ETH-28JUN19-160-P,58.68,0.077,5.0,2,1556227212943,1238035,128
2019-04-25 21:50:48.707,5.0,buy,161.78,ETH-28JUN19-160-P,61.59,0.09,5.0,0,1556229048707,1239448,129
2019-04-25 21:52:29.455,5.0,buy,161.87,ETH-28JUN19-160-P,61.6,0.09,5.0,1,1556229149455,1239482,130
2019-04-25 22:34:13.287,5.0,sell,153.31,ETH-28JUN19-160-P,58.56,0.11599999999999999,5.0,0,1556231653287,1256310,131
2019-04-25 22:34:18.114,5.0,sell,153.31,ETH-28JUN19-160-P,58.58,0.11599999999999999,5.0,1,1556231658114,1256317,132
2019-04-26 05:32:29.315,1.0,buy,153.61,ETH-28JUN19-160-P,68.75,0.129,1.0,0,1556256749315,1268844,133
2019-04-26 16:15:05.577,5.0,buy,151.08,ETH-28JUN19-160-P,65.29,0.13,5.0,0,1556295305577,1277574,134
2019-04-29 10:49:54.492,1.0,buy,150.57,ETH-28JUN19-160-P,60.9,0.13,1.0,1,1556534994492,1325081,135
2019-05-03 07:22:34.672,60.0,sell,160.86,ETH-28JUN19-160-P,60.57,0.09,60.0,2,1556868154672,1419830,136
2019-05-03 07:24:32.400,8.0,sell,160.85,ETH-28JUN19-160-P,60.66,0.09,8.0,3,1556868272400,1419848,137
2019-05-06 16:46:19.561,10.0,sell,175.58,ETH-28JUN19-160-P,68.14,0.055,10.0,2,1557161179561,1528836,138
2019-05-07 03:34:40.310,1.0,buy,177.59,ETH-28JUN19-160-P,73.12,0.055999999999999994,1.0,0,1557200080310,1554437,139
2019-05-07 19:11:36.730,60.0,sell,170.29,ETH-28JUN19-160-P,65.83,0.064,60.0,0,1557256296730,1582941,140
2019-05-07 19:11:41.510,60.0,sell,170.22,ETH-28JUN19-160-P,65.0,0.063,60.0,2,1557256301510,1582946,141
2019-05-07 19:11:46.390,60.0,sell,170.21,ETH-28JUN19-160-P,66.49,0.065,60.0,0,1557256306390,1582958,142
2019-05-07 23:52:30.753,67.0,buy,166.98,ETH-28JUN19-160-P,67.93,0.075,67.0,0,1557273150753,1593094,143
2019-05-07 23:52:33.251,38.0,buy,166.67,ETH-28JUN19-160-P,68.58,0.077,38.0,0,1557273153251,1593280,144
2019-05-08 02:48:37.160,1.0,sell,167.72,ETH-28JUN19-160-P,66.21,0.073,1.0,2,1557283717160,1611008,145
2019-05-10 16:39:13.876,5.0,sell,173.29,ETH-28JUN19-160-P,67.31,0.059000000000000004,5.0,2,1557506353876,1697453,146
2019-05-11 06:17:13.398,19.0,sell,176.1,ETH-28JUN19-160-P,68.4,0.055999999999999994,19.0,2,1557555433398,1733730,147
2019-05-11 08:43:31.090,5.0,buy,184.05,ETH-28JUN19-160-P,77.61,0.051,5.0,2,1557564211090,1750420,148
2019-05-11 15:23:51.945,5.0,sell,192.1,ETH-28JUN19-160-P,78.15,0.038,5.0,2,1557588231945,1787191,149
2019-05-11 16:49:43.331,1.0,buy,191.07,ETH-28JUN19-160-P,77.73,0.039,1.0,0,1557593383331,1794207,150
2019-05-11 18:47:23.886,120.0,buy,197.92,ETH-28JUN19-160-P,76.7,0.03,120.0,2,1557600443886,1807897,151
2019-05-11 20:30:42.945,60.0,sell,196.17,ETH-28JUN19-160-P,74.08,0.028999999999999998,60.0,2,1557606642945,1814634,152
2019-05-11 20:30:49.229,60.0,sell,196.13,ETH-28JUN19-160-P,74.03,0.028999999999999998,60.0,3,1557606649229,1814649,153
2019-05-11 20:30:55.140,60.0,sell,196.12,ETH-28JUN19-160-P,74.04,0.028999999999999998,60.0,3,1557606655140,1814660,154
2019-05-11 20:30:58.367,60.0,sell,196.07,ETH-28JUN19-160-P,72.93,0.027999999999999997,60.0,2,1557606658367,1814669,155
2019-05-11 20:31:09.155,60.0,sell,196.1,ETH-28JUN19-160-P,74.05,0.028999999999999998,60.0,0,1557606669155,1814712,156
2019-05-11 20:31:12.736,60.0,sell,196.06,ETH-28JUN19-160-P,74.06,0.028999999999999998,60.0,1,1557606672736,1814715,157
2019-05-11 20:31:18.371,60.0,sell,196.07,ETH-28JUN19-160-P,74.09,0.028999999999999998,60.0,1,1557606678371,1814720,158
2019-05-12 04:15:34.710,100.0,buy,195.07,ETH-28JUN19-160-P,87.36,0.043,100.0,0,1557634534710,1893931,159
2019-05-12 07:12:14.809,160.0,sell,200.85,ETH-28JUN19-160-P,82.04,0.032,160.0,2,1557645134809,1904746,160
2019-05-12 07:12:26.249,160.0,sell,201.16,ETH-28JUN19-160-P,80.18,0.03,160.0,2,1557645146249,1904772,161
2019-05-12 13:43:08.983,30.0,buy,190.84,ETH-28JUN19-160-P,84.75,0.047,30.0,0,1557668588983,1960602,162
2019-05-12 15:18:19.567,20.0,buy,185.06,ETH-28JUN19-160-P,84.87,0.055,20.0,0,1557674299567,1972790,163
2019-05-12 15:57:14.129,20.0,buy,184.65,ETH-28JUN19-160-P,82.22,0.052000000000000005,20.0,2,1557676634129,1975973,164
2019-05-12 15:58:59.745,20.0,buy,185.37,ETH-28JUN19-160-P,83.05,0.052000000000000005,20.0,3,1557676739745,1976200,165
2019-05-12 16:03:33.248,10.0,buy,185.43,ETH-28JUN19-160-P,81.6,0.05,10.0,2,1557677013248,1977129,166
2019-05-12 16:07:17.969,1.0,sell,185.86,ETH-28JUN19-160-P,78.56,0.046,1.0,2,1557677237969,1977376,167
2019-05-12 16:50:03.430,5.0,buy,184.33,ETH-28JUN19-160-P,81.1,0.051,5.0,0,1557679803430,1979952,168
2019-05-12 16:52:18.636,15.0,buy,183.92,ETH-28JUN19-160-P,80.69,0.051,15.0,1,1557679938636,1980040,169
2019-05-12 17:48:56.094,120.0,buy,185.79,ETH-28JUN19-160-P,78.48,0.046,120.0,2,1557683336094,1982550,170
2019-05-13 13:30:36.365,53.0,buy,193.55,ETH-28JUN19-160-P,83.77,0.042,53.0,2,1557754236365,2025441,171
2019-05-13 14:29:45.480,20.0,sell,194.18,ETH-28JUN19-160-P,78.78,0.036000000000000004,20.0,2,1557757785480,2026522,172
2019-05-13 14:36:06.491,60.0,buy,195.08,ETH-28JUN19-160-P,82.33,0.038,60.0,0,1557758166491,2026801,173
2019-05-13 16:48:28.904,2.0,buy,204.66,ETH-28JUN19-160-P,96.26,0.039,2.0,0,1557766108904,2048958,174
2019-05-14 04:51:59.744,250.0,sell,211.24,ETH-28JUN19-160-P,91.39,0.027000000000000003,250.0,2,1557809519744,2094404,175
2019-05-14 09:22:36.692,200.0,sell,208.97,ETH-28JUN19-160-P,86.21,0.024,200.0,2,1557825756692,2118027,176
2019-05-15 01:24:15.429,12.0,buy,222.47,ETH-28JUN19-160-P,88.22,0.017,12.0,2,1557883455429,2187971,177
2019-05-15 07:54:06.073,20.0,buy,226.36,ETH-28JUN19-160-P,104.73,0.025,20.0,0,1557906846073,2216275,178
2019-05-15 09:12:46.883,57.0,buy,230.06,ETH-28JUN19-160-P,95.61,0.017,57.0,2,1557911566883,2221984,179
2019-05-15 09:34:42.531,10.0,sell,233.81,ETH-28JUN19-160-P,95.28,0.015,10.0,2,1557912882531,2223390,180
2019-05-15 10:44:04.056,58.0,buy,235.01,ETH-28JUN19-160-P,95.87,0.015,58.0,3,1557917044056,2228943,181
2019-05-15 10:57:03.963,20.0,sell,233.66,ETH-28JUN19-160-P,74.77,0.006,20.0,2,1557917823963,2229665,182
2019-05-15 11:05:00.870,50.0,buy,234.5,ETH-28JUN19-160-P,95.27,0.015,50.0,0,1557918300870,2229968,183
2019-05-15 16:02:27.083,52.0,buy,241.16,ETH-28JUN19-160-P,92.69,0.011000000000000001,52.0,2,1557936147083,2251195,184
2019-05-15 16:22:12.546,42.0,buy,239.85,ETH-28JUN19-160-P,91.48,0.011000000000000001,42.0,3,1557937332546,2255850,185
2019-05-15 16:28:17.028,1.0,buy,239.28,ETH-28JUN19-160-P,93.0,0.012,1.0,0,1557937697028,2257130,186
2019-05-15 16:32:02.924,1.0,buy,239.71,ETH-28JUN19-160-P,93.41,0.012,1.0,1,1557937922924,2257398,187
2019-05-15 16:32:35.322,1.0,buy,239.64,ETH-28JUN19-160-P,93.36,0.012,1.0,1,1557937955322,2257467,188
2019-05-15 18:42:49.370,2.0,buy,243.24,ETH-28JUN19-160-P,93.68,0.011000000000000001,2.0,2,1557945769370,2267855,189
2019-05-15 22:56:04.011,1.0,buy,245.75,ETH-28JUN19-160-P,93.41,0.01,1.0,2,1557960964011,2289173,190
2019-05-16 06:47:23.097,1.0,sell,267.09,ETH-28JUN19-160-P,93.35,0.005,1.0,2,1557989243097,2368627,191
2019-05-16 10:43:26.374,10.0,buy,248.6,ETH-28JUN19-160-P,97.53,0.01,10.0,0,1558003406374,2407026,192
2019-05-16 13:30:48.559,52.0,buy,250.5,ETH-28JUN19-160-P,91.05,0.006999999999999999,52.0,2,1558013448559,2426739,193
2019-05-17 12:19:36.711,10.0,buy,228.06,ETH-28JUN19-160-P,103.46,0.021,10.0,0,1558095576711,2735656,194
2019-05-17 12:22:40.308,5.0,buy,225.81,ETH-28JUN19-160-P,103.09,0.022000000000000002,5.0,0,1558095760308,2736272,195
2019-05-17 12:23:46.399,10.0,buy,225.9,ETH-28JUN19-160-P,103.06,0.022000000000000002,10.0,1,1558095826399,2736765,196
2019-05-17 12:38:18.628,25.0,sell,229.91,ETH-28JUN19-160-P,92.85,0.013999999999999999,25.0,2,1558096698628,2742032,197
2019-05-17 15:59:40.059,20.0,buy,228.93,ETH-28JUN19-160-P,95.63,0.016,20.0,0,1558108780059,2772059,198
2019-05-18 03:06:44.105,80.0,buy,241.49,ETH-28JUN19-160-P,107.21,0.017,80.0,0,1558148804105,2872805,199
2019-05-18 09:12:37.934,2.0,buy,233.83,ETH-28JUN19-160-P,100.71,0.017,2.0,1,1558170757934,2904095,200
2019-05-19 01:11:43.193,50.0,sell,237.92,ETH-28JUN19-160-P,94.78,0.012,50.0,2,1558228303193,2966955,201
2019-05-19 01:12:19.505,50.0,sell,238.26,ETH-28JUN19-160-P,95.0,0.012,50.0,3,1558228339505,2966969,202
2019-05-19 02:09:10.493,50.0,sell,248.1,ETH-28JUN19-160-P,95.21,0.009000000000000001,50.0,2,1558231750493,2976916,203
2019-05-19 04:20:20.514,3.0,buy,251.81,ETH-28JUN19-160-P,105.32,0.012,3.0,0,1558239620514,2993842,204
2019-05-20 01:15:26.815,65.0,buy,250.77,ETH-28JUN19-160-P,96.72,0.008,65.0,2,1558314926815,3090832,205
2019-05-20 14:36:30.719,80.0,sell,244.28,ETH-28JUN19-160-P,90.17,0.006999999999999999,80.0,2,1558362990719,3144373,206
2019-05-20 18:35:34.395,5.0,sell,245.95,ETH-28JUN19-160-P,102.23,0.011,5.0,0,1558377334395,3157547,207
2019-05-21 19:24:35.835,51.0,buy,256.79,ETH-28JUN19-160-P,92.78,0.005,51.0,2,1558466675835,3240980,208
2019-05-21 19:24:35.859,1.0,buy,256.79,ETH-28JUN19-160-P,92.78,0.005,1.0,3,1558466675859,3240981,209
2019-05-21 21:43:01.733,45.0,sell,261.79,ETH-28JUN19-160-P,92.21,0.004,45.0,2,1558474981733,3251674,210
2019-05-22 15:26:00.989,50.0,sell,257.07,ETH-28JUN19-160-P,90.58,0.004,50.0,3,1558538760989,3302098,211
2019-05-26 19:34:44.584,120.0,sell,257.98,ETH-28JUN19-160-P,97.0,0.004,120.0,3,1558899284584,3581580,212
2019-05-26 19:47:36.939,105.0,sell,258.27,ETH-28JUN19-160-P,98.11,0.004,105.0,3,1558900056939,3587807,213
2019-05-27 10:44:38.129,150.0,sell,267.7,ETH-28JUN19-160-P,111.17,0.005,150.0,0,1558953878129,3666933,214
2019-05-27 10:44:38.129,200.0,sell,267.7,ETH-28JUN19-160-P,106.43,0.004,200.0,2,1558953878129,3666934,215
2019-05-28 09:49:31.875,1.0,sell,270.26,ETH-28JUN19-160-P,104.32,0.003,1.0,2,1559036971875,3747974,216
2019-05-28 10:16:03.764,18.0,sell,269.55,ETH-28JUN19-160-P,104.01,0.003,18.0,3,1559038563764,3748665,217
2019-05-30 21:26:15.074,1.0,sell,243.68,ETH-28JUN19-160-P,107.35,0.009000000000000001,1.0,0,1559251575074,3989075,218
2019-05-30 21:26:16.307,1.0,sell,243.57,ETH-28JUN19-160-P,106.74,0.009000000000000001,1.0,1,1559251576307,3989158,219
2019-05-30 21:26:17.726,1.0,sell,243.51,ETH-28JUN19-160-P,106.67,0.009000000000000001,1.0,1,1559251577726,3989270,220
2019-05-30 21:26:26.288,1.0,sell,242.71,ETH-28JUN19-160-P,105.36,0.009000000000000001,1.0,1,1559251586288,3989796,221
2019-05-30 21:26:27.511,1.0,sell,242.62,ETH-28JUN19-160-P,105.27,0.009000000000000001,1.0,1,1559251587511,3989871,222
2019-05-30 21:26:34.621,1.0,sell,242.26,ETH-28JUN19-160-P,104.32,0.009000000000000001,1.0,1,1559251594621,3990140,223
2019-05-30 21:26:39.128,1.0,sell,241.88,ETH-28JUN19-160-P,109.8,0.011,1.0,0,1559251599128,3990327,224
2019-05-30 21:26:41.917,1.0,sell,241.7,ETH-28JUN19-160-P,104.12,0.009000000000000001,1.0,2,1559251601917,3990437,225
2019-06-06 11:38:47.206,500.0,sell,246.43,ETH-28JUN19-160-P,100.78,0.003,500.0,2,1559821127206,4434855,226
2019-06-09 22:34:04.921,10.0,buy,228.1,ETH-28JUN19-160-P,85.02,0.002,10.0,2,1560119644921,4569157,227
2019-06-11 12:49:57.264,200.0,sell,240.86,ETH-28JUN19-160-P,90.65,0.001,200.0,2,1560257397264,4635858,228
2019-06-13 20:30:06.018,1.0,buy,259.52,ETH-28JUN19-160-P,113.8,0.001,1.0,3,1560457806018,4722798,229
