date_utc,amount,direction,indexPrice,instrument,iv,price,quantity,tickDirection,timeStamp,tradeId,tradeSeq
2019-04-19 16:25:04.517,0.3,buy,5325.27,BTC-3MAY19-5250-C,45.68,0.0425,0.3,1,1555691104517,17956393,1
2019-04-19 17:34:50.567,1.0,buy,5280.57,BTC-3MAY19-5250-C,50.86,0.042,1.0,2,1555695290567,17963189,2
2019-04-19 18:16:32.173,0.1,buy,5276.74,BTC-3MAY19-5250-C,52.04,0.0425,0.1,0,1555697792173,17963523,3
2019-04-19 19:12:30.478,0.1,sell,5286.23,BTC-3MAY19-5250-C,46.35,0.039,0.1,2,1555701150478,17965244,4
2019-04-19 22:26:16.633,0.1,sell,5264.18,BTC-3MAY19-5250-C,46.05,0.0365,0.1,2,1555712776633,17969110,5
2019-04-19 23:27:44.047,0.9,buy,5285.25,BTC-3MAY19-5250-C,53.37,0.044000000000000004,0.9,0,1555716464047,17970016,6
2019-04-21 05:11:47.481,0.2,sell,5319.25,BTC-3MAY19-5250-C,47.23,0.041,0.2,2,1555823507481,17998894,7
2019-04-22 11:40:41.566,0.5,sell,5318.42,BTC-3MAY19-5250-C,46.34,0.0385,0.5,2,1555933241566,18036371,8
2019-04-22 11:40:41.566,0.5,sell,5318.42,BTC-3MAY19-5250-C,46.34,0.0385,0.5,3,1555933241566,18036372,9
2019-04-22 11:44:11.458,1.0,sell,5318.48,BTC-3MAY19-5250-C,46.33,0.0385,1.0,3,1555933451458,18036405,10
2019-04-22 15:16:07.629,2.0,buy,5328.79,BTC-3MAY19-5250-C,47.31,0.04,2.0,0,1555946167629,18039004,11
2019-04-22 15:41:44.624,12.0,buy,5369.33,BTC-3MAY19-5250-C,50.0,0.046,12.0,0,1555947704624,18043643,12
2019-04-22 17:56:20.804,9.1,sell,5361.81,BTC-3MAY19-5250-C,49.91,0.045,9.1,2,1555955780804,18055910,13
2019-04-22 18:01:52.883,3.9,sell,5375.85,BTC-3MAY19-5250-C,49.92,0.0465,3.9,0,1555956112883,18056635,14
2019-04-23 03:02:45.047,0.1,buy,5410.75,BTC-3MAY19-5250-C,50.3,0.05,0.1,0,1555988565047,18074360,15
2019-04-24 11:16:23.387,0.5,sell,5412.53,BTC-3MAY19-5250-C,57.97,0.0525,0.5,0,1556104583387,18172685,16
2019-04-24 14:30:18.272,7.9,buy,5458.25,BTC-3MAY19-5250-C,59.07,0.057999999999999996,7.9,0,1556116218272,18179437,17
2019-04-24 14:40:32.389,6.1000000000000005,buy,5464.84,BTC-3MAY19-5250-C,59.54,0.059000000000000004,6.1000000000000005,0,1556116832389,18179552,18
2019-04-24 19:05:04.694,0.1,sell,5423.32,BTC-3MAY19-5250-C,53.34,0.0505,0.1,2,1556132704694,18194893,19
2019-04-24 20:03:58.402,0.1,buy,5434.99,BTC-3MAY19-5250-C,52.85,0.0515,0.1,0,1556136238402,18196422,20
2019-04-25 00:09:45.663,0.2,buy,5445.65,BTC-3MAY19-5250-C,52.94,0.0525,0.2,0,1556150985663,18200347,21
2019-04-25 10:38:27.384,0.2,sell,5443.56,BTC-3MAY19-5250-C,52.92,0.0515,0.2,2,1556188707384,18217074,22
2019-04-25 10:45:52.226,0.2,sell,5451.47,BTC-3MAY19-5250-C,52.09,0.052000000000000005,0.2,0,1556189152226,18217310,23
2019-04-25 10:46:01.169,0.2,sell,5456.51,BTC-3MAY19-5250-C,52.87,0.053,0.2,0,1556189161169,18217394,24
2019-04-25 10:46:02.460,0.2,sell,5456.5,BTC-3MAY19-5250-C,52.87,0.053,0.2,1,1556189162460,18217397,25
2019-04-25 10:46:05.011,0.2,sell,5456.46,BTC-3MAY19-5250-C,52.88,0.053,0.2,1,1556189165011,18217444,26
2019-04-25 10:46:17.977,0.6,sell,5457.08,BTC-3MAY19-5250-C,52.74,0.053,0.6,1,1556189177977,18217516,27
2019-04-25 10:47:17.190,0.4,sell,5457.05,BTC-3MAY19-5250-C,52.75,0.053,0.4,1,1556189237190,18217649,28
2019-04-25 10:50:08.528,0.4,sell,5456.56,BTC-3MAY19-5250-C,52.87,0.053,0.4,1,1556189408528,18217782,29
2019-04-25 12:02:52.197,0.4,sell,5470.73,BTC-3MAY19-5250-C,51.62,0.054000000000000006,0.4,0,1556193772197,18219806,30
2019-04-25 17:01:07.944,0.2,buy,5480.11,BTC-3MAY19-5250-C,53.06,0.0555,0.2,0,1556211667944,18225321,31
2019-04-25 17:05:56.220,0.2,buy,5487.19,BTC-3MAY19-5250-C,53.34,0.0565,0.2,0,1556211956220,18225947,32
2019-04-25 22:31:57.333,0.2,buy,5121.16,BTC-3MAY19-5250-C,63.88,0.0255,0.2,2,1556231517333,18272762,33
2019-04-25 22:55:01.788,0.5,sell,5126.97,BTC-3MAY19-5250-C,60.45,0.024,0.5,2,1556232901788,18279718,34
2019-04-25 23:23:34.836,1.0,sell,5134.33,BTC-3MAY19-5250-C,59.53,0.024,1.0,3,1556234614836,18284094,35
2019-04-26 02:39:07.551,0.3,buy,5255.73,BTC-3MAY19-5250-C,58.77,0.0335,0.3,0,1556246347551,18300222,36
2019-04-26 03:13:17.643,3.7,buy,5212.3,BTC-3MAY19-5250-C,59.58,0.03,3.7,2,1556248397643,18306804,37
2019-04-26 03:13:56.999,3.8,buy,5214.98,BTC-3MAY19-5250-C,58.27,0.0295,3.8,2,1556248436999,18306829,38
2019-04-26 03:37:41.630,18.0,buy,5210.66,BTC-3MAY19-5250-C,59.01,0.0295,18.0,3,1556249861630,18308267,39
2019-04-26 03:37:41.642,0.5,sell,5210.66,BTC-3MAY19-5250-C,59.01,0.0295,0.5,3,1556249861642,18308268,40
2019-04-26 03:38:18.420,1.5,sell,5205.83,BTC-3MAY19-5250-C,59.76,0.0295,1.5,3,1556249898420,18308287,41
2019-04-26 03:44:33.331,0.1,sell,5200.99,BTC-3MAY19-5250-C,57.83,0.027999999999999997,0.1,2,1556250273331,18308616,42
2019-04-26 03:44:46.206,0.1,sell,5199.86,BTC-3MAY19-5250-C,57.11,0.0275,0.1,2,1556250286206,18308617,43
2019-04-26 04:02:21.431,0.1,buy,5211.48,BTC-3MAY19-5250-C,58.06,0.028999999999999998,0.1,0,1556251341431,18309318,44
2019-04-26 07:55:18.737,6.0,sell,5165.13,BTC-3MAY19-5250-C,58.45,0.025,6.0,2,1556265318737,18318590,45
2019-04-26 08:00:09.931,6.0,sell,5159.54,BTC-3MAY19-5250-C,58.36,0.0245,6.0,2,1556265609931,18318896,46
2019-04-26 08:01:07.947,1.0,buy,5164.77,BTC-3MAY19-5250-C,64.93,0.0285,1.0,0,1556265667947,18318985,47
2019-04-26 08:01:13.304,0.1,buy,5164.26,BTC-3MAY19-5250-C,65.01,0.0285,0.1,1,1556265673304,18318987,48
2019-04-26 08:01:15.358,6.0,sell,5164.26,BTC-3MAY19-5250-C,56.76,0.024,6.0,2,1556265675358,18318989,49
2019-04-26 08:01:26.486,0.1,buy,5164.35,BTC-3MAY19-5250-C,64.08,0.027999999999999997,0.1,0,1556265686486,18318994,50
2019-04-26 08:04:03.019,6.0,sell,5162.13,BTC-3MAY19-5250-C,56.16,0.0235,6.0,2,1556265843019,18319069,51
2019-04-26 08:04:36.375,0.2,buy,5161.64,BTC-3MAY19-5250-C,56.23,0.0235,0.2,3,1556265876375,18319088,52
2019-04-26 08:04:43.614,0.2,buy,5161.7,BTC-3MAY19-5250-C,56.23,0.0235,0.2,3,1556265883614,18319091,53
2019-04-26 08:04:43.800,0.2,buy,5161.7,BTC-3MAY19-5250-C,56.23,0.0235,0.2,3,1556265883800,18319094,54
2019-04-26 08:04:43.862,0.2,buy,5161.7,BTC-3MAY19-5250-C,56.23,0.0235,0.2,3,1556265883862,18319096,55
2019-04-26 08:04:54.844,2.5,buy,5161.85,BTC-3MAY19-5250-C,56.2,0.0235,2.5,3,1556265894844,18319101,56
2019-04-26 08:10:34.943,0.4,buy,5172.81,BTC-3MAY19-5250-C,61.94,0.0275,0.4,0,1556266234943,18319434,57
2019-04-26 08:10:47.918,0.4,buy,5173.41,BTC-3MAY19-5250-C,62.77,0.027999999999999997,0.4,0,1556266247918,18319439,58
2019-04-26 08:13:18.799,2.2,buy,5173.43,BTC-3MAY19-5250-C,62.77,0.027999999999999997,2.2,1,1556266398799,18319504,59
2019-04-26 08:13:31.894,2.0,buy,5172.9,BTC-3MAY19-5250-C,62.85,0.027999999999999997,2.0,1,1556266411894,18319509,60
2019-04-26 08:27:37.234,10.0,buy,5175.62,BTC-3MAY19-5250-C,60.66,0.027000000000000003,10.0,2,1556267257234,18319818,61
2019-04-26 09:45:51.031,0.4,sell,5179.01,BTC-3MAY19-5250-C,59.48,0.0265,0.4,2,1556271951031,18321647,62
2019-04-26 09:45:54.817,0.4,sell,5179.42,BTC-3MAY19-5250-C,59.41,0.0265,0.4,3,1556271954817,18321649,63
2019-04-26 09:51:27.099,0.4,buy,5172.84,BTC-3MAY19-5250-C,61.33,0.027000000000000003,0.4,0,1556272287099,18321934,64
2019-04-26 09:51:27.099,4.6000000000000005,buy,5172.84,BTC-3MAY19-5250-C,62.25,0.0275,4.6000000000000005,0,1556272287099,18321935,65
2019-04-26 10:18:28.906,0.1,sell,5179.45,BTC-3MAY19-5250-C,56.75,0.025,0.1,2,1556273908906,18322883,66
2019-04-26 10:58:44.079,0.1,sell,5160.7,BTC-3MAY19-5250-C,55.01,0.0225,0.1,3,1556276324079,18323493,68
2019-04-26 10:58:44.079,0.1,sell,5160.7,BTC-3MAY19-5250-C,55.01,0.0225,0.1,2,1556276324079,18323492,67
2019-04-26 11:11:40.455,0.8,buy,5152.27,BTC-3MAY19-5250-C,60.91,0.025,0.8,0,1556277100455,18324926,69
2019-04-26 11:11:40.455,0.1,buy,5152.27,BTC-3MAY19-5250-C,60.91,0.025,0.1,1,1556277100455,18324927,70
2019-04-26 11:11:50.129,0.1,buy,5149.76,BTC-3MAY19-5250-C,61.28,0.025,0.1,1,1556277110129,18324929,71
2019-04-26 11:30:27.674,0.5,buy,5157.66,BTC-3MAY19-5250-C,62.04,0.026,0.5,0,1556278227674,18326002,72
2019-04-26 11:30:39.682,0.5,sell,5155.68,BTC-3MAY19-5250-C,49.27,0.019,0.5,2,1556278239682,18326009,73
2019-04-26 12:55:22.019,0.1,sell,5173.1,BTC-3MAY19-5250-C,56.3,0.024,0.1,0,1556283322019,18328824,74
2019-04-26 13:02:40.217,0.4,sell,5171.7,BTC-3MAY19-5250-C,57.46,0.0245,0.4,0,1556283760217,18329189,75
2019-04-26 13:02:42.920,0.4,sell,5171.43,BTC-3MAY19-5250-C,57.5,0.0245,0.4,1,1556283762920,18329191,76
2019-04-26 13:02:43.197,0.4,sell,5171.43,BTC-3MAY19-5250-C,57.5,0.0245,0.4,1,1556283763197,18329195,77
2019-04-26 13:03:34.246,0.4,buy,5171.81,BTC-3MAY19-5250-C,56.52,0.024,0.4,2,1556283814246,18329210,78
2019-04-26 13:06:04.263,0.4,buy,5175.12,BTC-3MAY19-5250-C,56.96,0.0245,0.4,0,1556283964263,18329244,79
2019-04-26 13:10:10.560,1.0,buy,5177.65,BTC-3MAY19-5250-C,57.52,0.025,1.0,1,1556284210560,18329324,81
2019-04-26 13:10:10.560,0.4,buy,5177.65,BTC-3MAY19-5250-C,57.52,0.025,0.4,0,1556284210560,18329323,80
2019-04-26 13:51:12.883,0.1,buy,5171.23,BTC-3MAY19-5250-C,56.74,0.024,0.1,2,1556286672883,18330064,82
2019-04-26 14:04:55.473,0.2,sell,5161.57,BTC-3MAY19-5250-C,55.4,0.0225,0.2,2,1556287495473,18330403,83
2019-04-26 14:05:25.578,0.5,sell,5161.56,BTC-3MAY19-5250-C,54.46,0.022000000000000002,0.5,2,1556287525578,18330411,84
2019-04-26 15:18:09.690,0.1,buy,5144.62,BTC-3MAY19-5250-C,59.03,0.023,0.1,0,1556291889690,18332621,85
2019-04-26 16:29:38.823,7.2,sell,5049.41,BTC-3MAY19-5250-C,56.27,0.015,7.2,2,1556296178823,18339183,86
2019-04-26 16:29:38.836,2.5,sell,5049.41,BTC-3MAY19-5250-C,56.27,0.015,2.5,3,1556296178836,18339184,87
2019-04-26 16:29:38.841,0.3,sell,5049.41,BTC-3MAY19-5250-C,56.27,0.015,0.3,3,1556296178841,18339185,88
2019-04-26 16:29:45.661,3.7,buy,5055.98,BTC-3MAY19-5250-C,55.45,0.015,3.7,3,1556296185661,18339309,89
2019-04-26 16:29:45.661,1.7,buy,5055.98,BTC-3MAY19-5250-C,55.45,0.015,1.7,3,1556296185661,18339310,90
2019-04-26 16:29:45.661,0.6,buy,5055.98,BTC-3MAY19-5250-C,55.45,0.015,0.6,3,1556296185661,18339311,91
2019-04-26 16:31:12.677,0.4,buy,5068.5,BTC-3MAY19-5250-C,53.88,0.015,0.4,3,1556296272677,18339638,92
2019-04-26 16:31:44.899,0.4,buy,5068.61,BTC-3MAY19-5250-C,53.87,0.015,0.4,3,1556296304899,18339781,93
2019-04-26 16:31:47.071,1.6,buy,5069.06,BTC-3MAY19-5250-C,53.81,0.015,1.6,3,1556296307071,18339792,94
2019-04-26 16:31:47.071,2.1,buy,5069.06,BTC-3MAY19-5250-C,53.81,0.015,2.1,3,1556296307071,18339793,95
2019-04-26 16:31:47.071,2.3000000000000003,buy,5069.06,BTC-3MAY19-5250-C,53.81,0.015,2.3000000000000003,3,1556296307071,18339794,96
2019-04-26 16:31:47.747,0.4,buy,5069.81,BTC-3MAY19-5250-C,53.72,0.015,0.4,3,1556296307747,18339795,97
2019-04-26 16:31:47.895,0.4,buy,5069.81,BTC-3MAY19-5250-C,53.72,0.015,0.4,3,1556296307895,18339799,98
2019-04-26 16:31:48.193,0.4,buy,5069.81,BTC-3MAY19-5250-C,53.72,0.015,0.4,3,1556296308193,18339801,99
2019-04-26 16:32:54.508,0.7000000000000001,buy,5072.33,BTC-3MAY19-5250-C,53.4,0.015,0.7000000000000001,3,1556296374508,18339950,101
2019-04-26 16:32:54.508,2.3000000000000003,buy,5072.33,BTC-3MAY19-5250-C,53.4,0.015,2.3000000000000003,3,1556296374508,18339949,100
2019-04-26 16:33:15.634,0.4,buy,5074.25,BTC-3MAY19-5250-C,53.16,0.015,0.4,3,1556296395634,18340004,102
2019-04-26 16:34:06.748,1.2,buy,5080.03,BTC-3MAY19-5250-C,52.42,0.015,1.2,3,1556296446748,18340075,104
2019-04-26 16:34:06.748,1.8,buy,5080.03,BTC-3MAY19-5250-C,52.42,0.015,1.8,3,1556296446748,18340074,103
2019-04-26 16:34:10.031,0.4,buy,5080.91,BTC-3MAY19-5250-C,52.31,0.015,0.4,3,1556296450031,18340100,105
2019-04-26 16:34:10.904,2.4,buy,5080.91,BTC-3MAY19-5250-C,52.31,0.015,2.4,3,1556296450904,18340105,107
2019-04-26 16:34:10.904,1.0,buy,5080.91,BTC-3MAY19-5250-C,52.31,0.015,1.0,3,1556296450904,18340106,108
2019-04-26 16:34:10.904,0.6,buy,5080.91,BTC-3MAY19-5250-C,52.31,0.015,0.6,3,1556296450904,18340104,106
2019-04-26 16:34:11.010,0.4,buy,5080.91,BTC-3MAY19-5250-C,52.31,0.015,0.4,3,1556296451010,18340107,109
2019-04-26 16:34:12.700,0.4,buy,5080.91,BTC-3MAY19-5250-C,52.31,0.015,0.4,3,1556296452700,18340113,110
2019-04-26 16:34:13.284,1.0,buy,5080.91,BTC-3MAY19-5250-C,52.31,0.015,1.0,3,1556296453284,18340119,111
2019-04-26 16:34:14.787,8.3,buy,5082.1,BTC-3MAY19-5250-C,52.16,0.015,8.3,3,1556296454787,18340123,113
2019-04-26 16:34:14.787,0.6,buy,5082.1,BTC-3MAY19-5250-C,52.16,0.015,0.6,3,1556296454787,18340125,115
2019-04-26 16:34:14.787,1.3,buy,5082.1,BTC-3MAY19-5250-C,52.16,0.015,1.3,3,1556296454787,18340126,116
2019-04-26 16:34:14.787,5.8,buy,5082.1,BTC-3MAY19-5250-C,52.16,0.015,5.8,3,1556296454787,18340122,112
2019-04-26 16:34:14.787,4.0,buy,5082.1,BTC-3MAY19-5250-C,52.16,0.015,4.0,3,1556296454787,18340124,114
2019-04-26 16:34:35.299,2.0,buy,5082.64,BTC-3MAY19-5250-C,52.09,0.015,2.0,3,1556296475299,18340178,118
2019-04-26 16:34:35.299,0.3,buy,5082.64,BTC-3MAY19-5250-C,52.09,0.015,0.3,3,1556296475299,18340177,117
2019-04-26 16:50:21.285,0.1,buy,5091.56,BTC-3MAY19-5250-C,56.99,0.018000000000000002,0.1,0,1556297421285,18341014,119
2019-04-26 17:39:24.768,0.2,sell,5120.32,BTC-3MAY19-5250-C,52.27,0.0175,0.2,2,1556300364768,18342505,120
2019-04-26 18:31:33.551,0.1,sell,5109.73,BTC-3MAY19-5250-C,51.87,0.0165,0.1,2,1556303493551,18343133,121
2019-04-26 18:31:33.551,0.5,sell,5109.73,BTC-3MAY19-5250-C,51.87,0.0165,0.5,3,1556303493551,18343134,122
2019-04-26 18:31:33.650,2.4,buy,5109.73,BTC-3MAY19-5250-C,51.87,0.0165,2.4,3,1556303493650,18343137,123
2019-04-26 18:47:51.672,0.5,buy,5080.47,BTC-3MAY19-5250-C,52.74,0.015,0.5,2,1556304471672,18344043,124
2019-04-26 18:47:51.697,0.5,buy,5080.47,BTC-3MAY19-5250-C,52.74,0.015,0.5,3,1556304471697,18344045,125
2019-04-26 19:07:08.360,0.4,sell,5068.25,BTC-3MAY19-5250-C,52.28,0.013999999999999999,0.4,2,1556305628360,18344778,126
2019-04-26 19:12:27.332,0.4,buy,5078.45,BTC-3MAY19-5250-C,51.0,0.013999999999999999,0.4,3,1556305947332,18345084,127
2019-04-26 19:12:28.453,1.0,buy,5078.94,BTC-3MAY19-5250-C,50.94,0.013999999999999999,1.0,3,1556305948453,18345102,135
2019-04-26 19:12:28.453,1.8,buy,5078.94,BTC-3MAY19-5250-C,50.94,0.013999999999999999,1.8,3,1556305948453,18345098,131
2019-04-26 19:12:28.453,5.2,buy,5078.94,BTC-3MAY19-5250-C,50.94,0.013999999999999999,5.2,3,1556305948453,18345097,130
2019-04-26 19:12:28.453,1.4,buy,5078.94,BTC-3MAY19-5250-C,50.94,0.013999999999999999,1.4,3,1556305948453,18345096,129
2019-04-26 19:12:28.453,4.3,buy,5078.94,BTC-3MAY19-5250-C,50.94,0.013999999999999999,4.3,3,1556305948453,18345099,132
2019-04-26 19:12:28.453,1.6,buy,5078.94,BTC-3MAY19-5250-C,50.94,0.013999999999999999,1.6,3,1556305948453,18345095,128
2019-04-26 19:12:28.453,0.8,buy,5078.94,BTC-3MAY19-5250-C,50.94,0.013999999999999999,0.8,3,1556305948453,18345104,137
2019-04-26 19:12:28.453,2.4,buy,5078.94,BTC-3MAY19-5250-C,50.94,0.013999999999999999,2.4,3,1556305948453,18345101,134
2019-04-26 19:12:28.453,1.2,buy,5078.94,BTC-3MAY19-5250-C,50.94,0.013999999999999999,1.2,3,1556305948453,18345103,136
2019-04-26 19:12:28.453,0.3,buy,5078.94,BTC-3MAY19-5250-C,50.94,0.013999999999999999,0.3,3,1556305948453,18345100,133
2019-04-26 19:12:30.794,0.4,buy,5084.21,BTC-3MAY19-5250-C,50.26,0.013999999999999999,0.4,3,1556305950794,18345111,138
2019-04-26 19:12:31.195,0.4,buy,5084.21,BTC-3MAY19-5250-C,50.26,0.013999999999999999,0.4,3,1556305951195,18345113,139
2019-04-26 19:18:03.233,0.4,buy,5092.58,BTC-3MAY19-5250-C,49.2,0.013999999999999999,0.4,3,1556306283233,18345324,140
2019-04-26 19:18:07.802,0.4,buy,5092.28,BTC-3MAY19-5250-C,49.24,0.013999999999999999,0.4,3,1556306287802,18345345,141
2019-04-26 19:18:09.224,0.4,buy,5092.27,BTC-3MAY19-5250-C,49.24,0.013999999999999999,0.4,3,1556306289224,18345350,142
2019-04-26 19:18:57.878,1.0,buy,5091.42,BTC-3MAY19-5250-C,49.36,0.013999999999999999,1.0,3,1556306337878,18345369,148
2019-04-26 19:18:57.878,5.0,buy,5091.42,BTC-3MAY19-5250-C,49.36,0.013999999999999999,5.0,3,1556306337878,18345367,146
2019-04-26 19:18:57.878,3.5,buy,5091.42,BTC-3MAY19-5250-C,49.36,0.013999999999999999,3.5,3,1556306337878,18345368,147
2019-04-26 19:18:57.878,0.1,buy,5091.42,BTC-3MAY19-5250-C,49.36,0.013999999999999999,0.1,3,1556306337878,18345364,143
2019-04-26 19:18:57.878,1.5,buy,5091.42,BTC-3MAY19-5250-C,49.36,0.013999999999999999,1.5,3,1556306337878,18345365,144
2019-04-26 19:18:57.878,1.3,buy,5091.42,BTC-3MAY19-5250-C,49.36,0.013999999999999999,1.3,3,1556306337878,18345366,145
2019-04-26 20:50:05.422,0.4,sell,5103.29,BTC-3MAY19-5250-C,54.13,0.017,0.4,0,1556311805422,18347487,149
2019-04-26 21:32:58.417,4.0,buy,5109.81,BTC-3MAY19-5250-C,50.35,0.0155,4.0,2,1556314378417,18349104,150
2019-04-26 21:34:04.472,10.0,buy,5114.27,BTC-3MAY19-5250-C,49.75,0.0155,10.0,3,1556314444472,18349187,151
2019-04-26 22:05:56.161,2.4,buy,5146.02,BTC-3MAY19-5250-C,49.4,0.0175,2.4,0,1556316356161,18350498,152
2019-04-26 22:06:21.071,0.4,buy,5159.8,BTC-3MAY19-5250-C,48.39,0.018000000000000002,0.4,0,1556316381071,18350663,153
2019-04-26 22:06:21.913,2.6,buy,5159.8,BTC-3MAY19-5250-C,48.39,0.018000000000000002,2.6,1,1556316381913,18350665,154
2019-04-26 22:08:24.385,0.4,sell,5161.86,BTC-3MAY19-5250-C,51.0,0.0195,0.4,0,1556316504385,18351405,155
2019-04-26 22:08:26.401,0.4,sell,5160.58,BTC-3MAY19-5250-C,51.19,0.0195,0.4,1,1556316506401,18351407,156
2019-04-26 22:08:26.448,0.4,sell,5160.58,BTC-3MAY19-5250-C,51.19,0.0195,0.4,1,1556316506448,18351409,157
2019-04-26 22:08:26.607,0.4,sell,5160.85,BTC-3MAY19-5250-C,51.15,0.0195,0.4,1,1556316506607,18351411,158
2019-04-26 22:14:22.902,2.0,buy,5161.29,BTC-3MAY19-5250-C,52.07,0.02,2.0,0,1556316862902,18351986,159
2019-04-26 23:12:04.618,1.0,sell,5139.15,BTC-3MAY19-5250-C,50.56,0.0175,1.0,2,1556320324618,18353202,160
2019-04-27 05:27:45.137,5.0,buy,5143.48,BTC-3MAY19-5250-C,47.97,0.016,5.0,2,1556342865137,18358774,161
2019-04-27 06:00:20.151,15.0,buy,5153.74,BTC-3MAY19-5250-C,46.56,0.016,15.0,3,1556344820151,18359173,162
2019-04-27 19:19:20.382,0.1,buy,5184.19,BTC-3MAY19-5250-C,46.12,0.017,0.1,0,1556392760382,18369426,163
2019-04-27 19:19:43.282,0.1,buy,5197.76,BTC-3MAY19-5250-C,44.92,0.0175,0.1,0,1556392783282,18369645,164
2019-04-27 19:19:43.952,0.1,buy,5198.46,BTC-3MAY19-5250-C,44.81,0.0175,0.1,1,1556392783952,18369670,165
2019-04-27 20:39:39.882,1.0,buy,5192.59,BTC-3MAY19-5250-C,49.13,0.019,1.0,0,1556397579882,18372395,166
2019-04-27 20:46:04.513,4.0,buy,5193.86,BTC-3MAY19-5250-C,48.93,0.019,4.0,1,1556397964513,18372439,168
2019-04-27 20:46:04.513,1.0,buy,5193.86,BTC-3MAY19-5250-C,48.93,0.019,1.0,1,1556397964513,18372438,167
2019-04-28 02:29:15.286,0.7000000000000001,buy,5159.34,BTC-3MAY19-5250-C,50.41,0.0165,0.7000000000000001,2,1556418555286,18378634,169
2019-04-28 11:39:07.282,0.3,buy,5200.35,BTC-3MAY19-5250-C,50.8,0.019,0.3,0,1556451547282,18384092,170
2019-04-28 11:39:07.282,0.4,buy,5200.35,BTC-3MAY19-5250-C,51.9,0.0195,0.4,0,1556451547282,18384093,171
2019-04-28 11:39:07.282,14.3,buy,5200.35,BTC-3MAY19-5250-C,51.9,0.0195,14.3,1,1556451547282,18384094,172
2019-04-28 11:39:55.330,6.9,buy,5200.35,BTC-3MAY19-5250-C,49.71,0.0185,6.9,2,1556451595330,18384098,173
2019-04-28 11:39:59.043,0.1,sell,5200.35,BTC-3MAY19-5250-C,49.71,0.0185,0.1,3,1556451599043,18384099,174
2019-04-28 11:56:13.080,7.5,buy,5212.16,BTC-3MAY19-5250-C,53.08,0.021,7.5,0,1556452573080,18384494,176
2019-04-28 11:56:13.080,0.5,buy,5212.16,BTC-3MAY19-5250-C,51.99,0.0205,0.5,0,1556452573080,18384493,175
2019-04-28 11:56:34.910,15.0,buy,5211.22,BTC-3MAY19-5250-C,53.26,0.021,15.0,1,1556452594910,18384496,177
2019-04-28 12:43:33.834,5.0,buy,5197.02,BTC-3MAY19-5250-C,53.84,0.02,5.0,3,1556455413834,18385276,179
2019-04-28 12:43:33.834,15.0,buy,5197.02,BTC-3MAY19-5250-C,53.84,0.02,15.0,2,1556455413834,18385275,178
2019-04-28 13:47:55.357,0.2,buy,5181.64,BTC-3MAY19-5250-C,53.52,0.0185,0.2,2,1556459275357,18387177,180
2019-04-28 13:47:55.357,2.3000000000000003,buy,5181.64,BTC-3MAY19-5250-C,53.52,0.0185,2.3000000000000003,3,1556459275357,18387178,181
2019-04-28 13:48:03.621,5.0,buy,5180.53,BTC-3MAY19-5250-C,53.71,0.0185,5.0,3,1556459283621,18387182,182
2019-04-28 13:58:22.721,0.6,buy,5162.13,BTC-3MAY19-5250-C,54.68,0.0175,0.6,2,1556459902721,18388097,183
2019-04-28 13:58:22.721,0.2,buy,5162.13,BTC-3MAY19-5250-C,54.68,0.0175,0.2,3,1556459902721,18388098,184
2019-04-28 13:59:27.156,0.2,sell,5160.98,BTC-3MAY19-5250-C,54.88,0.0175,0.2,3,1556459967156,18388114,185
2019-04-28 14:14:26.271,2.0,buy,5176.39,BTC-3MAY19-5250-C,54.54,0.0185,2.0,0,1556460866271,18388419,186
2019-04-28 15:32:36.296,7.2,buy,5191.0,BTC-3MAY19-5250-C,55.62,0.02,7.2,0,1556465556296,18390353,187
2019-04-28 15:32:44.247,2.8000000000000003,sell,5190.35,BTC-3MAY19-5250-C,55.74,0.02,2.8000000000000003,1,1556465564247,18390354,188
2019-04-28 17:41:16.877,10.0,sell,5180.23,BTC-3MAY19-5250-C,53.57,0.018000000000000002,10.0,2,1556473276877,18392017,189
2019-04-28 17:42:32.478,5.0,sell,5178.69,BTC-3MAY19-5250-C,53.84,0.018000000000000002,5.0,3,1556473352478,18392096,190
2019-04-28 20:10:49.389,1.0,buy,5154.28,BTC-3MAY19-5250-C,52.92,0.0155,1.0,2,1556482249389,18400253,191
2019-04-28 21:01:19.861,0.1,sell,5119.7,BTC-3MAY19-5250-C,56.47,0.0145,0.1,2,1556485279861,18401442,192
2019-04-28 22:14:26.899,0.5,sell,5129.69,BTC-3MAY19-5250-C,56.37,0.015,0.5,0,1556489666899,18403063,193
2019-04-28 22:23:09.224,0.9,buy,5127.49,BTC-3MAY19-5250-C,56.78,0.015,0.9,1,1556490189224,18403300,194
2019-04-29 01:10:03.524,1.0,sell,5169.71,BTC-3MAY19-5250-C,51.46,0.0155,1.0,0,1556500203524,18406455,195
2019-04-29 01:10:21.453,1.0,sell,5168.98,BTC-3MAY19-5250-C,51.59,0.0155,1.0,1,1556500221453,18406456,196
2019-04-29 04:29:44.331,10.0,sell,5180.71,BTC-3MAY19-5250-C,51.51,0.016,10.0,0,1556512184331,18408412,197
2019-04-29 05:07:30.448,0.9,buy,5182.8,BTC-3MAY19-5250-C,53.69,0.017,0.9,0,1556514450448,18409054,198
2019-04-29 05:22:00.605,0.1,sell,5181.06,BTC-3MAY19-5250-C,54.09,0.017,0.1,1,1556515320605,18409185,199
2019-04-29 10:33:33.764,0.2,sell,5126.04,BTC-3MAY19-5250-C,59.33,0.0145,0.2,2,1556534013764,18414342,200
2019-04-29 13:15:12.770,0.2,buy,5121.91,BTC-3MAY19-5250-C,58.28,0.0135,0.2,2,1556543712770,18424370,201
2019-04-29 14:24:52.594,5.9,sell,5153.63,BTC-3MAY19-5250-C,54.29,0.013999999999999999,5.9,1,1556547892594,18427826,204
2019-04-29 14:24:52.594,20.0,sell,5153.63,BTC-3MAY19-5250-C,54.29,0.013999999999999999,20.0,0,1556547892594,18427824,202
2019-04-29 14:24:52.594,0.1,sell,5153.63,BTC-3MAY19-5250-C,54.29,0.013999999999999999,0.1,1,1556547892594,18427825,203
2019-04-29 14:40:12.855,1.0,buy,5160.51,BTC-3MAY19-5250-C,56.96,0.0155,1.0,0,1556548812855,18428228,205
2019-04-29 14:43:08.463,1.0,buy,5158.41,BTC-3MAY19-5250-C,57.38,0.0155,1.0,1,1556548988463,18428252,206
2019-04-29 18:20:32.605,2.5,sell,5143.65,BTC-3MAY19-5250-C,54.69,0.013000000000000001,2.5,2,1556562032605,18434341,207
2019-04-29 21:51:46.625,0.1,buy,5136.74,BTC-3MAY19-5250-C,61.27,0.0145,0.1,0,1556574706625,18438050,208
2019-04-29 22:21:52.242,3.0,sell,5124.61,BTC-3MAY19-5250-C,58.15,0.0125,3.0,2,1556576512242,18438803,209
2019-04-30 00:07:50.430,5.0,buy,5163.29,BTC-3MAY19-5250-C,54.23,0.0135,5.0,0,1556582870430,18444064,210
2019-04-30 05:59:52.403,0.1,buy,5139.15,BTC-3MAY19-5250-C,61.18,0.0135,0.1,1,1556603992403,18449614,211
2019-04-30 06:05:30.479,5.0,sell,5140.2,BTC-3MAY19-5250-C,52.2,0.0105,5.0,2,1556604330479,18449718,212
2019-04-30 10:15:36.452,0.1,buy,5191.02,BTC-3MAY19-5250-C,54.93,0.0145,0.1,0,1556619336452,18456070,213
2019-04-30 11:38:05.436,2.4,buy,5197.04,BTC-3MAY19-5250-C,54.11,0.0145,2.4,1,1556624285436,18459801,214
2019-04-30 14:44:43.134,0.1,buy,5262.01,BTC-3MAY19-5250-C,54.78,0.02,0.1,0,1556635483134,18475604,215
2019-04-30 14:44:59.065,0.5,buy,5262.24,BTC-3MAY19-5250-C,56.17,0.0205,0.5,0,1556635499065,18475609,216
2019-04-30 14:58:16.063,0.5,buy,5261.05,BTC-3MAY19-5250-C,55.14,0.02,0.5,2,1556636296063,18476123,217
2019-04-30 16:03:01.913,0.4,sell,5257.04,BTC-3MAY19-5250-C,49.39,0.0175,0.4,2,1556640181913,18478092,218
2019-04-30 17:46:39.514,1.0,sell,5234.48,BTC-3MAY19-5250-C,51.81,0.016,1.0,2,1556646399514,18480877,219
2019-04-30 17:52:25.873,0.8,sell,5232.41,BTC-3MAY19-5250-C,49.41,0.015,0.8,2,1556646745873,18481216,220
2019-04-30 17:53:45.026,1.0,buy,5232.47,BTC-3MAY19-5250-C,49.4,0.015,1.0,3,1556646825026,18481229,221
2019-04-30 17:55:58.312,6.0,buy,5232.0,BTC-3MAY19-5250-C,49.54,0.015,6.0,3,1556646958312,18481247,222
2019-04-30 18:02:15.857,2.2,buy,5234.73,BTC-3MAY19-5250-C,48.86,0.015,2.2,3,1556647335857,18481365,223
2019-04-30 18:14:34.715,9.0,buy,5238.82,BTC-3MAY19-5250-C,50.84,0.016,9.0,0,1556648074715,18481539,224
2019-04-30 18:24:54.311,10.0,buy,5242.2,BTC-3MAY19-5250-C,52.98,0.017,10.0,0,1556648694311,18481663,225
2019-05-01 05:47:03.073,0.2,sell,5319.36,BTC-3MAY19-5250-C,44.96,0.021,0.2,0,1556689623073,18498714,226
2019-05-01 10:22:37.986,0.1,buy,5299.11,BTC-3MAY19-5250-C,53.83,0.0205,0.1,2,1556706157986,18503791,227
2019-05-01 12:22:20.505,0.1,sell,5296.6,BTC-3MAY19-5250-C,54.22,0.02,0.1,2,1556713340505,18505689,228
2019-05-01 12:34:47.816,4.9,buy,5283.57,BTC-3MAY19-5250-C,53.98,0.0185,4.9,2,1556714087816,18506983,229
2019-05-01 12:41:03.855,4.7,buy,5288.41,BTC-3MAY19-5250-C,53.99,0.019,4.7,0,1556714463855,18507238,230
2019-05-01 13:12:54.781,4.0,sell,5287.81,BTC-3MAY19-5250-C,50.89,0.018000000000000002,4.0,2,1556716374781,18507855,231
2019-05-01 17:51:21.941,0.2,buy,5343.86,BTC-3MAY19-5250-C,53.65,0.0245,0.2,0,1556733081941,18513210,232
2019-05-01 17:51:49.812,0.6,buy,5345.53,BTC-3MAY19-5250-C,52.74,0.0245,0.6,1,1556733109812,18513917,233
2019-05-02 07:02:14.255,15.0,buy,5330.48,BTC-3MAY19-5250-C,53.91,0.0205,15.0,2,1556780534255,18533704,234
2019-05-02 07:02:14.255,0.1,buy,5330.48,BTC-3MAY19-5250-C,53.91,0.0205,0.1,3,1556780534255,18533705,235
2019-05-02 07:02:45.072,15.0,buy,5330.23,BTC-3MAY19-5250-C,56.8,0.021,15.0,0,1556780565072,18533720,236
2019-05-02 07:02:45.719,0.4,sell,5330.23,BTC-3MAY19-5250-C,56.8,0.021,0.4,1,1556780565719,18533721,237
2019-05-02 07:02:45.747,0.4,sell,5330.23,BTC-3MAY19-5250-C,56.8,0.021,0.4,1,1556780565747,18533724,238
2019-05-02 07:03:01.381,15.0,sell,5329.6,BTC-3MAY19-5250-C,57.23,0.021,15.0,1,1556780581381,18533730,239
2019-05-02 07:16:56.566,1.0,buy,5336.02,BTC-3MAY19-5250-C,52.96,0.021,1.0,1,1556781416566,18534180,240
2019-05-02 07:17:33.101,1.0,buy,5344.14,BTC-3MAY19-5250-C,49.56,0.0215,1.0,0,1556781453101,18534591,241
2019-05-02 07:17:47.945,1.0,buy,5348.58,BTC-3MAY19-5250-C,48.87,0.022000000000000002,1.0,0,1556781467945,18534721,242
2019-05-02 07:17:58.354,1.0,buy,5349.82,BTC-3MAY19-5250-C,50.87,0.0225,1.0,0,1556781478354,18535016,243
2019-05-02 07:23:56.829,2.0,sell,5328.16,BTC-3MAY19-5250-C,61.26,0.0215,2.0,2,1556781836829,18536077,244
2019-05-02 08:50:51.419,0.2,buy,5360.1,BTC-3MAY19-5250-C,65.42,0.026000000000000002,0.2,0,1556787051419,18539952,245
2019-05-02 08:50:51.419,3.8,buy,5360.1,BTC-3MAY19-5250-C,65.42,0.026000000000000002,3.8,1,1556787051419,18539953,246
2019-05-02 10:35:21.517,0.5,buy,5360.87,BTC-3MAY19-5250-C,54.31,0.024,0.5,2,1556793321517,18545865,247
2019-05-02 15:04:55.001,0.5,buy,5397.86,BTC-3MAY19-5250-C,50.55,0.0285,0.5,0,1556809495001,18555517,248
2019-05-02 15:11:53.068,2.0,buy,5412.65,BTC-3MAY19-5250-C,0.0,0.03,2.0,0,1556809913068,18556958,249
2019-05-02 15:29:54.518,0.2,buy,5406.67,BTC-3MAY19-5250-C,44.37,0.0295,0.2,2,1556810994518,18558946,250
2019-05-02 15:58:41.617,0.4,buy,5406.33,BTC-3MAY19-5250-C,46.09,0.0295,0.4,3,1556812721617,18559896,251
2019-05-02 16:09:00.008,2.5,buy,5414.6,BTC-3MAY19-5250-C,62.63,0.032,2.5,0,1556813340008,18560377,252
2019-05-02 16:15:49.094,5.0,sell,5404.35,BTC-3MAY19-5250-C,51.74,0.0295,5.0,2,1556813749094,18560612,253
2019-05-02 16:17:28.533,0.4,sell,5399.8,BTC-3MAY19-5250-C,60.69,0.0295,0.4,3,1556813848533,18560713,254
2019-05-02 16:17:47.781,10.7,sell,5391.84,BTC-3MAY19-5250-C,72.26,0.0295,10.7,3,1556813867781,18560796,255
2019-05-02 16:18:07.828,5.0,sell,5394.44,BTC-3MAY19-5250-C,68.83,0.0295,5.0,3,1556813887828,18560960,256
2019-05-02 16:18:51.537,4.5,sell,5393.79,BTC-3MAY19-5250-C,69.75,0.0295,4.5,3,1556813931537,18561067,257
2019-05-02 21:08:26.252,0.2,sell,5400.78,BTC-3MAY19-5250-C,54.39,0.0285,0.2,2,1556831306252,18570773,258
2019-05-02 21:08:26.252,2.8000000000000003,sell,5400.78,BTC-3MAY19-5250-C,54.39,0.0285,2.8000000000000003,3,1556831306252,18570774,259
2019-05-02 21:11:03.679,0.2,sell,5401.72,BTC-3MAY19-5250-C,50.79,0.0285,0.2,3,1556831463679,18570832,260
2019-05-02 21:11:03.679,0.1,sell,5401.72,BTC-3MAY19-5250-C,50.79,0.0285,0.1,3,1556831463679,18570833,261
2019-05-02 21:11:10.323,0.2,buy,5401.27,BTC-3MAY19-5250-C,52.67,0.0285,0.2,3,1556831470323,18570840,262
2019-05-02 21:49:10.739,0.2,sell,5409.75,BTC-3MAY19-5250-C,0.0,0.028999999999999998,0.2,0,1556833750739,18572115,263
2019-05-02 21:51:12.769,0.2,sell,5408.5,BTC-3MAY19-5250-C,0.0,0.027999999999999997,0.2,2,1556833872769,18572144,264
2019-05-02 21:51:12.776,0.9,buy,5408.5,BTC-3MAY19-5250-C,0.0,0.027999999999999997,0.9,3,1556833872776,18572145,265
2019-05-03 00:38:48.157,0.2,buy,5397.76,BTC-3MAY19-5250-C,0.0,0.025,0.2,2,1556843928157,18578353,266
