date_utc,amount,direction,indexPrice,instrument,iv,price,quantity,tickDirection,timeStamp,tradeId,tradeSeq
2019-04-04 18:34:26.350,5.0,sell,4852.53,BTC-27SEP19-4750-P,64.63,0.1625,5.0,1,1554402866350,17324096,1
2019-04-08 08:41:05.182,5.0,sell,5220.43,BTC-27SEP19-4750-P,64.32,0.12,5.0,2,1554712865182,17520619,2
2019-04-08 08:41:30.008,16.0,buy,5227.59,BTC-27SEP19-4750-P,64.54,0.12,16.0,3,1554712890008,17520672,3
2019-04-11 12:10:57.647,5.0,buy,5040.06,BTC-27SEP19-4750-P,63.48,0.139,5.0,0,1554984657647,17697662,4
2019-04-12 10:55:26.720,2.0,sell,5093.41,BTC-27SEP19-4750-P,61.37,0.128,2.0,2,1555066526720,17745709,5
2019-04-15 07:01:29.854,3.0,buy,5159.5,BTC-27SEP19-4750-P,60.15,0.1205,3.0,2,1555311689854,17814833,6
2019-04-16 12:14:52.004,5.0,sell,5075.71,BTC-27SEP19-4750-P,60.07,0.125,5.0,0,1555416892004,17856589,7
2019-04-16 21:53:44.246,0.1,buy,5203.29,BTC-27SEP19-4750-P,61.67,0.1165,0.1,2,1555451624246,17880926,8
2019-04-16 21:54:49.364,0.4,buy,5203.28,BTC-27SEP19-4750-P,61.64,0.1165,0.4,3,1555451689364,17880934,9
2019-04-23 04:23:51.501,1.0,sell,5530.06,BTC-27SEP19-4750-P,60.47,0.086,1.0,2,1555993431501,18083213,10
2019-04-23 15:44:28.972,9.0,sell,5564.74,BTC-27SEP19-4750-P,60.73,0.0845,9.0,2,1556034268972,18114356,11
2019-04-24 17:56:24.189,5.0,sell,5419.89,BTC-27SEP19-4750-P,60.24,0.094,5.0,0,1556128584189,18186367,12
2019-04-24 17:56:24.189,5.0,sell,5419.89,BTC-27SEP19-4750-P,60.24,0.094,5.0,1,1556128584189,18186368,13
2019-04-24 17:56:24.189,14.0,sell,5419.89,BTC-27SEP19-4750-P,60.24,0.094,14.0,1,1556128584189,18186369,14
2019-05-06 11:35:06.038,14.4,sell,5639.27,BTC-27SEP19-4750-P,60.71,0.076,14.4,2,1557142506038,18949241,15
2019-05-06 11:35:06.038,2.6,sell,5639.27,BTC-27SEP19-4750-P,60.71,0.076,2.6,3,1557142506038,18949242,16
2019-05-07 13:04:43.971,11.5,sell,5905.75,BTC-27SEP19-4750-P,66.15,0.07,11.5,2,1557234283971,19041176,17
2019-05-07 13:04:57.431,4.9,buy,5904.64,BTC-27SEP19-4750-P,66.34,0.0705,4.9,0,1557234297431,19041182,18
2019-05-07 13:04:57.732,4.1,sell,5904.85,BTC-27SEP19-4750-P,66.34,0.0705,4.1,1,1557234297732,19041183,19
2019-05-09 07:20:57.337,0.1,buy,6062.5,BTC-27SEP19-4750-P,63.53,0.0605,0.1,2,1557386457337,19226399,20
2019-05-10 20:54:33.555,1.0,buy,6263.8,BTC-27SEP19-4750-P,66.6,0.0575,1.0,2,1557521673555,19405283,21
2019-05-11 06:51:04.937,0.1,buy,6758.3,BTC-27SEP19-4750-P,69.96,0.045,0.1,2,1557557464937,19514523,22
2019-05-12 05:17:56.498,0.1,buy,7231.2,BTC-27SEP19-4750-P,77.27,0.04,0.1,2,1557638276498,19809558,23
2019-05-12 07:59:15.558,0.1,sell,7519.74,BTC-27SEP19-4750-P,89.43,0.05,0.1,0,1557647955558,19841925,24
2019-05-12 14:09:21.273,0.1,sell,7115.16,BTC-27SEP19-4750-P,75.21,0.04,0.1,2,1557670161273,19982813,25
2019-05-12 14:49:18.899,0.1,buy,7015.24,BTC-27SEP19-4750-P,76.0,0.0435,0.1,0,1557672558899,19991167,26
2019-05-12 16:04:08.363,0.1,sell,6908.2,BTC-27SEP19-4750-P,73.86,0.043,0.1,2,1557677048363,20022049,27
2019-05-13 06:58:28.763,0.2,buy,7071.24,BTC-27SEP19-4750-P,77.1,0.043,0.2,3,1557730708763,20139468,28
2019-05-13 13:18:51.819,0.1,buy,7395.21,BTC-27SEP19-4750-P,82.54,0.0425,0.1,2,1557753531819,20182401,29
2019-05-13 16:25:45.275,0.1,sell,7850.14,BTC-27SEP19-4750-P,90.37,0.0415,0.1,2,1557764745275,20260004,30
2019-05-13 16:41:51.899,0.2,sell,7933.9,BTC-27SEP19-4750-P,74.42,0.0225,0.2,2,1557765711899,20264292,31
2019-05-15 17:53:52.257,0.1,buy,8107.32,BTC-27SEP19-4750-P,94.19,0.0395,0.1,0,1557942832257,20747847,32
2019-05-16 11:31:03.145,6.0,sell,7928.76,BTC-27SEP19-4750-P,88.32,0.035,6.0,2,1558006263145,20918712,33
2019-05-16 11:50:06.241,2.0,sell,7902.04,BTC-27SEP19-4750-P,88.37,0.0355,2.0,0,1558007406241,20920683,34
2019-05-16 11:50:06.243,3.0,buy,7902.04,BTC-27SEP19-4750-P,88.37,0.0355,3.0,1,1558007406243,20920684,35
2019-05-16 12:15:08.286,6.0,sell,7895.64,BTC-27SEP19-4750-P,88.17,0.0355,6.0,1,1558008908286,20922716,36
2019-05-16 19:24:14.437,1.0,sell,7853.9,BTC-27SEP19-4750-P,87.43,0.0355,1.0,1,1558034654437,20966920,37
2019-05-17 03:00:29.275,0.2,buy,7395.97,BTC-27SEP19-4750-P,86.29,0.042,0.2,0,1558062029275,21026313,38
2019-05-17 20:44:44.743,5.0,buy,7095.41,BTC-27SEP19-4750-P,95.79,0.0635,5.0,0,1558125884743,21230000,39
2019-05-19 22:31:28.174,4.0,sell,8084.99,BTC-27SEP19-4750-P,88.9,0.0315,4.0,2,1558305088174,21461059,40
2019-05-19 22:32:41.937,21.0,sell,8084.02,BTC-27SEP19-4750-P,88.01,0.0305,21.0,2,1558305161937,21461101,41
2019-05-19 22:51:10.958,15.0,buy,8191.84,BTC-27SEP19-4750-P,88.79,0.0295,15.0,2,1558306270958,21469854,42
2019-05-19 22:51:21.078,10.0,buy,8183.71,BTC-27SEP19-4750-P,89.12,0.03,10.0,0,1558306281078,21469986,43
2019-05-21 00:01:24.989,6.0,sell,8020.44,BTC-27SEP19-4750-P,88.87,0.032,6.0,0,1558396884989,21652854,44
2019-05-21 00:01:24.989,50.0,sell,8020.44,BTC-27SEP19-4750-P,88.87,0.032,50.0,1,1558396884989,21652855,45
2019-05-25 12:18:08.962,0.5,sell,8078.75,BTC-27SEP19-4750-P,89.01,0.029,0.5,2,1558786688962,22054320,46
2019-05-25 16:36:27.798,0.1,buy,8043.56,BTC-27SEP19-4750-P,87.99,0.0285,0.1,3,1558802187798,22063753,48
2019-05-25 16:36:27.798,0.2,buy,8043.56,BTC-27SEP19-4750-P,87.99,0.0285,0.2,2,1558802187798,22063752,47
2019-05-27 16:37:08.685,0.3,sell,8902.2,BTC-27SEP19-4750-P,96.83,0.022,0.3,2,1558975028685,22322069,49
2019-05-28 05:58:45.062,10.0,sell,8744.97,BTC-27SEP19-4750-P,92.11,0.02,10.0,2,1559023125062,22380206,50
2019-06-02 10:31:57.414,10.0,sell,8701.06,BTC-27SEP19-4750-P,88.51,0.018000000000000002,10.0,2,1559471517414,22929089,51
2019-06-02 13:51:34.421,4.9,buy,8706.31,BTC-27SEP19-4750-P,91.15,0.02,4.9,0,1559483494421,22946224,52
2019-06-02 14:32:02.614,24.1,sell,8688.22,BTC-27SEP19-4750-P,90.94,0.02,24.1,1,1559485922614,22948424,53
2019-06-02 14:32:02.614,0.7000000000000001,sell,8688.22,BTC-27SEP19-4750-P,90.94,0.02,0.7000000000000001,1,1559485922614,22948425,54
2019-06-03 16:59:46.104,10.0,sell,8537.96,BTC-27SEP19-4750-P,85.24,0.017,10.0,3,1559581186104,23056164,57
2019-06-03 16:59:46.104,10.0,sell,8537.96,BTC-27SEP19-4750-P,85.24,0.017,10.0,2,1559581186104,23056162,55
2019-06-03 16:59:46.104,10.0,sell,8537.96,BTC-27SEP19-4750-P,85.24,0.017,10.0,3,1559581186104,23056165,58
2019-06-03 16:59:46.104,5.5,sell,8537.96,BTC-27SEP19-4750-P,85.24,0.017,5.5,3,1559581186104,23056166,59
2019-06-03 16:59:46.104,6.0,sell,8537.96,BTC-27SEP19-4750-P,85.24,0.017,6.0,3,1559581186104,23056163,56
2019-06-04 00:05:17.735,4.0,buy,7892.72,BTC-27SEP19-4750-P,85.1,0.025,4.0,0,1559606717735,23120115,60
2019-06-04 00:05:21.521,21.0,buy,7885.04,BTC-27SEP19-4750-P,85.05,0.025,21.0,1,1559606721521,23120318,61
2019-06-04 00:28:02.592,10.0,sell,7969.28,BTC-27SEP19-4750-P,83.14,0.022000000000000002,10.0,2,1559608082592,23138767,62
2019-06-04 00:28:02.592,7.5,sell,7969.28,BTC-27SEP19-4750-P,83.14,0.022000000000000002,7.5,3,1559608082592,23138768,63
2019-06-04 20:06:10.325,1.0,sell,7587.88,BTC-27SEP19-4750-P,84.63,0.0305,1.0,0,1559678770325,23290368,64
2019-06-06 14:38:53.059,6.0,sell,7699.32,BTC-27SEP19-4750-P,81.16,0.025,6.0,2,1559831933059,23476861,65
2019-06-06 14:38:53.062,4.0,buy,7699.32,BTC-27SEP19-4750-P,81.16,0.025,4.0,3,1559831933062,23476862,66
2019-06-06 14:49:48.340,6.0,sell,7638.46,BTC-27SEP19-4750-P,79.64,0.0245,6.0,2,1559832588340,23480583,67
2019-06-06 14:49:48.344,4.0,buy,7638.46,BTC-27SEP19-4750-P,79.64,0.0245,4.0,3,1559832588344,23480584,68
2019-06-06 18:47:08.973,10.0,sell,7556.37,BTC-27SEP19-4750-P,80.27,0.0265,10.0,0,1559846828973,23515035,69
2019-06-08 06:12:44.293,1.0,buy,7959.53,BTC-27SEP19-4750-P,78.22,0.0185,1.0,2,1559974364293,23645589,70
2019-06-08 06:12:44.293,6.0,buy,7959.53,BTC-27SEP19-4750-P,78.22,0.0185,6.0,3,1559974364293,23645590,71
2019-06-09 04:30:55.006,10.0,buy,7873.74,BTC-27SEP19-4750-P,79.14,0.02,10.0,0,1560054655006,23691844,72
2019-06-09 04:32:21.713,10.0,buy,7878.85,BTC-27SEP19-4750-P,79.16,0.02,10.0,1,1560054741713,23691852,73
2019-06-09 21:12:41.793,0.1,sell,7740.18,BTC-27SEP19-4750-P,74.25,0.018000000000000002,0.1,2,1560114761793,23749034,74
2019-06-14 02:34:31.122,4.0,buy,8210.71,BTC-27SEP19-4750-P,78.78,0.0145,4.0,2,1560479671122,24112518,75
2019-06-14 02:34:31.122,1.0,buy,8210.71,BTC-27SEP19-4750-P,78.78,0.0145,1.0,3,1560479671122,24112519,76
2019-06-14 12:58:27.065,10.0,buy,8357.92,BTC-27SEP19-4750-P,74.09,0.01,10.0,2,1560517107065,24134547,77
2019-06-15 05:36:14.386,6.0,buy,8682.82,BTC-27SEP19-4750-P,78.63,0.01,6.0,3,1560576974386,24195962,78
2019-06-16 04:54:29.653,6.0,buy,9059.25,BTC-27SEP19-4750-P,80.6,0.008,6.0,2,1560660869653,24280486,79
2019-06-16 04:54:29.722,4.0,buy,9059.25,BTC-27SEP19-4750-P,80.6,0.008,4.0,3,1560660869722,24280487,80
2019-06-16 07:33:17.343,4.0,buy,9305.78,BTC-27SEP19-4750-P,83.79,0.008,4.0,3,1560670397343,24313040,81
2019-06-16 07:41:59.589,44.0,sell,9299.78,BTC-27SEP19-4750-P,82.65,0.0075,44.0,2,1560670919589,24313833,82
2019-06-16 08:46:23.817,1.0,buy,9048.22,BTC-27SEP19-4750-P,81.38,0.008,1.0,0,1560674783817,24326089,83
2019-06-19 02:15:00.331,0.4,sell,9146.81,BTC-27SEP19-4750-P,85.58,0.009,0.4,0,1560910500331,24714451,84
2019-06-19 02:15:00.331,6.0,sell,9146.81,BTC-27SEP19-4750-P,85.58,0.009,6.0,1,1560910500331,24714452,85
