date_utc,amount,direction,indexPrice,instrument,iv,price,quantity,tickDirection,timeStamp,tradeId,tradeSeq
2019-05-05 11:48:58.475,100.0,buy,161.2,ETH-17MAY19-200-C,90.95,0.008,100.0,1,1557056938475,1486645,1
2019-05-06 15:17:57.519,2.0,sell,166.07,ETH-17MAY19-200-C,83.13,0.006999999999999999,2.0,2,1557155877519,1516138,2
2019-05-06 15:57:13.710,10.0,buy,168.28,ETH-17MAY19-200-C,81.95,0.008,10.0,0,1557158233710,1517957,3
2019-05-06 16:03:09.348,6.0,buy,172.37,ETH-17MAY19-200-C,81.58,0.011,6.0,0,1557158589348,1520587,4
2019-05-06 23:40:26.222,67.0,sell,172.23,ETH-17MAY19-200-C,87.87,0.013,67.0,0,1557186026222,1538532,5
2019-05-07 00:04:51.088,10.0,buy,173.5,ETH-17MAY19-200-C,89.63,0.015,10.0,0,1557187491088,1539296,6
2019-05-07 00:04:53.667,10.0,buy,173.81,ETH-17MAY19-200-C,88.94,0.015,10.0,1,1557187493667,1539310,7
2019-05-07 00:04:55.357,10.0,buy,173.81,ETH-17MAY19-200-C,88.94,0.015,10.0,1,1557187495357,1539326,8
2019-05-07 00:04:57.955,10.0,buy,173.87,ETH-17MAY19-200-C,90.95,0.016,10.0,0,1557187497955,1539332,9
2019-05-07 03:03:08.363,50.0,buy,177.68,ETH-17MAY19-200-C,94.51,0.022,50.0,0,1557198188363,1553397,10
2019-05-07 07:33:58.332,54.0,sell,174.96,ETH-17MAY19-200-C,87.71,0.015,54.0,2,1557214438332,1560034,11
2019-05-07 07:33:58.776,4.0,sell,174.84,ETH-17MAY19-200-C,87.98,0.015,4.0,3,1557214438776,1560047,12
2019-05-07 07:34:23.412,42.0,sell,174.7,ETH-17MAY19-200-C,88.3,0.015,42.0,3,1557214463412,1560053,13
2019-05-07 09:02:39.310,1.0,buy,175.1,ETH-17MAY19-200-C,89.81,0.016,1.0,0,1557219759310,1561662,14
2019-05-07 14:11:58.510,5.0,buy,173.29,ETH-17MAY19-200-C,92.78,0.015,5.0,2,1557238318510,1567857,15
2019-05-07 14:12:13.066,5.0,buy,173.08,ETH-17MAY19-200-C,93.26,0.015,5.0,3,1557238333066,1567871,16
2019-05-07 14:15:28.131,5.0,buy,170.15,ETH-17MAY19-200-C,97.61,0.013999999999999999,5.0,2,1557238528131,1570988,17
2019-05-07 14:15:32.702,5.0,buy,170.18,ETH-17MAY19-200-C,99.89,0.015,5.0,0,1557238532702,1570997,18
2019-05-07 14:16:16.459,5.0,buy,170.59,ETH-17MAY19-200-C,96.62,0.013999999999999999,5.0,2,1557238576459,1571092,19
2019-05-07 14:16:23.844,5.0,buy,170.66,ETH-17MAY19-200-C,96.46,0.013999999999999999,5.0,3,1557238583844,1571135,20
2019-05-07 16:27:46.193,30.0,buy,173.23,ETH-17MAY19-200-C,86.37,0.012,30.0,2,1557246466193,1578515,21
2019-05-08 08:55:28.445,1.0,buy,167.6,ETH-17MAY19-200-C,99.75,0.011000000000000001,1.0,2,1557305728445,1617838,22
2019-05-09 05:52:58.136,6.0,buy,169.57,ETH-17MAY19-200-C,97.42,0.01,6.0,2,1557381178136,1650722,23
2019-05-09 07:10:37.992,50.0,buy,169.63,ETH-17MAY19-200-C,100.53,0.011000000000000001,50.0,0,1557385837992,1652763,24
2019-05-09 07:10:50.735,20.0,buy,169.62,ETH-17MAY19-200-C,100.56,0.011000000000000001,20.0,1,1557385850735,1652764,25
2019-05-09 07:11:05.756,6.0,buy,169.59,ETH-17MAY19-200-C,100.63,0.011000000000000001,6.0,1,1557385865756,1652765,26
2019-05-09 07:34:39.965,82.0,sell,169.23,ETH-17MAY19-200-C,89.01,0.006999999999999999,82.0,2,1557387279965,1653160,27
2019-05-09 13:54:21.497,120.0,sell,168.22,ETH-17MAY19-200-C,89.08,0.006,120.0,2,1557410061497,1660071,28
2019-05-09 15:00:32.420,60.0,sell,167.51,ETH-17MAY19-200-C,94.67,0.006999999999999999,60.0,0,1557414032420,1660722,29
2019-05-10 08:01:12.985,10.0,buy,174.29,ETH-17MAY19-200-C,98.63,0.012,10.0,0,1557475272985,1685911,30
2019-05-10 13:40:37.218,10.0,buy,171.8,ETH-17MAY19-200-C,97.61,0.009000000000000001,10.0,2,1557495637218,1694064,31
2019-05-10 13:52:44.204,10.0,sell,171.49,ETH-17MAY19-200-C,95.07,0.008,10.0,2,1557496364204,1694156,32
2019-05-10 13:52:44.204,10.0,sell,171.49,ETH-17MAY19-200-C,95.07,0.008,10.0,3,1557496364204,1694157,33
2019-05-10 17:08:47.700,1.0,buy,172.87,ETH-17MAY19-200-C,95.94,0.009000000000000001,1.0,0,1557508127700,1699484,34
2019-05-10 17:21:25.085,69.0,sell,172.74,ETH-17MAY19-200-C,89.43,0.006999999999999999,69.0,2,1557508885085,1699707,36
2019-05-10 17:21:25.085,1.0,sell,172.74,ETH-17MAY19-200-C,92.97,0.008,1.0,2,1557508885085,1699706,35
2019-05-10 17:56:22.526,10.0,sell,175.9,ETH-17MAY19-200-C,85.17,0.008,10.0,0,1557510982526,1701317,37
2019-05-10 17:59:02.874,17.0,buy,175.8,ETH-17MAY19-200-C,88.66,0.009000000000000001,17.0,0,1557511142874,1701450,38
2019-05-10 18:24:55.838,2.0,buy,174.82,ETH-17MAY19-200-C,91.31,0.009000000000000001,2.0,1,1557512695838,1702887,39
2019-05-10 18:37:56.529,6.0,sell,174.34,ETH-17MAY19-200-C,85.84,0.006999999999999999,6.0,2,1557513476529,1703114,40
2019-05-11 06:30:35.463,2.0,buy,178.75,ETH-17MAY19-200-C,87.5,0.01,2.0,0,1557556235463,1735045,41
2019-05-11 08:22:57.981,20.0,buy,180.08,ETH-17MAY19-200-C,87.28,0.011000000000000001,20.0,0,1557562977981,1744773,42
2019-05-11 08:24:12.778,20.0,buy,181.94,ETH-17MAY19-200-C,81.95,0.011000000000000001,20.0,1,1557563052778,1745279,43
2019-05-11 10:01:20.358,50.0,buy,187.53,ETH-17MAY19-200-C,82.73,0.018000000000000002,50.0,0,1557568880358,1757072,44
2019-05-11 10:11:49.769,17.0,sell,191.63,ETH-17MAY19-200-C,79.5,0.023,17.0,0,1557569509769,1763153,45
2019-05-11 10:22:08.306,50.0,buy,192.08,ETH-17MAY19-200-C,98.56,0.033,50.0,0,1557570128306,1765111,46
2019-05-11 10:55:17.923,1.0,sell,192.64,ETH-17MAY19-200-C,102.66,0.036000000000000004,1.0,0,1557572117923,1769008,47
2019-05-11 11:12:51.669,50.0,sell,189.73,ETH-17MAY19-200-C,73.4,0.017,50.0,2,1557573171669,1771620,48
2019-05-11 11:42:32.323,100.0,buy,189.17,ETH-17MAY19-200-C,97.43,0.027000000000000003,100.0,0,1557574952323,1773735,49
2019-05-11 14:51:27.772,50.0,sell,189.13,ETH-17MAY19-200-C,89.95,0.023,50.0,2,1557586287772,1784632,50
2019-05-11 15:17:39.173,17.0,buy,190.05,ETH-17MAY19-200-C,95.45,0.027000000000000003,17.0,0,1557587859173,1786118,51
2019-05-11 15:20:23.628,1.0,buy,190.92,ETH-17MAY19-200-C,96.45,0.028999999999999998,1.0,0,1557588023628,1786494,52
2019-05-11 15:22:34.133,1.0,buy,191.48,ETH-17MAY19-200-C,94.32,0.028999999999999998,1.0,1,1557588154133,1786876,53
2019-05-11 16:24:50.000,1.0,sell,190.83,ETH-17MAY19-200-C,86.45,0.024,1.0,2,1557591890000,1793201,54
2019-05-11 16:33:16.955,1.0,buy,190.79,ETH-17MAY19-200-C,90.96,0.026,1.0,0,1557592396955,1793621,55
2019-05-11 17:44:09.674,2.0,buy,195.12,ETH-17MAY19-200-C,101.1,0.039,2.0,0,1557596649674,1798419,56
2019-05-11 18:01:50.915,1.0,buy,198.34,ETH-17MAY19-200-C,103.17,0.047,1.0,0,1557597710915,1803355,57
2019-05-11 18:33:45.723,100.0,buy,196.99,ETH-17MAY19-200-C,101.39,0.043,100.0,2,1557599625723,1807388,58
2019-05-11 19:26:17.298,1.0,sell,195.37,ETH-17MAY19-200-C,102.72,0.04,1.0,2,1557602777298,1809538,59
2019-05-11 20:57:47.143,1.0,buy,197.82,ETH-17MAY19-200-C,98.53,0.043,1.0,0,1557608267143,1815552,60
2019-05-11 20:57:47.143,19.0,buy,197.82,ETH-17MAY19-200-C,98.53,0.043,19.0,1,1557608267143,1815553,61
2019-05-11 21:16:24.167,10.0,sell,196.05,ETH-17MAY19-200-C,100.46,0.04,10.0,2,1557609384167,1816492,62
2019-05-11 22:59:57.931,10.0,sell,200.57,ETH-17MAY19-200-C,96.38,0.048,10.0,0,1557615597931,1833436,63
2019-05-11 23:03:35.040,1.0,buy,202.72,ETH-17MAY19-200-C,93.6,0.052000000000000005,1.0,0,1557615815040,1834285,64
2019-05-11 23:03:43.839,1.0,buy,203.01,ETH-17MAY19-200-C,110.95,0.061,1.0,0,1557615823839,1834382,65
2019-05-11 23:11:09.638,1.0,buy,205.77,ETH-17MAY19-200-C,104.33,0.065,1.0,0,1557616269638,1837363,66
2019-05-11 23:47:23.761,10.0,buy,200.43,ETH-17MAY19-200-C,101.53,0.05,10.0,2,1557618443761,1849177,67
2019-05-12 00:19:08.035,5.0,sell,195.44,ETH-17MAY19-200-C,104.36,0.04,5.0,2,1557620348035,1861923,68
2019-05-12 00:19:08.035,5.0,sell,195.44,ETH-17MAY19-200-C,95.99,0.036000000000000004,5.0,2,1557620348035,1861924,69
2019-05-12 00:24:26.352,10.0,sell,193.93,ETH-17MAY19-200-C,98.29,0.034,10.0,2,1557620666352,1863113,70
2019-05-12 00:25:20.765,9.0,buy,193.75,ETH-17MAY19-200-C,101.18,0.035,9.0,0,1557620720765,1863242,71
2019-05-12 00:45:14.280,20.0,buy,189.7,ETH-17MAY19-200-C,122.23,0.037000000000000005,20.0,0,1557621914280,1872430,72
2019-05-12 00:47:49.864,80.0,buy,190.54,ETH-17MAY19-200-C,123.18,0.039,80.0,0,1557622069864,1873236,73
2019-05-12 05:14:41.154,1.0,buy,195.2,ETH-17MAY19-200-C,118.17,0.045,1.0,0,1557638081154,1898057,74
2019-05-12 06:46:46.913,1.0,sell,197.91,ETH-17MAY19-200-C,97.75,0.040999999999999995,1.0,2,1557643606913,1903157,75
2019-05-12 07:27:45.971,100.0,sell,203.65,ETH-17MAY19-200-C,115.58,0.063,100.0,0,1557646065971,1907314,76
2019-05-12 07:44:15.612,8.0,sell,202.66,ETH-17MAY19-200-C,84.21,0.046,8.0,2,1557647055612,1909158,77
