date_utc,amount,direction,indexPrice,instrument,iv,price,quantity,tickDirection,timeStamp,tradeId,tradeSeq
2019-03-04 04:06:24.154,1.0,buy,3776.81,BTC-28JUN19-7000-P,57.24,0.87,1.0,2,1551672384154,16206034,75
2019-03-08 08:36:03.586,0.4,sell,3868.2,BTC-28JUN19-7000-P,74.12,0.8320000000000001,0.4,2,1552034163586,16378694,76
2019-03-21 01:51:18.757,0.5,buy,4024.83,BTC-28JUN19-7000-P,43.84,0.7515,0.5,2,1553133078757,16747621,77
2019-03-21 01:51:31.404,0.5,buy,4024.85,BTC-28JUN19-7000-P,44.0,0.7515,0.5,3,1553133091404,16747622,78
2019-05-09 04:34:36.483,0.1,sell,6042.96,BTC-28JUN19-7000-P,67.18,0.2115,0.1,2,1557376476483,19220024,79
2019-05-10 03:17:37.371,0.2,sell,6312.59,BTC-28JUN19-7000-P,66.74,0.17600000000000002,0.2,2,1557458257371,19304244,80
2019-05-10 10:36:12.597,0.1,sell,6294.68,BTC-28JUN19-7000-P,70.16,0.1855,0.1,0,1557484572597,19348922,81
2019-05-10 17:30:15.295,0.1,buy,6388.63,BTC-28JUN19-7000-P,63.5,0.163,0.1,2,1557509415295,19385391,82
2019-05-10 18:29:06.124,0.1,sell,6400.48,BTC-28JUN19-7000-P,54.79,0.1505,0.1,2,1557512946124,19389477,83
2019-05-10 18:29:06.126,15.0,buy,6400.48,BTC-28JUN19-7000-P,54.79,0.1505,15.0,3,1557512946126,19389478,84
2019-05-10 18:29:06.873,10.0,buy,6400.48,BTC-28JUN19-7000-P,54.79,0.1505,10.0,3,1557512946873,19389479,85
2019-05-10 18:29:06.877,10.0,buy,6400.48,BTC-28JUN19-7000-P,54.79,0.1505,10.0,3,1557512946877,19389480,86
2019-05-10 18:29:07.965,2.4,buy,6400.48,BTC-28JUN19-7000-P,54.41,0.15,2.4,2,1557512947965,19389481,87
2019-05-11 06:56:59.512,1.0,buy,6824.87,BTC-28JUN19-7000-P,67.66,0.12,1.0,2,1557557819512,19516889,88
2019-05-11 07:02:40.372,1.0,buy,6810.7,BTC-28JUN19-7000-P,68.29,0.122,1.0,0,1557558160372,19518859,89
2019-05-11 10:52:40.286,1.5,buy,6831.64,BTC-28JUN19-7000-P,68.84,0.119,1.5,2,1557571960286,19553512,90
2019-05-11 11:38:42.571,0.1,buy,6827.1,BTC-28JUN19-7000-P,82.32,0.138,0.1,0,1557574722571,19557355,91
2019-05-11 13:19:55.796,1.6,sell,6800.58,BTC-28JUN19-7000-P,75.2,0.129,1.6,2,1557580795796,19567374,92
2019-05-11 15:47:47.047,0.1,buy,6887.27,BTC-28JUN19-7000-P,73.93,0.11900000000000001,0.1,2,1557589667047,19584296,93
2019-05-11 16:53:19.845,1.0,buy,6919.55,BTC-28JUN19-7000-P,76.93,0.11900000000000001,1.0,3,1557593599845,19610180,94
2019-05-11 20:53:47.938,5.7,buy,6973.88,BTC-28JUN19-7000-P,75.95,0.113,5.7,2,1557608027938,19637948,95
2019-05-11 21:07:03.936,1.0,buy,6954.17,BTC-28JUN19-7000-P,74.62,0.113,1.0,3,1557608823936,19638897,96
2019-05-12 03:45:37.893,0.2,buy,7124.98,BTC-28JUN19-7000-P,94.0,0.126,0.2,0,1557632737893,19800454,97
2019-05-12 04:22:49.427,1.0,buy,7207.58,BTC-28JUN19-7000-P,88.33,0.1125,1.0,2,1557634969427,19804894,98
2019-05-12 04:22:49.427,1.0,buy,7207.58,BTC-28JUN19-7000-P,89.05,0.1135,1.0,0,1557634969427,19804895,99
2019-05-12 09:19:12.891,1.0,sell,7457.14,BTC-28JUN19-7000-P,83.67,0.091,1.0,2,1557652752891,19873189,100
2019-05-12 09:25:34.944,9.0,sell,7520.66,BTC-28JUN19-7000-P,86.55,0.091,9.0,3,1557653134944,19875670,101
2019-05-12 09:26:39.873,10.0,sell,7537.11,BTC-28JUN19-7000-P,85.04,0.08800000000000001,10.0,2,1557653199873,19876105,102
2019-05-12 14:38:35.847,0.3,buy,7084.95,BTC-28JUN19-7000-P,79.49,0.109,0.3,0,1557671915847,19986784,103
2019-05-12 16:04:10.245,1.7,buy,6908.04,BTC-28JUN19-7000-P,77.07,0.11800000000000001,1.7,0,1557677050245,20022052,104
2019-05-12 16:20:57.846,1.0,buy,6912.94,BTC-28JUN19-7000-P,75.81,0.11599999999999999,1.0,2,1557678057846,20026594,105
2019-05-13 13:47:41.807,0.5,sell,7417.01,BTC-28JUN19-7000-P,79.41,0.0845,0.5,2,1557755261807,20186425,106
2019-05-13 13:56:29.052,0.5,sell,7402.65,BTC-28JUN19-7000-P,76.37,0.0815,0.5,2,1557755789052,20187773,107
2019-05-13 15:15:00.528,5.0,buy,7847.11,BTC-28JUN19-7000-P,81.72,0.0605,5.0,2,1557760500528,20221317,108
2019-05-13 15:17:22.387,1.0,sell,7871.74,BTC-28JUN19-7000-P,77.7,0.055999999999999994,1.0,2,1557760642387,20225129,109
2019-05-13 15:44:55.907,0.2,sell,7725.4,BTC-28JUN19-7000-P,87.48,0.0765,0.2,0,1557762295907,20243306,110
2019-05-13 16:02:49.863,3.0,buy,7850.5,BTC-28JUN19-7000-P,79.42,0.06,3.0,2,1557763369863,20249053,111
2019-05-13 16:30:22.397,5.7,sell,7892.89,BTC-28JUN19-7000-P,81.75,0.061,5.7,0,1557765022397,20261280,112
2019-05-13 18:58:20.646,1.0,sell,7864.47,BTC-28JUN19-7000-P,91.7,0.07400000000000001,1.0,0,1557773900646,20294819,113
2019-05-13 18:59:21.877,1.0,sell,7864.78,BTC-28JUN19-7000-P,81.79,0.062,1.0,2,1557773961877,20294845,114
2019-05-13 20:56:00.887,0.1,buy,7871.26,BTC-28JUN19-7000-P,91.66,0.0735,0.1,0,1557780960887,20309435,115
2019-05-13 21:48:09.720,0.2,buy,8089.86,BTC-28JUN19-7000-P,95.59,0.068,0.2,2,1557784089720,20328487,116
2019-05-13 23:13:34.440,5.3,buy,7733.07,BTC-28JUN19-7000-P,100.89,0.09,5.3,0,1557789214440,20357885,117
2019-05-13 23:13:34.440,5.0,buy,7733.07,BTC-28JUN19-7000-P,101.28,0.0905,5.0,0,1557789214440,20357886,118
2019-05-13 23:37:53.287,41.8,buy,7805.79,BTC-28JUN19-7000-P,102.44,0.0895,41.8,2,1557790673287,20366893,119
2019-05-14 02:16:50.414,0.1,buy,7980.53,BTC-28JUN19-7000-P,100.14,0.078,0.1,2,1557800210414,20398248,120
2019-05-14 07:15:26.371,0.3,buy,8100.47,BTC-28JUN19-7000-P,96.04,0.066,0.3,2,1557818126371,20444381,121
2019-05-14 12:08:42.293,0.1,sell,8117.01,BTC-28JUN19-7000-P,94.62,0.064,0.1,2,1557835722293,20510068,122
2019-05-14 14:32:09.796,0.4,sell,8090.86,BTC-28JUN19-7000-P,97.59,0.069,0.4,0,1557844329796,20529860,123
2019-05-14 14:39:52.936,0.4,sell,8053.85,BTC-28JUN19-7000-P,100.45,0.07400000000000001,0.4,0,1557844792936,20530953,124
2019-05-14 14:43:55.160,1.0,sell,8006.02,BTC-28JUN19-7000-P,101.16,0.077,1.0,0,1557845035160,20532826,125
2019-05-14 15:47:08.439,1.0,sell,8020.88,BTC-28JUN19-7000-P,97.31,0.07200000000000001,1.0,2,1557848828439,20541443,126
2019-05-15 07:04:15.951,16.0,buy,8031.88,BTC-28JUN19-7000-P,100.8,0.0735,16.0,0,1557903855951,20672547,127
2019-05-15 07:04:15.951,5.0,buy,8031.88,BTC-28JUN19-7000-P,100.8,0.0735,5.0,1,1557903855951,20672548,128
2019-05-15 07:04:15.953,4.0,sell,8031.88,BTC-28JUN19-7000-P,100.8,0.0735,4.0,1,1557903855953,20672549,129
2019-05-15 16:27:54.174,0.1,buy,7995.76,BTC-28JUN19-7000-P,92.29,0.0655,0.1,2,1557937674174,20738831,130
2019-05-15 22:29:03.347,0.8,buy,8201.28,BTC-28JUN19-7000-P,93.1,0.0575,0.8,2,1557959343347,20788467,131
2019-05-15 23:56:44.094,2.0,sell,8205.53,BTC-28JUN19-7000-P,87.35,0.0505,2.0,2,1557964604094,20803800,132
2019-05-15 23:58:43.710,2.0,sell,8207.35,BTC-28JUN19-7000-P,85.72,0.049,2.0,2,1557964723710,20804706,133
2019-05-16 01:51:58.535,0.1,sell,8306.43,BTC-28JUN19-7000-P,86.45,0.0455,0.1,2,1557971518535,20829332,134
2019-05-16 09:53:21.057,10.0,buy,7993.25,BTC-28JUN19-7000-P,98.17,0.07,10.0,0,1558000401057,20894782,135
2019-05-16 14:01:27.153,1.0,buy,7872.96,BTC-28JUN19-7000-P,96.16,0.07200000000000001,1.0,0,1558015287153,20932998,136
2019-05-16 15:04:13.566,0.1,sell,7974.56,BTC-28JUN19-7000-P,96.38,0.068,0.1,2,1558019053566,20941638,137
2019-05-16 16:42:10.587,0.1,buy,7921.07,BTC-28JUN19-7000-P,96.27,0.0705,0.1,0,1558024930587,20953440,138
2019-05-17 05:52:20.951,5.0,sell,7233.98,BTC-28JUN19-7000-P,96.62,0.107,5.0,0,1558072340951,21114931,139
2019-05-17 05:52:20.951,1.0,sell,7233.98,BTC-28JUN19-7000-P,90.83,0.0995,1.0,2,1558072340951,21114933,141
2019-05-17 05:52:20.951,4.0,sell,7233.98,BTC-28JUN19-7000-P,96.62,0.107,4.0,1,1558072340951,21114932,140
2019-05-17 07:34:47.466,0.1,sell,7303.05,BTC-28JUN19-7000-P,94.12,0.1,0.1,0,1558078487466,21127480,142
2019-05-17 07:46:58.247,2.0,buy,7346.1,BTC-28JUN19-7000-P,90.73,0.09300000000000001,2.0,2,1558079218247,21128565,143
2019-05-17 09:31:37.467,0.1,buy,7275.59,BTC-28JUN19-7000-P,104.78,0.11599999999999999,0.1,0,1558085497467,21137553,144
2019-05-17 10:38:17.941,0.1,buy,7161.27,BTC-28JUN19-7000-P,102.77,0.121,0.1,0,1558089497941,21143363,145
2019-05-17 10:38:19.613,0.1,buy,7159.7,BTC-28JUN19-7000-P,104.64,0.1235,0.1,0,1558089499613,21143372,146
2019-05-17 13:12:38.951,2.0,buy,7049.8,BTC-28JUN19-7000-P,102.41,0.126,2.0,0,1558098758951,21175228,147
2019-05-17 14:20:08.237,1.0,sell,7232.12,BTC-28JUN19-7000-P,95.28,0.105,1.0,2,1558102808237,21182447,148
2019-05-17 17:55:08.166,1.0,buy,7008.5,BTC-28JUN19-7000-P,96.08,0.12300000000000001,1.0,0,1558115708166,21210027,149
2019-05-17 19:03:43.982,0.1,sell,7120.02,BTC-28JUN19-7000-P,98.84,0.11800000000000001,0.1,2,1558119823982,21219893,150
2019-05-18 00:16:41.552,2.0,sell,7375.11,BTC-28JUN19-7000-P,95.07,0.0975,2.0,2,1558138601552,21252192,151
2019-05-18 15:22:12.204,0.5,sell,7400.06,BTC-28JUN19-7000-P,102.04,0.106,0.5,0,1558192932204,21304131,152
2019-05-18 18:04:18.031,2.4,buy,7277.95,BTC-28JUN19-7000-P,98.27,0.1095,2.4,0,1558202658031,21311652,153
2019-05-18 18:04:25.244,1.1,buy,7278.84,BTC-28JUN19-7000-P,98.28,0.1095,1.1,1,1558202665244,21311654,154
2019-05-19 01:08:56.580,0.1,buy,7360.05,BTC-28JUN19-7000-P,102.03,0.1075,0.1,2,1558228136580,21327604,155
2019-05-19 04:02:24.180,1.0,sell,7921.2,BTC-28JUN19-7000-P,93.05,0.0665,1.0,2,1558238544180,21366156,156
2019-05-19 09:46:43.110,0.1,sell,7992.12,BTC-28JUN19-7000-P,99.19,0.0695,0.1,0,1558259203110,21388815,157
2019-05-19 10:14:30.215,2.0,buy,8093.52,BTC-28JUN19-7000-P,102.33,0.0685,2.0,2,1558260870215,21394039,158
2019-05-19 12:48:02.076,1.0,buy,7924.53,BTC-28JUN19-7000-P,105.22,0.079,1.0,0,1558270082076,21412467,159
2019-05-19 16:15:49.842,0.1,buy,7934.99,BTC-28JUN19-7000-P,106.24,0.0765,0.1,2,1558282549842,21434447,160
2019-05-19 16:16:52.824,0.1,buy,7937.73,BTC-28JUN19-7000-P,106.33,0.0765,0.1,3,1558282612824,21434509,161
2019-05-19 17:30:05.641,0.1,sell,7986.79,BTC-28JUN19-7000-P,103.69,0.071,0.1,2,1558287005641,21439099,162
2019-05-19 19:28:57.849,0.1,sell,8029.87,BTC-28JUN19-7000-P,94.14,0.059000000000000004,0.1,2,1558294137849,21444868,163
2019-05-19 21:08:16.712,1.0,buy,8034.77,BTC-28JUN19-7000-P,103.11,0.0685,1.0,0,1558300096712,21456300,164
2019-05-19 22:39:57.667,2.0,sell,8209.64,BTC-28JUN19-7000-P,97.51,0.0555,2.0,2,1558305597667,21463481,165
2019-05-19 22:43:55.432,1.0,sell,8181.37,BTC-28JUN19-7000-P,100.04,0.059000000000000004,1.0,0,1558305835432,21466515,166
2019-05-19 23:31:54.790,10.0,buy,8228.49,BTC-28JUN19-7000-P,96.33,0.052000000000000005,10.0,2,1558308714790,21481912,167
2019-05-19 23:44:16.282,5.0,buy,8180.61,BTC-28JUN19-7000-P,95.51,0.053,5.0,0,1558309456282,21483541,168
2019-05-19 23:44:46.255,5.0,buy,8186.6,BTC-28JUN19-7000-P,95.86,0.053,5.0,1,1558309486255,21483906,169
2019-05-20 02:49:44.902,0.1,sell,7940.29,BTC-28JUN19-7000-P,97.63,0.065,0.1,0,1558320584902,21517159,170
2019-05-20 12:47:09.534,3.0,buy,7770.43,BTC-28JUN19-7000-P,96.12,0.071,3.0,0,1558356429534,21570165,171
2019-05-20 12:53:05.783,2.0,buy,7754.72,BTC-28JUN19-7000-P,95.71,0.071,2.0,1,1558356785783,21572209,172
2019-05-20 21:03:40.487,0.1,sell,8096.05,BTC-28JUN19-7000-P,99.43,0.06,0.1,2,1558386220487,21627388,173
2019-05-21 01:03:33.171,0.1,buy,7973.53,BTC-28JUN19-7000-P,100.76,0.067,0.1,0,1558400613171,21657565,174
2019-05-21 03:03:59.932,10.0,sell,7938.26,BTC-28JUN19-7000-P,96.98,0.0645,10.0,2,1558407839932,21664640,175
2019-05-21 07:05:43.597,3.0,sell,7974.82,BTC-28JUN19-7000-P,95.86,0.061,3.0,2,1558422343597,21674846,176
2019-05-22 04:02:41.778,2.0,buy,7921.79,BTC-28JUN19-7000-P,90.68,0.057,2.0,2,1558497761778,21744254,177
2019-05-22 05:23:12.478,1.0,sell,7928.18,BTC-28JUN19-7000-P,94.94,0.061,1.0,0,1558502592478,21748319,178
2019-05-22 12:12:59.972,3.5,sell,7831.98,BTC-28JUN19-7000-P,91.85,0.061,3.5,1,1558527179972,21769625,179
2019-05-22 19:47:29.140,3.0,sell,7915.65,BTC-28JUN19-7000-P,87.58,0.052000000000000005,3.0,2,1558554449140,21797513,180
2019-05-22 22:05:17.444,1.0,buy,7589.94,BTC-28JUN19-7000-P,89.87,0.07,1.0,0,1558562717444,21830927,181
2019-05-23 04:32:19.493,1.0,buy,7650.32,BTC-28JUN19-7000-P,92.8,0.07,1.0,1,1558585939493,21866901,182
2019-05-24 07:09:48.040,0.1,sell,7902.89,BTC-28JUN19-7000-P,90.15,0.0535,0.1,2,1558681788040,21967250,183
2019-05-26 06:01:31.477,1.0,sell,8001.48,BTC-28JUN19-7000-P,85.71,0.0425,1.0,2,1558850491477,22086816,184
2019-05-26 17:14:00.923,1.2,buy,7991.15,BTC-28JUN19-7000-P,85.01,0.042,1.2,2,1558890840923,22110283,185
2019-05-26 19:41:57.007,1.0,buy,8384.4,BTC-28JUN19-7000-P,89.49,0.031,1.0,2,1558899717007,22146931,186
2019-05-26 19:41:57.007,1.0,buy,8384.4,BTC-28JUN19-7000-P,89.49,0.031,1.0,3,1558899717007,22146932,187
2019-05-26 19:42:08.094,1.0,sell,8383.35,BTC-28JUN19-7000-P,89.47,0.031,1.0,3,1558899728094,22147240,188
2019-05-26 19:42:11.763,1.0,buy,8388.14,BTC-28JUN19-7000-P,90.31,0.0315,1.0,0,1558899731763,22147339,189
2019-05-26 19:42:12.006,1.0,sell,8388.14,BTC-28JUN19-7000-P,90.31,0.0315,1.0,1,1558899732006,22147344,190
2019-05-26 19:42:21.659,1.0,buy,8394.66,BTC-28JUN19-7000-P,91.22,0.032,1.0,0,1558899741659,22147513,191
2019-05-26 19:42:22.260,1.0,sell,8390.81,BTC-28JUN19-7000-P,91.23,0.032,1.0,1,1558899742260,22147528,192
2019-05-26 19:42:35.360,1.0,sell,8412.8,BTC-28JUN19-7000-P,90.64,0.031,1.0,2,1558899755360,22147791,193
2019-05-26 19:43:23.792,5.0,buy,8431.74,BTC-28JUN19-7000-P,93.37,0.0325,5.0,0,1558899803792,22148653,194
2019-05-26 19:43:24.408,3.0,sell,8432.08,BTC-28JUN19-7000-P,93.42,0.0325,3.0,1,1558899804408,22148663,195
2019-05-26 19:43:24.542,1.0,sell,8432.08,BTC-28JUN19-7000-P,93.42,0.0325,1.0,1,1558899804542,22148664,196
2019-05-26 20:01:36.865,10.0,buy,8635.07,BTC-28JUN19-7000-P,98.15,0.0305,10.0,2,1558900896865,22164995,197
2019-05-26 20:01:56.154,10.0,buy,8662.9,BTC-28JUN19-7000-P,98.09,0.0295,10.0,2,1558900916154,22165574,198
2019-05-26 20:03:15.780,3.0,buy,8637.03,BTC-28JUN19-7000-P,97.67,0.03,3.0,1,1558900995780,22166928,200
2019-05-26 20:03:15.780,10.0,buy,8637.03,BTC-28JUN19-7000-P,97.67,0.03,10.0,0,1558900995780,22166927,199
2019-05-26 20:04:03.919,10.0,buy,8654.97,BTC-28JUN19-7000-P,98.22,0.0305,10.0,0,1558901043919,22168157,201
2019-05-26 20:04:19.168,10.0,buy,8653.9,BTC-28JUN19-7000-P,98.22,0.0305,10.0,1,1558901059168,22168378,202
2019-05-26 20:04:23.071,10.0,buy,8655.98,BTC-28JUN19-7000-P,102.22,0.0335,10.0,0,1558901063071,22168433,203
2019-05-26 20:04:23.942,5.0,sell,8655.42,BTC-28JUN19-7000-P,98.26,0.0305,5.0,2,1558901063942,22168453,204
2019-05-26 20:04:52.857,5.0,sell,8664.9,BTC-28JUN19-7000-P,101.66,0.033,5.0,0,1558901092857,22168726,205
2019-05-26 20:05:33.845,4.0,buy,8683.48,BTC-28JUN19-7000-P,104.33,0.0345,4.0,1,1558901133845,22169350,207
2019-05-26 20:05:33.845,16.0,buy,8683.48,BTC-28JUN19-7000-P,104.33,0.0345,16.0,0,1558901133845,22169349,206
2019-05-26 20:06:45.729,4.0,buy,8754.46,BTC-28JUN19-7000-P,108.52,0.035,4.0,1,1558901205729,22172020,209
2019-05-26 20:06:45.729,10.0,buy,8754.46,BTC-28JUN19-7000-P,108.52,0.035,10.0,0,1558901205729,22172019,208
2019-05-26 20:07:16.080,0.1,sell,8770.44,BTC-28JUN19-7000-P,96.59,0.026,0.1,2,1558901236080,22172835,210
2019-05-26 20:07:16.675,0.1,sell,8771.07,BTC-28JUN19-7000-P,96.59,0.026,0.1,3,1558901236675,22172839,211
2019-05-26 20:07:20.001,16.0,buy,8775.39,BTC-28JUN19-7000-P,109.66,0.0355,16.0,0,1558901240001,22172863,212
2019-05-26 20:07:40.628,0.1,sell,8772.02,BTC-28JUN19-7000-P,96.19,0.026,0.1,2,1558901260628,22173569,213
2019-05-26 20:09:03.025,1.8,buy,8747.08,BTC-28JUN19-7000-P,97.94,0.028,1.8,0,1558901343025,22174848,214
2019-05-26 20:09:49.569,0.1,buy,8674.47,BTC-28JUN19-7000-P,98.47,0.03,0.1,0,1558901389569,22175699,215
2019-05-26 20:10:12.719,2.9,sell,8667.07,BTC-28JUN19-7000-P,98.49,0.03,2.9,1,1558901412719,22176124,216
2019-05-26 20:12:57.791,2.0,sell,8602.51,BTC-28JUN19-7000-P,93.97,0.028,2.0,2,1558901577791,22178809,217
2019-05-26 20:13:24.920,5.0,sell,8617.95,BTC-28JUN19-7000-P,92.7,0.0265,5.0,2,1558901604920,22179154,218
2019-05-26 20:13:34.597,1.0,buy,8637.82,BTC-28JUN19-7000-P,107.27,0.037000000000000005,1.0,0,1558901614597,22179334,219
2019-05-26 20:15:05.052,1.0,buy,8687.3,BTC-28JUN19-7000-P,108.27,0.0365,1.0,2,1558901705052,22180626,220
2019-05-26 20:16:29.483,1.0,buy,8681.37,BTC-28JUN19-7000-P,109.85,0.0385,1.0,0,1558901789483,22181314,221
2019-05-26 20:18:35.299,4.0,sell,8657.41,BTC-28JUN19-7000-P,91.53,0.025,4.0,2,1558901915299,22182848,223
2019-05-26 20:18:35.299,9.7,sell,8657.41,BTC-28JUN19-7000-P,92.93,0.026,9.7,2,1558901915299,22182847,222
2019-05-26 20:20:40.696,10.0,sell,8661.12,BTC-28JUN19-7000-P,93.24,0.0265,10.0,0,1558902040696,22183779,224
2019-05-26 20:24:40.784,0.1,sell,8665.37,BTC-28JUN19-7000-P,97.25,0.029,0.1,0,1558902280784,22185096,225
2019-05-26 20:24:41.745,0.1,sell,8665.35,BTC-28JUN19-7000-P,97.23,0.029,0.1,1,1558902281745,22185097,226
2019-05-26 20:24:42.511,0.1,sell,8665.39,BTC-28JUN19-7000-P,97.23,0.029,0.1,1,1558902282511,22185098,227
2019-05-26 20:24:43.431,0.1,sell,8665.39,BTC-28JUN19-7000-P,98.57,0.03,0.1,0,1558902283431,22185099,228
2019-05-26 20:24:46.756,0.1,sell,8665.19,BTC-28JUN19-7000-P,98.55,0.03,0.1,1,1558902286756,22185113,229
2019-05-26 20:24:49.157,0.1,sell,8665.11,BTC-28JUN19-7000-P,98.53,0.03,0.1,1,1558902289157,22185121,230
2019-05-26 20:25:11.468,0.1,sell,8670.03,BTC-28JUN19-7000-P,98.51,0.03,0.1,1,1558902311468,22185210,231
2019-05-26 20:25:18.812,0.1,sell,8669.74,BTC-28JUN19-7000-P,98.45,0.03,0.1,1,1558902318812,22185252,232
2019-05-26 20:26:11.783,1.5,sell,8682.81,BTC-28JUN19-7000-P,98.82,0.03,1.5,1,1558902371783,22185438,233
2019-05-26 20:27:17.756,1.7,sell,8697.71,BTC-28JUN19-7000-P,98.07,0.029,1.7,2,1558902437756,22185681,234
2019-05-26 20:29:06.571,2.0,sell,8747.51,BTC-28JUN19-7000-P,97.86,0.028,2.0,2,1558902546571,22186720,235
2019-05-26 20:31:34.698,2.0,sell,8675.14,BTC-28JUN19-7000-P,94.99,0.028,2.0,3,1558902694698,22188122,237
2019-05-26 20:31:34.698,1.2,sell,8675.14,BTC-28JUN19-7000-P,94.99,0.028,1.2,3,1558902694698,22188121,236
2019-05-26 20:37:43.071,1.0,sell,8600.56,BTC-28JUN19-7000-P,90.93,0.0265,1.0,2,1558903063071,22190062,238
2019-05-26 21:10:46.631,1.0,sell,8638.11,BTC-28JUN19-7000-P,92.22,0.026,1.0,2,1558905046631,22201570,239
2019-05-26 21:20:53.096,2.0,sell,8585.3,BTC-28JUN19-7000-P,89.87,0.0255,2.0,2,1558905653096,22204025,240
2019-05-26 21:22:03.558,2.0,sell,8594.97,BTC-28JUN19-7000-P,89.52,0.025,2.0,2,1558905723558,22204224,241
2019-05-26 21:25:06.789,1.0,sell,8619.68,BTC-28JUN19-7000-P,90.34,0.025,1.0,3,1558905906789,22204882,242
2019-05-26 21:41:28.050,4.0,sell,8646.02,BTC-28JUN19-7000-P,91.55,0.025,4.0,3,1558906888050,22207664,245
2019-05-26 21:41:28.050,3.0,sell,8646.02,BTC-28JUN19-7000-P,91.55,0.025,3.0,3,1558906888050,22207662,243
2019-05-26 21:41:28.050,25.0,sell,8646.02,BTC-28JUN19-7000-P,91.55,0.025,25.0,3,1558906888050,22207663,244
2019-05-26 21:48:11.639,17.5,sell,8624.33,BTC-28JUN19-7000-P,94.56,0.0275,17.5,0,1558907291639,22208901,246
2019-05-26 22:11:26.861,10.0,sell,8674.91,BTC-28JUN19-7000-P,91.89,0.0245,10.0,2,1558908686861,22213574,247
2019-05-26 22:24:42.079,10.0,sell,8692.01,BTC-28JUN19-7000-P,91.39,0.024,10.0,3,1558909482079,22218990,249
2019-05-26 22:24:42.079,10.0,sell,8692.01,BTC-28JUN19-7000-P,91.39,0.024,10.0,3,1558909482079,22218991,250
2019-05-26 22:24:42.079,2.0,sell,8692.01,BTC-28JUN19-7000-P,91.39,0.024,2.0,2,1558909482079,22218989,248
2019-05-27 00:19:18.954,25.0,sell,8857.17,BTC-28JUN19-7000-P,95.63,0.0245,25.0,0,1558916358954,22240859,251
2019-05-27 00:21:08.216,0.1,sell,8912.95,BTC-28JUN19-7000-P,96.8,0.024,0.1,2,1558916468216,22242011,252
2019-05-27 00:33:05.165,0.3,buy,8866.87,BTC-28JUN19-7000-P,95.16,0.024,0.3,3,1558917185165,22247544,253
2019-05-27 01:06:38.534,2.0,sell,8910.53,BTC-28JUN19-7000-P,94.8,0.023,2.0,2,1558919198534,22255658,254
2019-05-27 01:14:00.708,2.0,sell,8908.62,BTC-28JUN19-7000-P,92.92,0.022,2.0,2,1558919640708,22256895,255
2019-05-27 01:14:02.110,1.0,sell,8908.2,BTC-28JUN19-7000-P,93.05,0.022,1.0,3,1558919642110,22256915,256
2019-05-27 01:18:43.157,0.5,buy,8896.32,BTC-28JUN19-7000-P,95.69,0.024,0.5,0,1558919923157,22257700,257
2019-05-27 01:30:05.467,4.0,sell,8828.38,BTC-28JUN19-7000-P,93.88,0.024,4.0,1,1558920605467,22259590,258
2019-05-27 02:23:24.678,20.0,buy,8766.87,BTC-28JUN19-7000-P,99.35,0.029,20.0,0,1558923804678,22265349,259
2019-05-27 02:23:46.269,1.0,buy,8754.55,BTC-28JUN19-7000-P,99.06,0.029,1.0,1,1558923826269,22265394,260
2019-05-27 05:56:49.405,20.0,buy,8735.21,BTC-28JUN19-7000-P,98.9,0.0285,20.0,2,1558936609405,22276959,261
2019-05-27 07:07:01.870,6.0,sell,8778.63,BTC-28JUN19-7000-P,96.08,0.0255,6.0,2,1558940821870,22278785,262
2019-05-27 07:14:00.184,2.0,sell,8790.24,BTC-28JUN19-7000-P,97.96,0.0265,2.0,0,1558941240184,22278956,263
2019-05-27 12:03:26.582,0.3,sell,8795.85,BTC-28JUN19-7000-P,95.32,0.024,0.3,2,1558958606582,22291755,264
2019-05-27 12:42:37.856,20.0,buy,8791.25,BTC-28JUN19-7000-P,100.13,0.028,20.0,0,1558960957856,22297937,265
2019-05-27 12:42:37.856,5.0,buy,8791.25,BTC-28JUN19-7000-P,100.13,0.028,5.0,1,1558960957856,22297938,266
2019-05-27 12:43:38.995,5.0,buy,8787.11,BTC-28JUN19-7000-P,101.42,0.029,5.0,0,1558961018995,22298030,267
2019-05-27 12:43:41.599,13.6,buy,8787.1,BTC-28JUN19-7000-P,101.42,0.029,13.6,1,1558961021599,22298031,268
2019-05-27 12:43:41.599,5.0,buy,8787.1,BTC-28JUN19-7000-P,101.42,0.029,5.0,1,1558961021599,22298032,269
2019-05-27 12:43:41.608,1.4,sell,8787.1,BTC-28JUN19-7000-P,101.42,0.029,1.4,1,1558961021608,22298033,270
2019-05-27 12:44:27.100,16.0,buy,8789.02,BTC-28JUN19-7000-P,102.15,0.0295,16.0,0,1558961067100,22298077,271
2019-05-27 12:44:27.100,5.0,buy,8789.02,BTC-28JUN19-7000-P,102.85,0.03,5.0,0,1558961067100,22298078,272
2019-05-27 12:44:27.306,4.0,sell,8789.31,BTC-28JUN19-7000-P,102.85,0.03,4.0,1,1558961067306,22298079,273
2019-05-27 12:50:17.734,12.5,buy,8787.26,BTC-28JUN19-7000-P,103.65,0.0305,12.5,0,1558961417734,22298665,274
2019-05-27 12:55:06.919,9.0,sell,8798.48,BTC-28JUN19-7000-P,101.14,0.0285,9.0,2,1558961706919,22298869,275
2019-05-27 12:59:41.319,5.0,sell,8822.1,BTC-28JUN19-7000-P,101.36,0.028,5.0,2,1558961981319,22299384,276
2019-05-27 13:01:40.451,0.8,sell,8838.63,BTC-28JUN19-7000-P,101.93,0.028,0.8,3,1558962100451,22299586,277
2019-05-27 13:01:42.444,4.2,sell,8838.69,BTC-28JUN19-7000-P,101.93,0.028,4.2,3,1558962102444,22299601,278
2019-05-27 13:06:09.916,5.0,sell,8841.94,BTC-28JUN19-7000-P,100.66,0.027000000000000003,5.0,2,1558962369916,22300329,279
2019-05-27 13:06:09.916,10.0,sell,8841.94,BTC-28JUN19-7000-P,100.66,0.027000000000000003,10.0,3,1558962369916,22300330,280
2019-05-27 14:19:09.617,2.0,sell,8780.65,BTC-28JUN19-7000-P,98.76,0.027000000000000003,2.0,3,1558966749617,22305629,281
2019-05-27 14:40:18.387,10.0,sell,8813.22,BTC-28JUN19-7000-P,97.13,0.025,10.0,2,1558968018387,22307076,282
2019-05-27 15:14:28.865,1.0,buy,8860.97,BTC-28JUN19-7000-P,102.17,0.0275,1.0,0,1558970068865,22310904,283
2019-05-27 15:14:28.866,1.0,sell,8860.97,BTC-28JUN19-7000-P,102.17,0.0275,1.0,1,1558970068866,22310905,284
2019-05-27 15:43:30.338,2.0,sell,8896.0,BTC-28JUN19-7000-P,101.35,0.026,2.0,2,1558971810338,22315203,285
2019-05-27 15:44:05.088,2.0,sell,8912.81,BTC-28JUN19-7000-P,99.61,0.0245,2.0,2,1558971845088,22315511,286
2019-05-27 15:44:06.559,2.0,sell,8912.9,BTC-28JUN19-7000-P,99.62,0.0245,2.0,3,1558971846559,22315522,287
2019-05-27 15:51:07.555,4.7,sell,8861.89,BTC-28JUN19-7000-P,97.89,0.0245,4.7,2,1558972267555,22316995,289
2019-05-27 15:51:07.555,0.3,sell,8861.89,BTC-28JUN19-7000-P,98.63,0.025,0.3,0,1558972267555,22316994,288
2019-05-27 16:35:16.745,1.3,sell,8913.71,BTC-28JUN19-7000-P,99.53,0.0245,1.3,3,1558974916745,22321691,290
2019-05-27 18:52:06.507,10.0,sell,8783.15,BTC-28JUN19-7000-P,97.3,0.026,10.0,0,1558983126507,22347224,291
2019-05-27 19:57:32.598,10.0,sell,8815.77,BTC-28JUN19-7000-P,96.26,0.0245,10.0,3,1558987052598,22352795,293
2019-05-27 19:57:32.598,12.5,sell,8815.77,BTC-28JUN19-7000-P,96.26,0.0245,12.5,2,1558987052598,22352794,292
2019-05-27 21:13:36.239,5.0,sell,8761.02,BTC-28JUN19-7000-P,94.11,0.024,5.0,2,1558991616239,22357959,294
2019-05-27 23:56:51.676,20.0,sell,8811.77,BTC-28JUN19-7000-P,97.29,0.025,20.0,0,1559001411676,22365781,295
2019-05-28 02:52:59.687,0.5,sell,8789.51,BTC-28JUN19-7000-P,93.85,0.023,0.5,3,1559011979687,22373260,297
2019-05-28 02:52:59.687,2.0,sell,8789.51,BTC-28JUN19-7000-P,93.85,0.023,2.0,2,1559011979687,22373259,296
2019-05-28 05:18:35.169,10.0,sell,8784.97,BTC-28JUN19-7000-P,93.82,0.023,10.0,3,1559020715169,22377200,298
2019-05-28 05:33:01.090,1.0,sell,8772.34,BTC-28JUN19-7000-P,94.94,0.024,1.0,0,1559021581090,22377765,299
2019-05-28 05:33:42.053,1.0,sell,8773.28,BTC-28JUN19-7000-P,95.7,0.0245,1.0,0,1559021622053,22377767,300
2019-05-28 05:40:56.848,1.0,sell,8758.95,BTC-28JUN19-7000-P,95.28,0.0245,1.0,1,1559022056848,22378122,301
2019-05-28 06:09:40.983,1.0,buy,8720.95,BTC-28JUN19-7000-P,95.58,0.0255,1.0,0,1559023780983,22380938,302
2019-05-28 06:11:17.785,1.0,buy,8720.35,BTC-28JUN19-7000-P,95.53,0.0255,1.0,1,1559023877785,22381086,303
2019-05-28 07:05:33.608,0.5,buy,8680.19,BTC-28JUN19-7000-P,94.21,0.0255,0.5,1,1559027133608,22385472,304
2019-05-28 07:31:58.695,0.2,sell,8742.7,BTC-28JUN19-7000-P,96.25,0.0255,0.2,1,1559028718695,22389217,305
2019-05-28 08:57:25.418,1.0,buy,8733.7,BTC-28JUN19-7000-P,98.25,0.027000000000000003,1.0,0,1559033845418,22391911,306
2019-05-28 11:28:28.144,1.0,sell,8725.19,BTC-28JUN19-7000-P,93.9,0.024,1.0,2,1559042908144,22398983,307
2019-05-28 12:43:47.314,1.5,buy,8721.67,BTC-28JUN19-7000-P,96.18,0.026,1.5,0,1559047427314,22403461,308
2019-05-28 13:29:52.514,0.5,buy,8624.77,BTC-28JUN19-7000-P,92.84,0.026,0.5,1,1559050192514,22408225,309
2019-05-28 13:37:36.034,0.5,buy,8646.27,BTC-28JUN19-7000-P,98.35,0.0295,0.5,0,1559050656034,22415399,310
2019-05-28 17:38:39.723,1.0,sell,8798.63,BTC-28JUN19-7000-P,97.13,0.025,1.0,2,1559065119723,22431878,311
2019-05-28 20:00:32.227,3.0,sell,8707.92,BTC-28JUN19-7000-P,93.12,0.024,3.0,2,1559073632227,22445411,312
2019-05-29 01:49:19.799,1.1,buy,8683.64,BTC-28JUN19-7000-P,96.85,0.0275,1.1,0,1559094559799,22456545,313
2019-05-29 05:20:31.889,10.0,buy,8551.32,BTC-28JUN19-7000-P,94.71,0.0295,10.0,0,1559107231889,22472137,314
2019-05-29 07:29:13.227,10.0,sell,8530.93,BTC-28JUN19-7000-P,92.0,0.0285,10.0,2,1559114953227,22486458,315
2019-05-29 09:00:42.892,20.0,sell,8597.05,BTC-28JUN19-7000-P,90.22,0.026,20.0,2,1559120442892,22493297,316
2019-05-29 13:47:58.169,2.0,sell,8721.51,BTC-28JUN19-7000-P,91.22,0.0235,2.0,2,1559137678169,22514518,317
2019-05-29 14:09:42.744,1.0,sell,8740.92,BTC-28JUN19-7000-P,90.78,0.0225,1.0,3,1559138982744,22517702,320
2019-05-29 14:09:42.744,1.0,sell,8740.92,BTC-28JUN19-7000-P,90.78,0.0225,1.0,3,1559138982744,22517701,319
2019-05-29 14:09:42.744,2.0,sell,8740.92,BTC-28JUN19-7000-P,90.78,0.0225,2.0,2,1559138982744,22517700,318
2019-05-29 14:13:58.530,2.0,sell,8722.31,BTC-28JUN19-7000-P,91.02,0.023,2.0,0,1559139238530,22518100,321
2019-05-29 14:29:55.695,2.0,sell,8720.57,BTC-28JUN19-7000-P,91.12,0.023,2.0,1,1559140195695,22519109,322
2019-05-29 14:30:29.136,8.0,sell,8721.89,BTC-28JUN19-7000-P,91.16,0.023,8.0,1,1559140229136,22519131,323
2019-05-29 14:49:28.429,2.0,sell,8707.54,BTC-28JUN19-7000-P,89.78,0.0225,2.0,2,1559141368429,22520551,324
2019-05-29 15:47:07.985,0.2,sell,8700.8,BTC-28JUN19-7000-P,88.91,0.022,0.2,2,1559144827985,22523649,325
2019-05-29 15:53:43.905,4.9,sell,8694.98,BTC-28JUN19-7000-P,90.27,0.023,4.9,1,1559145223905,22523984,327
2019-05-29 15:53:43.905,20.0,sell,8694.98,BTC-28JUN19-7000-P,90.27,0.023,20.0,0,1559145223905,22523983,326
2019-05-29 15:56:49.041,5.0,sell,8693.79,BTC-28JUN19-7000-P,90.33,0.023,5.0,1,1559145409041,22524596,328
2019-05-29 19:48:09.932,1.0,sell,8690.22,BTC-28JUN19-7000-P,88.26,0.022,1.0,2,1559159289932,22535543,329
2019-05-29 20:16:23.482,0.8,sell,8705.17,BTC-28JUN19-7000-P,89.14,0.022,0.8,3,1559160983482,22536689,330
2019-05-29 20:25:58.567,17.5,buy,8675.01,BTC-28JUN19-7000-P,92.48,0.025,17.5,1,1559161558567,22537789,332
2019-05-29 20:25:58.567,25.6,buy,8675.01,BTC-28JUN19-7000-P,92.48,0.025,25.6,1,1559161558567,22537790,333
2019-05-29 20:25:58.567,5.0,buy,8675.01,BTC-28JUN19-7000-P,92.48,0.025,5.0,0,1559161558567,22537788,331
2019-05-29 20:25:58.574,1.9,sell,8675.01,BTC-28JUN19-7000-P,92.48,0.025,1.9,1,1559161558574,22537791,334
2019-05-29 20:26:05.693,5.0,buy,8675.69,BTC-28JUN19-7000-P,92.49,0.025,5.0,1,1559161565693,22537792,335
2019-05-29 20:26:05.811,1.0,sell,8675.69,BTC-28JUN19-7000-P,92.49,0.025,1.0,1,1559161565811,22537793,336
2019-05-29 22:50:20.256,2.5,buy,8677.74,BTC-28JUN19-7000-P,89.22,0.0225,2.5,2,1559170220256,22544771,337
2019-05-29 22:50:28.444,2.5,buy,8676.93,BTC-28JUN19-7000-P,89.25,0.0225,2.5,3,1559170228444,22544773,338
2019-05-30 00:01:04.860,3.8,buy,8660.19,BTC-28JUN19-7000-P,93.41,0.026,3.8,1,1559174464860,22547320,340
2019-05-30 00:01:04.860,25.6,buy,8660.19,BTC-28JUN19-7000-P,93.41,0.026,25.6,0,1559174464860,22547319,339
2019-05-30 00:36:56.202,0.4,buy,8670.64,BTC-28JUN19-7000-P,93.25,0.0255,0.4,2,1559176616202,22550437,341
2019-05-30 00:37:17.121,0.2,sell,8672.36,BTC-28JUN19-7000-P,92.56,0.025,0.2,2,1559176637121,22550438,342
2019-05-30 03:11:30.246,1.0,sell,8628.92,BTC-28JUN19-7000-P,93.0,0.026,1.0,0,1559185890246,22570175,343
2019-05-30 03:12:03.664,19.0,sell,8636.73,BTC-28JUN19-7000-P,93.35,0.026000000000000002,19.0,1,1559185923664,22570345,344
2019-05-30 04:46:43.713,0.2,buy,8691.88,BTC-28JUN19-7000-P,92.75,0.024,0.2,2,1559191603713,22577428,345
2019-05-30 06:56:22.886,10.0,sell,8712.05,BTC-28JUN19-7000-P,90.93,0.022,10.0,2,1559199382886,22586355,346
2019-05-30 09:41:12.596,1.5,sell,8693.31,BTC-28JUN19-7000-P,93.52,0.024,1.5,0,1559209272596,22592202,347
2019-05-30 09:43:25.057,10.0,sell,8701.65,BTC-28JUN19-7000-P,93.79,0.024,10.0,1,1559209405057,22592244,348
2019-05-30 09:43:25.063,8.5,sell,8701.65,BTC-28JUN19-7000-P,93.79,0.024,8.5,1,1559209405063,22592245,349
2019-05-30 10:32:08.630,1.5,buy,8751.04,BTC-28JUN19-7000-P,96.04,0.024,1.5,1,1559212328630,22595396,351
2019-05-30 10:32:08.630,18.5,buy,8751.04,BTC-28JUN19-7000-P,96.04,0.024,18.5,1,1559212328630,22595395,350
2019-05-30 11:36:52.591,2.0,sell,8733.96,BTC-28JUN19-7000-P,91.3,0.0215,2.0,2,1559216212591,22598473,352
2019-05-30 11:37:21.452,2.0,sell,8734.28,BTC-28JUN19-7000-P,90.52,0.021,2.0,2,1559216241452,22598479,353
2019-05-30 13:25:59.355,2.0,sell,8729.12,BTC-28JUN19-7000-P,90.18,0.021,2.0,3,1559222759355,22603216,354
2019-05-30 14:30:50.688,4.0,buy,8717.79,BTC-28JUN19-7000-P,90.34,0.0215,4.0,0,1559226650688,22605299,355
2019-05-30 15:47:00.278,8.0,sell,8851.92,BTC-28JUN19-7000-P,93.87,0.021,8.0,2,1559231220278,22612734,356
2019-05-30 15:47:00.278,2.0,sell,8851.92,BTC-28JUN19-7000-P,93.87,0.021,2.0,3,1559231220278,22612735,357
2019-05-30 15:48:49.127,30.0,sell,8837.64,BTC-28JUN19-7000-P,92.69,0.0205,30.0,2,1559231329127,22614456,358
2019-05-30 15:56:59.375,5.0,sell,8890.86,BTC-28JUN19-7000-P,93.51,0.02,5.0,2,1559231819375,22616453,359
2019-05-30 15:57:11.084,24.0,sell,8898.99,BTC-28JUN19-7000-P,93.8,0.02,24.0,3,1559231831084,22616815,360
2019-05-30 15:57:12.043,11.0,sell,8900.72,BTC-28JUN19-7000-P,93.89,0.02,11.0,3,1559231832043,22616826,361
2019-05-30 15:58:14.431,0.1,sell,8935.58,BTC-28JUN19-7000-P,93.78,0.0195,0.1,2,1559231894431,22618031,362
2019-05-30 16:00:25.056,10.0,sell,8968.28,BTC-28JUN19-7000-P,94.77,0.0195,10.0,3,1559232025056,22619564,363
2019-05-30 16:00:40.563,10.0,sell,8995.53,BTC-28JUN19-7000-P,95.72,0.0195,10.0,3,1559232040563,22620245,364
2019-05-30 16:00:41.920,10.0,sell,8995.53,BTC-28JUN19-7000-P,95.77,0.0195,10.0,3,1559232041920,22620308,365
2019-05-30 16:00:43.631,1.0,sell,9004.35,BTC-28JUN19-7000-P,95.86,0.0195,1.0,3,1559232043631,22620350,366
2019-05-30 16:00:45.564,1.0,sell,9005.79,BTC-28JUN19-7000-P,96.08,0.0195,1.0,3,1559232045564,22620438,367
2019-05-30 16:00:45.867,1.0,sell,9005.79,BTC-28JUN19-7000-P,96.08,0.0195,1.0,3,1559232045867,22620449,368
2019-05-30 16:00:49.858,16.9,sell,9012.18,BTC-28JUN19-7000-P,96.3,0.0195,16.9,3,1559232049858,22620578,369
2019-05-30 17:39:25.421,0.3,buy,8610.74,BTC-28JUN19-7000-P,91.64,0.025,0.3,0,1559237965421,22668445,370
2019-05-30 17:44:06.576,0.7000000000000001,sell,8634.49,BTC-28JUN19-7000-P,92.37,0.025,0.7000000000000001,1,1559238246576,22668786,371
2019-05-30 18:00:17.852,5.2,sell,8615.62,BTC-28JUN19-7000-P,87.75,0.0225,5.2,3,1559239217852,22670512,375
2019-05-30 18:00:17.852,19.3,sell,8615.62,BTC-28JUN19-7000-P,87.75,0.0225,19.3,3,1559239217852,22670511,374
2019-05-30 18:00:17.852,5.0,sell,8615.62,BTC-28JUN19-7000-P,87.75,0.0225,5.0,2,1559239217852,22670509,372
2019-05-30 18:00:17.852,10.0,sell,8615.62,BTC-28JUN19-7000-P,87.75,0.0225,10.0,3,1559239217852,22670510,373
2019-05-30 18:00:18.830,19.3,buy,8615.72,BTC-28JUN19-7000-P,87.75,0.0225,19.3,3,1559239218830,22670514,376
2019-05-30 18:00:18.883,19.3,buy,8615.72,BTC-28JUN19-7000-P,87.75,0.0225,19.3,3,1559239218883,22670515,377
2019-05-30 18:02:35.137,10.0,buy,8602.1,BTC-28JUN19-7000-P,87.54,0.0225,10.0,3,1559239355137,22670770,378
2019-05-30 18:02:46.729,10.1,buy,8598.74,BTC-28JUN19-7000-P,87.41,0.0225,10.1,3,1559239366729,22670842,379
2019-05-30 18:52:26.287,4.0,buy,8642.77,BTC-28JUN19-7000-P,88.78,0.0225,4.0,3,1559242346287,22673480,380
2019-05-30 19:40:34.550,10.6,buy,8579.62,BTC-28JUN19-7000-P,86.77,0.0225,10.6,3,1559245234550,22675539,381
2019-05-30 19:40:34.664,0.4,buy,8579.62,BTC-28JUN19-7000-P,86.77,0.0225,0.4,3,1559245234664,22675550,382
2019-05-30 19:40:34.722,0.4,buy,8579.62,BTC-28JUN19-7000-P,86.77,0.0225,0.4,3,1559245234722,22675556,383
2019-05-30 19:40:35.182,0.5,buy,8577.79,BTC-28JUN19-7000-P,86.7,0.0225,0.5,3,1559245235182,22675586,384
2019-05-30 19:40:35.246,5.0,buy,8577.79,BTC-28JUN19-7000-P,86.7,0.0225,5.0,3,1559245235246,22675593,385
2019-05-30 19:40:35.419,0.1,buy,8577.79,BTC-28JUN19-7000-P,86.64,0.0225,0.1,3,1559245235419,22675603,386
2019-05-30 19:40:37.566,0.1,buy,8578.49,BTC-28JUN19-7000-P,86.63,0.0225,0.1,3,1559245237566,22675659,387
2019-05-30 19:40:38.528,0.2,buy,8578.49,BTC-28JUN19-7000-P,86.61,0.0225,0.2,3,1559245238528,22675692,388
2019-05-30 19:40:39.599,0.1,buy,8578.49,BTC-28JUN19-7000-P,86.61,0.0225,0.1,3,1559245239599,22675699,389
2019-05-30 19:40:40.263,0.1,buy,8572.45,BTC-28JUN19-7000-P,86.58,0.0225,0.1,3,1559245240263,22675701,390
2019-05-30 19:40:42.195,0.1,buy,8571.32,BTC-28JUN19-7000-P,86.39,0.0225,0.1,3,1559245242195,22675710,391
2019-05-30 19:42:02.220,0.2,buy,8585.45,BTC-28JUN19-7000-P,86.9,0.0225,0.2,3,1559245322220,22676457,392
2019-05-30 20:02:19.700,15.0,buy,8582.28,BTC-28JUN19-7000-P,87.03,0.0225,15.0,3,1559246539700,22678252,393
2019-05-30 21:15:44.354,0.1,buy,8385.83,BTC-28JUN19-7000-P,88.59,0.0285,0.1,0,1559250944354,22699955,394
2019-05-30 23:51:05.349,0.1,sell,8282.09,BTC-28JUN19-7000-P,88.63,0.0315,0.1,0,1559260265349,22752142,395
2019-05-31 00:28:30.305,0.3,buy,8310.73,BTC-28JUN19-7000-P,91.45,0.033,0.3,0,1559262510305,22755342,396
2019-05-31 00:37:16.223,2.0,sell,8319.16,BTC-28JUN19-7000-P,86.66,0.029,2.0,2,1559263036223,22755601,397
2019-05-31 02:04:09.639,0.7000000000000001,buy,8306.77,BTC-28JUN19-7000-P,90.83,0.033,0.7000000000000001,0,1559268249639,22760167,398
2019-05-31 04:52:10.756,0.9,buy,8163.22,BTC-28JUN19-7000-P,89.72,0.036000000000000004,0.9,0,1559278330756,22770298,399
2019-05-31 05:56:49.736,0.5,sell,8235.54,BTC-28JUN19-7000-P,92.65,0.036000000000000004,0.5,1,1559282209736,22775568,400
2019-05-31 07:30:26.232,2.0,sell,8261.17,BTC-28JUN19-7000-P,89.52,0.033,2.0,2,1559287826232,22779031,401
2019-05-31 08:12:44.754,2.5,sell,8279.77,BTC-28JUN19-7000-P,90.48,0.033,2.5,3,1559290364754,22783260,402
2019-05-31 08:14:56.504,1.0,sell,8285.97,BTC-28JUN19-7000-P,90.6,0.033,1.0,3,1559290496504,22783340,403
2019-05-31 08:29:28.576,5.0,sell,8298.61,BTC-28JUN19-7000-P,91.23,0.033,5.0,3,1559291368576,22783987,404
2019-05-31 09:10:41.119,2.0,sell,8295.36,BTC-28JUN19-7000-P,90.81,0.033,2.0,3,1559293841119,22786461,405
2019-05-31 09:11:24.568,81.5,sell,8301.65,BTC-28JUN19-7000-P,90.95,0.033,81.5,3,1559293884568,22786515,406
2019-05-31 09:33:39.693,1.2,buy,8301.97,BTC-28JUN19-7000-P,88.62,0.031,1.2,2,1559295219693,22787309,407
2019-05-31 10:51:12.969,1.0,buy,8284.39,BTC-28JUN19-7000-P,89.75,0.032,1.0,0,1559299872969,22790162,408
2019-05-31 14:17:23.789,0.1,sell,8400.34,BTC-28JUN19-7000-P,87.48,0.027000000000000003,0.1,2,1559312243789,22809656,409
2019-05-31 16:05:43.411,10.0,buy,8358.61,BTC-28JUN19-7000-P,89.49,0.0295,10.0,0,1559318743411,22816441,410
2019-05-31 16:07:33.935,5.0,buy,8335.82,BTC-28JUN19-7000-P,89.94,0.0305,5.0,0,1559318853935,22816643,411
2019-05-31 16:07:33.935,10.0,buy,8335.82,BTC-28JUN19-7000-P,89.94,0.0305,10.0,1,1559318853935,22816644,412
2019-05-31 16:07:33.935,5.0,buy,8335.82,BTC-28JUN19-7000-P,89.94,0.0305,5.0,1,1559318853935,22816645,413
2019-05-31 17:21:20.963,6.0,buy,8434.37,BTC-28JUN19-7000-P,91.96,0.029,6.0,3,1559323280963,22825257,415
2019-05-31 17:21:20.963,17.0,buy,8434.37,BTC-28JUN19-7000-P,91.96,0.029,17.0,2,1559323280963,22825256,414
2019-05-31 17:21:20.963,27.0,buy,8434.37,BTC-28JUN19-7000-P,91.96,0.029,27.0,3,1559323280963,22825258,416
2019-05-31 18:33:44.928,10.0,buy,8452.89,BTC-28JUN19-7000-P,92.5,0.0285,10.0,2,1559327624928,22829980,417
2019-05-31 18:54:02.215,19.3,buy,8400.11,BTC-28JUN19-7000-P,92.89,0.03,19.3,0,1559328842215,22832471,418
2019-05-31 18:54:02.215,4.0,buy,8400.11,BTC-28JUN19-7000-P,94.23,0.031,4.0,0,1559328842215,22832472,419
2019-05-31 18:54:02.215,1.0,buy,8400.11,BTC-28JUN19-7000-P,95.57,0.032,1.0,1,1559328842215,22832475,422
2019-05-31 18:54:02.215,64.7,buy,8400.11,BTC-28JUN19-7000-P,96.89,0.033,64.7,0,1559328842215,22832476,423
2019-05-31 18:54:02.215,1.0,buy,8400.11,BTC-28JUN19-7000-P,95.57,0.032,1.0,0,1559328842215,22832474,421
2019-05-31 18:54:02.215,10.0,buy,8400.11,BTC-28JUN19-7000-P,94.23,0.031,10.0,1,1559328842215,22832473,420
2019-05-31 19:39:05.789,4.0,sell,8412.24,BTC-28JUN19-7000-P,89.1,0.027000000000000003,4.0,2,1559331545789,22833784,424
2019-05-31 23:09:13.302,0.1,buy,8540.08,BTC-28JUN19-7000-P,93.12,0.026,0.1,2,1559344153302,22850024,425
2019-06-01 03:17:53.143,0.2,sell,8549.17,BTC-28JUN19-7000-P,89.71,0.023,0.2,2,1559359073143,22861842,426
2019-06-01 03:23:03.253,1.8,sell,8550.31,BTC-28JUN19-7000-P,89.01,0.0225,1.8,2,1559359383253,22861936,427
2019-06-01 09:02:24.371,9.6,sell,8565.83,BTC-28JUN19-7000-P,87.35,0.021,9.6,2,1559379744371,22873386,431
2019-06-01 09:02:24.371,0.1,sell,8565.83,BTC-28JUN19-7000-P,88.9,0.022,0.1,2,1559379744371,22873384,429
2019-06-01 09:02:24.371,0.2,sell,8565.83,BTC-28JUN19-7000-P,89.67,0.0225,0.2,3,1559379744371,22873383,428
2019-06-01 09:02:24.371,0.1,sell,8565.83,BTC-28JUN19-7000-P,88.9,0.022,0.1,3,1559379744371,22873385,430
2019-06-01 09:30:25.553,19.3,sell,8586.75,BTC-28JUN19-7000-P,86.98,0.0205,19.3,3,1559381425553,22876175,433
2019-06-01 09:30:25.553,10.0,sell,8586.75,BTC-28JUN19-7000-P,86.98,0.0205,10.0,2,1559381425553,22876174,432
2019-06-01 09:31:57.177,10.0,sell,8580.06,BTC-28JUN19-7000-P,85.33,0.0195,10.0,3,1559381517177,22876225,435
2019-06-01 09:31:57.177,19.3,sell,8580.06,BTC-28JUN19-7000-P,85.33,0.0195,19.3,2,1559381517177,22876224,434
2019-06-01 09:39:40.074,10.0,sell,8571.2,BTC-28JUN19-7000-P,85.08,0.0195,10.0,3,1559381980074,22876521,436
2019-06-01 09:39:40.074,0.8,sell,8571.2,BTC-28JUN19-7000-P,85.08,0.0195,0.8,3,1559381980074,22876522,437
2019-06-01 10:12:32.385,1.0,sell,8592.86,BTC-28JUN19-7000-P,84.86,0.019,1.0,2,1559383952385,22877731,438
2019-06-01 16:10:50.852,1.0,buy,8555.31,BTC-28JUN19-7000-P,86.04,0.0205,1.0,0,1559405450852,22889756,439
2019-06-02 01:06:38.925,0.9,sell,8579.23,BTC-28JUN19-7000-P,87.36,0.0205,0.9,1,1559437598925,22907794,440
2019-06-02 03:07:38.284,0.1,buy,8560.88,BTC-28JUN19-7000-P,90.14,0.023,0.1,0,1559444858284,22911892,441
2019-06-02 05:13:42.201,0.5,sell,8590.98,BTC-28JUN19-7000-P,86.65,0.02,0.5,2,1559452422201,22913610,442
2019-06-02 07:51:47.907,1.1,buy,8681.96,BTC-28JUN19-7000-P,91.93,0.021,1.1,0,1559461907907,22921820,443
2019-06-02 08:25:35.072,0.6,sell,8704.3,BTC-28JUN19-7000-P,89.44,0.019,0.6,2,1559463935072,22924038,444
2019-06-02 08:34:54.362,2.1,sell,8738.58,BTC-28JUN19-7000-P,87.05,0.017,2.1,2,1559464494362,22925204,445
2019-06-02 10:29:07.242,5.0,sell,8698.16,BTC-28JUN19-7000-P,86.16,0.017,5.0,3,1559471347242,22928868,446
2019-06-02 10:29:07.242,24.0,sell,8698.16,BTC-28JUN19-7000-P,86.16,0.017,24.0,3,1559471347242,22928869,447
2019-06-02 10:30:45.948,7.5,sell,8700.65,BTC-28JUN19-7000-P,86.89,0.0175,7.5,0,1559471445948,22929003,448
2019-06-02 14:25:46.456,24.0,sell,8715.83,BTC-28JUN19-7000-P,84.44,0.016,24.0,2,1559485546456,22947821,449
2019-06-02 17:22:51.164,0.5,buy,8713.0,BTC-28JUN19-7000-P,85.94,0.0165,0.5,0,1559496171164,22953201,450
2019-06-03 03:59:22.992,1.0,buy,8676.61,BTC-28JUN19-7000-P,88.92,0.0185,1.0,0,1559534362992,22977943,451
2019-06-03 09:54:20.876,0.5,sell,8459.07,BTC-28JUN19-7000-P,85.42,0.0205,0.5,0,1559555660876,23016316,452
2019-06-03 10:28:08.062,0.3,buy,8502.24,BTC-28JUN19-7000-P,89.47,0.022,0.3,0,1559557688062,23017814,453
2019-06-03 15:37:34.999,0.3,sell,8463.69,BTC-28JUN19-7000-P,85.11,0.0205,0.3,2,1559576254999,23049258,454
2019-06-03 16:52:46.155,50.0,sell,8544.23,BTC-28JUN19-7000-P,88.46,0.0205,50.0,3,1559580766155,23055849,455
2019-06-03 23:42:07.562,3.3000000000000003,buy,8148.18,BTC-28JUN19-7000-P,85.98,0.028,3.3000000000000003,0,1559605327562,23108128,456
2019-06-03 23:42:19.137,3.3000000000000003,buy,8157.82,BTC-28JUN19-7000-P,86.54,0.028,3.3000000000000003,1,1559605339137,23108174,457
2019-06-03 23:42:58.183,3.3000000000000003,buy,8153.26,BTC-28JUN19-7000-P,86.24,0.028,3.3000000000000003,1,1559605378183,23108437,458
2019-06-03 23:43:28.385,5.0,buy,8146.8,BTC-28JUN19-7000-P,86.04,0.028,5.0,1,1559605408385,23108612,459
2019-06-03 23:45:44.883,5.0,buy,8167.58,BTC-28JUN19-7000-P,86.85,0.028,5.0,1,1559605544883,23108967,460
2019-06-03 23:52:56.214,5.1000000000000005,buy,8136.92,BTC-28JUN19-7000-P,85.51,0.028,5.1000000000000005,1,1559605976214,23110951,461
2019-06-04 01:31:22.315,5.5,sell,8000.3,BTC-28JUN19-7000-P,86.03,0.033,5.5,1,1559611882315,23149726,463
2019-06-04 01:31:22.315,4.5,sell,8000.3,BTC-28JUN19-7000-P,86.03,0.033,4.5,0,1559611882315,23149725,462
2019-06-04 01:34:35.999,1.0,sell,8008.11,BTC-28JUN19-7000-P,88.98,0.035,1.0,0,1559612075999,23149881,464
2019-06-04 03:57:49.337,0.7000000000000001,buy,7923.93,BTC-28JUN19-7000-P,90.0,0.039,0.7000000000000001,0,1559620669337,23158418,465
2019-06-04 05:48:42.297,0.3,sell,7944.22,BTC-28JUN19-7000-P,85.58,0.035,0.3,2,1559627322297,23169801,466
2019-06-04 06:21:34.550,0.1,buy,7902.61,BTC-28JUN19-7000-P,90.75,0.0405,0.1,0,1559629294550,23172287,467
2019-06-04 06:38:16.664,10.0,buy,7811.38,BTC-28JUN19-7000-P,87.95,0.0415,10.0,0,1559630296664,23175273,468
2019-06-04 12:36:03.921,0.5,buy,7882.03,BTC-28JUN19-7000-P,89.69,0.0405,0.5,2,1559651763921,23206282,469
2019-06-04 12:56:12.128,0.5,sell,7928.32,BTC-28JUN19-7000-P,91.02,0.04,0.5,2,1559652972128,23207495,470
2019-06-04 13:26:58.463,1.0,buy,7985.13,BTC-28JUN19-7000-P,88.41,0.0355,1.0,2,1559654818463,23210537,471
2019-06-04 15:40:06.055,1.0,buy,7978.55,BTC-28JUN19-7000-P,89.9,0.037000000000000005,1.0,0,1559662806055,23218719,472
2019-06-04 16:36:24.093,0.2,sell,7921.38,BTC-28JUN19-7000-P,86.52,0.0365,0.2,2,1559666184093,23223783,473
2019-06-04 17:09:23.470,3.0,sell,7910.78,BTC-28JUN19-7000-P,89.77,0.0395,3.0,0,1559668163470,23226856,474
2019-06-04 17:22:00.925,7.0,buy,7821.99,BTC-28JUN19-7000-P,92.28,0.045,7.0,0,1559668920925,23234814,476
2019-06-04 17:22:00.925,5.0,buy,7821.99,BTC-28JUN19-7000-P,91.69,0.0445,5.0,0,1559668920925,23234813,475
2019-06-04 17:25:30.333,5.0,buy,7806.67,BTC-28JUN19-7000-P,91.76,0.045,5.0,1,1559669130333,23236652,477
2019-06-04 17:25:30.333,4.5,buy,7806.67,BTC-28JUN19-7000-P,92.94,0.046,4.5,0,1559669130333,23236653,478
2019-06-04 17:31:47.989,10.1,buy,7825.28,BTC-28JUN19-7000-P,87.09,0.04,10.1,2,1559669507989,23239042,479
2019-06-04 17:31:50.035,5.0,buy,7822.86,BTC-28JUN19-7000-P,86.94,0.04,5.0,3,1559669510035,23239043,480
2019-06-04 17:31:50.361,19.3,buy,7822.86,BTC-28JUN19-7000-P,86.96,0.04,19.3,3,1559669510361,23239044,481
2019-06-04 17:31:50.536,15.6,buy,7822.25,BTC-28JUN19-7000-P,86.96,0.04,15.6,3,1559669510536,23239045,482
2019-06-04 17:37:01.196,12.8,buy,7790.92,BTC-28JUN19-7000-P,85.61,0.04,12.8,3,1559669821196,23240684,483
2019-06-04 17:37:01.294,12.8,buy,7790.92,BTC-28JUN19-7000-P,85.61,0.04,12.8,3,1559669821294,23240685,484
2019-06-04 17:37:01.448,5.0,buy,7790.98,BTC-28JUN19-7000-P,85.62,0.04,5.0,3,1559669821448,23240691,485
2019-06-04 17:37:04.260,5.0,buy,7796.59,BTC-28JUN19-7000-P,85.73,0.04,5.0,3,1559669824260,23240710,486
2019-06-04 17:37:05.078,5.0,buy,7797.17,BTC-28JUN19-7000-P,85.89,0.04,5.0,3,1559669825078,23240711,487
2019-06-04 17:37:11.478,5.0,buy,7794.72,BTC-28JUN19-7000-P,85.78,0.04,5.0,3,1559669831478,23240740,488
2019-06-04 17:37:15.581,4.4,buy,7791.67,BTC-28JUN19-7000-P,85.67,0.04,4.4,3,1559669835581,23240773,489
2019-06-04 17:44:53.458,3.0,buy,7605.24,BTC-28JUN19-7000-P,86.93,0.05,3.0,0,1559670293458,23252942,490
2019-06-04 17:45:20.153,0.5,buy,7579.89,BTC-28JUN19-7000-P,91.51,0.0555,0.5,0,1559670320153,23253309,491
2019-06-04 17:46:45.601,0.5,sell,7657.88,BTC-28JUN19-7000-P,90.51,0.05,0.5,2,1559670405601,23254838,492
2019-06-04 17:50:15.202,1.1,buy,7624.56,BTC-28JUN19-7000-P,91.88,0.0525,1.1,0,1559670615202,23257319,493
2019-06-04 17:54:24.756,0.5,buy,7631.39,BTC-28JUN19-7000-P,88.77,0.0495,0.5,2,1559670864756,23259944,494
2019-06-04 18:04:28.459,1.0,sell,7623.67,BTC-28JUN19-7000-P,89.01,0.0505,1.0,0,1559671468459,23263042,495
2019-06-04 18:54:04.802,0.5,buy,7657.2,BTC-28JUN19-7000-P,91.28,0.051,0.5,0,1559674444802,23269855,496
2019-06-04 19:02:06.692,0.5,sell,7665.78,BTC-28JUN19-7000-P,88.9,0.0485,0.5,2,1559674926692,23270800,497
2019-06-04 19:06:21.246,2.0,sell,7661.61,BTC-28JUN19-7000-P,85.88,0.046,2.0,2,1559675181246,23271157,498
2019-06-04 19:42:19.131,5.0,sell,7641.16,BTC-28JUN19-7000-P,89.53,0.05,5.0,0,1559677339131,23287354,499
2019-06-04 20:11:41.254,0.2,sell,7633.5,BTC-28JUN19-7000-P,86.96,0.048,0.2,2,1559679101254,23291063,500
2019-06-04 20:17:13.436,0.2,sell,7642.5,BTC-28JUN19-7000-P,87.44,0.048,0.2,3,1559679433436,23291567,501
2019-06-04 20:17:14.760,0.1,sell,7642.5,BTC-28JUN19-7000-P,87.44,0.048,0.1,3,1559679434760,23291570,502
2019-06-04 20:37:26.763,0.2,buy,7633.0,BTC-28JUN19-7000-P,89.07,0.05,0.2,0,1559680646763,23293473,503
2019-06-04 20:37:26.763,4.8,buy,7633.0,BTC-28JUN19-7000-P,89.63,0.0505,4.8,0,1559680646763,23293474,504
2019-06-04 20:38:14.817,0.2,buy,7634.96,BTC-28JUN19-7000-P,90.01,0.0505,0.2,1,1559680694817,23293521,507
2019-06-04 20:38:14.817,4.9,buy,7634.96,BTC-28JUN19-7000-P,90.01,0.0505,4.9,1,1559680694817,23293519,505
2019-06-04 20:38:14.817,5.0,buy,7634.96,BTC-28JUN19-7000-P,90.01,0.0505,5.0,1,1559680694817,23293520,506
2019-06-04 20:38:31.932,5.0,buy,7635.64,BTC-28JUN19-7000-P,90.62,0.051,5.0,0,1559680711932,23293523,508
2019-06-04 20:38:31.936,5.0,sell,7635.64,BTC-28JUN19-7000-P,90.62,0.051,5.0,1,1559680711936,23293524,509
2019-06-04 21:59:52.821,10.0,buy,7465.92,BTC-28JUN19-7000-P,87.7,0.057,10.0,0,1559685592821,23304378,510
2019-06-05 02:47:37.122,1.5,buy,7833.74,BTC-28JUN19-7000-P,88.25,0.04,1.5,2,1559702857122,23332355,511
2019-06-05 04:09:16.292,0.4,buy,7792.81,BTC-28JUN19-7000-P,87.6,0.040999999999999995,0.4,0,1559707756292,23334073,512
2019-06-05 04:09:22.289,0.1,buy,7791.05,BTC-28JUN19-7000-P,87.46,0.040999999999999995,0.1,1,1559707762289,23334076,513
2019-06-05 04:56:16.479,0.2,buy,7789.28,BTC-28JUN19-7000-P,90.96,0.044000000000000004,0.2,0,1559710576479,23335079,514
2019-06-05 07:02:32.848,1.0,sell,7764.83,BTC-28JUN19-7000-P,88.55,0.0425,1.0,2,1559718152848,23338991,515
2019-06-05 09:06:16.458,1.0,sell,7832.44,BTC-28JUN19-7000-P,88.39,0.04,1.0,2,1559725576458,23343882,516
2019-06-05 10:52:12.546,3.0,sell,7861.89,BTC-28JUN19-7000-P,88.77,0.039,3.0,2,1559731932546,23348517,517
2019-06-05 10:53:00.039,0.5,sell,7881.7,BTC-28JUN19-7000-P,85.59,0.0355,0.5,3,1559731980039,23349203,519
2019-06-05 10:53:00.039,0.5,sell,7881.7,BTC-28JUN19-7000-P,85.59,0.0355,0.5,2,1559731980039,23349202,518
2019-06-05 14:43:50.489,0.2,buy,7687.34,BTC-28JUN19-7000-P,86.55,0.044000000000000004,0.2,0,1559745830489,23367333,520
2019-06-05 16:43:15.793,1.0,sell,7747.69,BTC-28JUN19-7000-P,85.24,0.0405,1.0,2,1559752995793,23381617,521
2019-06-06 01:45:53.792,2.2,sell,7855.08,BTC-28JUN19-7000-P,81.92,0.033,2.2,3,1559785553792,23435561,523
2019-06-06 01:45:53.792,19.3,sell,7855.08,BTC-28JUN19-7000-P,81.92,0.033,19.3,2,1559785553792,23435560,522
2019-06-06 03:25:37.945,0.2,sell,7849.73,BTC-28JUN19-7000-P,81.2,0.0325,0.2,2,1559791537945,23438817,524
2019-06-06 03:49:03.314,19.3,sell,7862.13,BTC-28JUN19-7000-P,80.21,0.0315,19.3,2,1559792943314,23439414,525
2019-06-06 03:49:03.316,24.3,buy,7862.13,BTC-28JUN19-7000-P,80.21,0.0315,24.3,3,1559792943316,23439415,526
2019-06-06 03:49:04.424,1.1,buy,7862.98,BTC-28JUN19-7000-P,80.22,0.0315,1.1,3,1559792944424,23439416,527
2019-06-06 03:49:04.452,0.5,buy,7862.98,BTC-28JUN19-7000-P,80.22,0.0315,0.5,3,1559792944452,23439417,528
2019-06-06 03:49:58.635,4.6000000000000005,sell,7866.12,BTC-28JUN19-7000-P,79.93,0.031,4.6000000000000005,2,1559792998635,23439470,529
2019-06-06 14:29:54.694,1.0,sell,7699.96,BTC-28JUN19-7000-P,80.98,0.0385,1.0,0,1559831394694,23476421,530
2019-06-06 15:23:55.754,0.5,sell,7711.54,BTC-28JUN19-7000-P,79.9,0.037000000000000005,0.5,2,1559834635754,23484886,531
2019-06-06 17:10:19.242,0.5,sell,7696.59,BTC-28JUN19-7000-P,79.6,0.0375,0.5,0,1559841019242,23491974,532
2019-06-06 17:58:54.933,2.0,buy,7651.53,BTC-28JUN19-7000-P,81.64,0.040999999999999995,2.0,0,1559843934933,23496724,533
2019-06-06 18:53:45.727,0.7000000000000001,sell,7601.59,BTC-28JUN19-7000-P,76.67,0.039,0.7000000000000001,2,1559847225727,23516480,534
2019-06-06 20:04:55.945,3.0,buy,7612.56,BTC-28JUN19-7000-P,81.27,0.042,3.0,0,1559851495945,23523428,535
2019-06-06 21:40:19.028,1.0,sell,7735.21,BTC-28JUN19-7000-P,79.19,0.035,1.0,2,1559857219028,23532651,536
2019-06-06 21:40:19.028,0.1,sell,7735.21,BTC-28JUN19-7000-P,77.31,0.0335,0.1,2,1559857219028,23532652,537
2019-06-06 23:48:35.686,1.0,sell,7810.82,BTC-28JUN19-7000-P,81.13,0.0335,1.0,3,1559864915686,23540956,538
2019-06-07 00:03:31.477,1.0,buy,7818.13,BTC-28JUN19-7000-P,79.01,0.0315,1.0,2,1559865811477,23542885,539
2019-06-07 01:42:38.747,0.5,buy,7799.06,BTC-28JUN19-7000-P,76.51,0.03,0.5,2,1559871758747,23547679,540
2019-06-07 02:31:21.794,0.2,buy,7790.99,BTC-28JUN19-7000-P,77.34,0.031,0.2,0,1559874681794,23549158,542
2019-06-07 02:31:21.794,0.5,buy,7790.99,BTC-28JUN19-7000-P,76.03,0.03,0.5,3,1559874681794,23549157,541
2019-06-07 13:27:44.237,10.0,buy,7961.69,BTC-28JUN19-7000-P,80.38,0.0265,10.0,2,1559914064237,23588292,543
2019-06-07 13:27:50.684,5.0,sell,7961.69,BTC-28JUN19-7000-P,80.37,0.0265,5.0,3,1559914070684,23588301,544
2019-06-07 16:49:18.164,3.0,sell,8101.32,BTC-28JUN19-7000-P,77.47,0.0205,3.0,2,1559926158164,23601247,545
2019-06-07 18:15:40.662,2.0,sell,8095.27,BTC-28JUN19-7000-P,77.22,0.0205,2.0,3,1559931340662,23605553,546
2019-06-07 19:14:19.549,5.0,buy,8024.7,BTC-28JUN19-7000-P,77.6,0.0225,5.0,0,1559934859549,23609009,547
2019-06-07 19:49:47.672,2.0,buy,7973.23,BTC-28JUN19-7000-P,79.09,0.025,2.0,0,1559936987672,23613461,548
2019-06-07 21:38:38.164,5.0,sell,7907.73,BTC-28JUN19-7000-P,79.59,0.027000000000000003,5.0,0,1559943518164,23624592,549
2019-06-07 21:47:09.631,1.0,sell,7952.9,BTC-28JUN19-7000-P,76.96,0.024,1.0,2,1559944029631,23625346,550
2019-06-07 22:41:38.938,1.0,sell,7997.78,BTC-28JUN19-7000-P,76.88,0.0225,1.0,2,1559947298938,23627442,551
2019-06-08 00:18:43.932,24.0,sell,8039.49,BTC-28JUN19-7000-P,74.86,0.02,24.0,2,1559953123932,23632099,552
2019-06-08 00:19:27.241,1.0,buy,8034.78,BTC-28JUN19-7000-P,74.53,0.02,1.0,3,1559953167241,23632133,553
2019-06-08 01:42:22.029,0.2,sell,8031.14,BTC-28JUN19-7000-P,73.51,0.0195,0.2,2,1559958142029,23633639,554
2019-06-08 12:37:24.603,0.1,sell,7948.58,BTC-28JUN19-7000-P,73.32,0.0215,0.1,0,1559997444603,23657021,555
2019-06-08 12:37:54.446,0.1,sell,7949.93,BTC-28JUN19-7000-P,73.19,0.0215,0.1,1,1559997474446,23657031,556
2019-06-08 16:22:54.227,16.0,buy,7911.51,BTC-28JUN19-7000-P,76.19,0.0245,16.0,0,1560010974227,23666459,557
2019-06-08 16:22:54.227,4.0,buy,7911.51,BTC-28JUN19-7000-P,76.19,0.0245,4.0,1,1560010974227,23666460,558
2019-06-08 18:44:54.062,10.8,buy,7822.53,BTC-28JUN19-7000-P,76.22,0.0275,10.8,0,1560019494062,23676497,559
2019-06-09 13:09:03.455,0.5,buy,7788.06,BTC-28JUN19-7000-P,76.62,0.027999999999999997,0.5,0,1560085743455,23711383,560
2019-06-09 13:09:31.471,2.5,buy,7787.86,BTC-28JUN19-7000-P,76.62,0.027999999999999997,2.5,1,1560085771471,23711387,561
2019-06-09 15:58:32.081,0.1,sell,7753.47,BTC-28JUN19-7000-P,69.97,0.0245,0.1,2,1560095912081,23722851,562
2019-06-09 16:11:22.624,0.1,sell,7675.14,BTC-28JUN19-7000-P,69.35,0.027000000000000003,0.1,0,1560096682624,23726044,563
2019-06-09 21:12:07.883,3.0,sell,7740.15,BTC-28JUN19-7000-P,74.65,0.027999999999999997,3.0,0,1560114727883,23749012,564
2019-06-09 22:39:27.649,0.2,buy,7564.0,BTC-28JUN19-7000-P,76.29,0.0365,0.2,0,1560119967649,23767993,565
2019-06-09 22:50:54.233,0.3,buy,7585.72,BTC-28JUN19-7000-P,76.45,0.036000000000000004,0.3,2,1560120654233,23769105,566
2019-06-10 00:14:58.672,0.1,buy,7564.22,BTC-28JUN19-7000-P,76.31,0.036000000000000004,0.1,3,1560125698672,23778846,567
2019-06-10 00:18:34.115,0.1,sell,7572.27,BTC-28JUN19-7000-P,75.36,0.035,0.1,2,1560125914115,23779261,568
2019-06-10 05:39:44.125,16.0,buy,7637.58,BTC-28JUN19-7000-P,77.24,0.033,16.0,3,1560145184125,23801099,570
2019-06-10 05:39:44.125,5.0,buy,7637.58,BTC-28JUN19-7000-P,77.24,0.033,5.0,2,1560145184125,23801098,569
2019-06-10 06:43:52.219,1.1,sell,7721.03,BTC-28JUN19-7000-P,75.05,0.027999999999999997,1.1,2,1560149032219,23804955,571
2019-06-10 07:44:29.347,6.1000000000000005,sell,7733.49,BTC-28JUN19-7000-P,75.83,0.027999999999999997,6.1000000000000005,3,1560152669347,23807422,572
2019-06-10 11:33:41.339,7.0,sell,7898.05,BTC-28JUN19-7000-P,72.3,0.02,7.0,2,1560166421339,23826663,573
2019-06-10 11:59:35.828,0.2,buy,7943.57,BTC-28JUN19-7000-P,77.44,0.0215,0.2,0,1560167975828,23835806,574
2019-06-10 12:39:20.038,0.4,buy,7988.3,BTC-28JUN19-7000-P,74.04,0.0195,0.4,2,1560170360038,23848427,575
2019-06-10 12:40:36.199,0.4,buy,7970.27,BTC-28JUN19-7000-P,72.64,0.0195,0.4,3,1560170436199,23848849,576
2019-06-10 12:40:38.448,0.2,buy,7969.22,BTC-28JUN19-7000-P,72.53,0.0195,0.2,3,1560170438448,23848852,577
2019-06-10 13:02:49.162,0.4,buy,7984.9,BTC-28JUN19-7000-P,77.11,0.0215,0.4,0,1560171769162,23850677,578
2019-06-10 15:12:20.726,10.0,buy,7944.36,BTC-28JUN19-7000-P,77.89,0.022000000000000002,10.0,0,1560179540726,23860167,579
2019-06-10 15:23:54.659,1.0,sell,7916.53,BTC-28JUN19-7000-P,76.98,0.022000000000000002,1.0,1,1560180234659,23861641,580
2019-06-10 16:07:50.661,6.0,buy,7932.78,BTC-28JUN19-7000-P,78.52,0.0225,6.0,0,1560182870661,23863948,581
2019-06-10 16:13:24.009,5.0,sell,7957.88,BTC-28JUN19-7000-P,77.97,0.0215,5.0,2,1560183204009,23864280,582
2019-06-10 18:21:55.970,0.4,sell,7960.78,BTC-28JUN19-7000-P,77.99,0.021,0.4,2,1560190915970,23871110,583
2019-06-10 19:46:33.046,2.0,sell,8012.24,BTC-28JUN19-7000-P,77.73,0.0195,2.0,2,1560195993046,23873998,584
2019-06-10 23:49:43.439,0.5,sell,7989.18,BTC-28JUN19-7000-P,76.49,0.019,0.5,2,1560210583439,23884570,585
2019-06-10 23:49:44.783,0.5,sell,7989.18,BTC-28JUN19-7000-P,76.5,0.019,0.5,3,1560210584783,23884571,586
2019-06-10 23:50:00.917,1.0,sell,7987.83,BTC-28JUN19-7000-P,76.46,0.019,1.0,3,1560210600917,23884585,587
2019-06-11 00:01:33.494,2.0,sell,8049.63,BTC-28JUN19-7000-P,78.32,0.0185,2.0,2,1560211293494,23885943,588
2019-06-11 05:22:25.740,0.8,buy,7944.88,BTC-28JUN19-7000-P,77.49,0.0205,0.8,0,1560230545740,23893934,589
2019-06-11 05:22:25.968,0.2,buy,7944.88,BTC-28JUN19-7000-P,77.49,0.0205,0.2,1,1560230545968,23893936,590
2019-06-11 05:22:25.971,0.6,sell,7944.88,BTC-28JUN19-7000-P,77.49,0.0205,0.6,1,1560230545971,23893937,591
2019-06-11 08:12:09.844,0.1,sell,7933.66,BTC-28JUN19-7000-P,73.94,0.0185,0.1,2,1560240729844,23898002,592
2019-06-11 11:46:29.459,0.5,buy,7756.36,BTC-28JUN19-7000-P,74.41,0.0245,0.5,0,1560253589459,23917804,593
2019-06-11 17:16:23.790,2.9,sell,7889.17,BTC-28JUN19-7000-P,77.38,0.022000000000000002,2.9,2,1560273383790,23947153,594
2019-06-11 18:58:43.998,0.2,sell,7885.65,BTC-28JUN19-7000-P,76.56,0.0215,0.2,2,1560279523998,23952858,595
2019-06-12 00:21:44.944,5.0,buy,7883.14,BTC-28JUN19-7000-P,76.76,0.0215,5.0,3,1560298904944,23966703,596
2019-06-12 01:33:11.195,1.0,sell,7867.21,BTC-28JUN19-7000-P,73.48,0.02,1.0,2,1560303191195,23969214,597
2019-06-12 02:36:53.964,4.0,sell,7893.19,BTC-28JUN19-7000-P,74.88,0.02,4.0,3,1560307013964,23970357,598
2019-06-12 02:41:05.600,0.2,buy,7897.41,BTC-28JUN19-7000-P,75.18,0.02,0.2,3,1560307265600,23970546,599
2019-06-12 02:46:38.521,0.2,sell,7986.19,BTC-28JUN19-7000-P,71.86,0.0155,0.2,2,1560307598521,23972493,600
2019-06-12 03:49:07.977,1.0,buy,7982.43,BTC-28JUN19-7000-P,76.2,0.018000000000000002,1.0,0,1560311347977,23981728,601
2019-06-12 05:21:38.423,2.0,buy,7963.99,BTC-28JUN19-7000-P,76.33,0.0185,2.0,0,1560316898423,23984140,602
2019-06-12 07:54:58.581,1.0,sell,8008.51,BTC-28JUN19-7000-P,73.45,0.0155,1.0,2,1560326098581,23988060,603
2019-06-12 07:55:35.270,1.0,sell,8009.24,BTC-28JUN19-7000-P,73.46,0.0155,1.0,3,1560326135270,23988081,604
2019-06-12 15:47:42.233,2.0,buy,8167.03,BTC-28JUN19-7000-P,75.33,0.0125,2.0,2,1560354462233,24027457,605
2019-06-12 15:52:03.412,8.0,buy,8193.22,BTC-28JUN19-7000-P,77.59,0.013000000000000001,8.0,1,1560354723412,24027893,607
2019-06-12 15:52:03.412,5.0,buy,8193.22,BTC-28JUN19-7000-P,77.59,0.013000000000000001,5.0,0,1560354723412,24027892,606
2019-06-12 16:08:23.240,0.2,sell,8177.35,BTC-28JUN19-7000-P,74.97,0.012,0.2,3,1560355703240,24029209,609
2019-06-12 16:08:23.240,10.0,sell,8177.35,BTC-28JUN19-7000-P,74.97,0.012,10.0,2,1560355703240,24029208,608
2019-06-12 16:44:56.969,0.2,buy,8184.89,BTC-28JUN19-7000-P,80.41,0.0145,0.2,0,1560357896969,24031076,610
2019-06-12 21:24:51.306,0.8,buy,8147.89,BTC-28JUN19-7000-P,77.29,0.0135,0.8,2,1560374691306,24042267,611
2019-06-13 05:25:03.841,10.0,sell,8121.52,BTC-28JUN19-7000-P,73.98,0.012,10.0,2,1560403503841,24054227,612
2019-06-13 06:02:25.381,2.0,buy,8119.38,BTC-28JUN19-7000-P,73.73,0.012,2.0,3,1560405745381,24054907,613
2019-06-13 06:06:56.504,23.7,buy,8106.56,BTC-28JUN19-7000-P,73.06,0.012,23.7,3,1560406016504,24055229,614
2019-06-13 12:47:29.501,10.0,buy,8057.8,BTC-28JUN19-7000-P,73.65,0.013000000000000001,10.0,0,1560430049501,24067384,615
2019-06-13 13:11:45.397,0.5,sell,8142.77,BTC-28JUN19-7000-P,75.74,0.012,0.5,2,1560431505397,24071275,616
2019-06-13 13:36:40.446,0.4,buy,8151.39,BTC-28JUN19-7000-P,76.11,0.012,0.4,3,1560433000446,24074549,617
2019-06-13 13:36:43.007,0.4,buy,8143.01,BTC-28JUN19-7000-P,75.72,0.012,0.4,3,1560433003007,24074594,618
2019-06-13 18:16:01.622,3.0,sell,8227.13,BTC-28JUN19-7000-P,76.24,0.0105,3.0,2,1560449761622,24085347,619
2019-06-13 18:30:38.965,0.4,sell,8212.51,BTC-28JUN19-7000-P,74.48,0.01,0.4,3,1560450638965,24086901,621
2019-06-13 18:30:38.965,1.0,sell,8212.51,BTC-28JUN19-7000-P,74.48,0.01,1.0,2,1560450638965,24086900,620
2019-06-13 18:30:41.164,0.4,buy,8212.48,BTC-28JUN19-7000-P,74.47,0.01,0.4,3,1560450641164,24086903,622
2019-06-13 18:31:02.863,3.2,buy,8209.01,BTC-28JUN19-7000-P,74.38,0.01,3.2,3,1560450662863,24086912,623
2019-06-13 21:23:25.551,5.0,sell,8317.94,BTC-28JUN19-7000-P,76.84,0.009000000000000001,5.0,2,1560461005551,24096480,624
2019-06-13 22:51:23.698,0.1,sell,8258.06,BTC-28JUN19-7000-P,71.97,0.008,0.1,2,1560466283698,24103488,625
2019-06-14 00:01:29.075,0.1,sell,8245.2,BTC-28JUN19-7000-P,71.48,0.008,0.1,3,1560470489075,24106028,626
2019-06-14 07:27:57.013,1.0,buy,8250.15,BTC-28JUN19-7000-P,75.64,0.0095,1.0,0,1560497277013,24117340,627
2019-06-14 07:27:57.013,9.0,buy,8250.15,BTC-28JUN19-7000-P,75.64,0.0095,9.0,1,1560497277013,24117341,628
2019-06-14 07:30:05.792,0.1,buy,8248.39,BTC-28JUN19-7000-P,76.93,0.01,0.1,0,1560497405792,24117377,629
2019-06-14 11:34:39.613,0.5,sell,8297.4,BTC-28JUN19-7000-P,71.96,0.006999999999999999,0.5,2,1560512079613,24128108,630
2019-06-14 12:38:09.050,5.0,sell,8360.19,BTC-28JUN19-7000-P,71.31,0.006,5.0,2,1560515889050,24133113,631
2019-06-14 12:38:09.050,7.2,sell,8360.19,BTC-28JUN19-7000-P,71.31,0.006,7.2,3,1560515889050,24133114,632
2019-06-14 14:07:58.718,10.0,buy,8422.02,BTC-28JUN19-7000-P,73.64,0.006,10.0,3,1560521278718,24142848,633
2019-06-14 14:11:26.151,9.4,buy,8422.32,BTC-28JUN19-7000-P,73.6,0.006,9.4,3,1560521486151,24142999,635
2019-06-14 14:11:26.151,0.6,buy,8422.32,BTC-28JUN19-7000-P,73.6,0.006,0.6,3,1560521486151,24142998,634
2019-06-14 15:09:01.456,4.0,sell,8403.81,BTC-28JUN19-7000-P,72.91,0.006,4.0,3,1560524941456,24145969,636
2019-06-14 15:42:36.614,1.0,sell,8447.18,BTC-28JUN19-7000-P,74.55,0.006,1.0,3,1560526956614,24148085,637
2019-06-14 15:42:38.959,0.3,buy,8447.17,BTC-28JUN19-7000-P,76.17,0.0065,0.3,0,1560526958959,24148086,638
2019-06-14 21:33:31.865,4.0,sell,8606.35,BTC-28JUN19-7000-P,79.19,0.0055,4.0,2,1560548011865,24173316,639
2019-06-14 21:38:57.405,4.0,sell,8642.57,BTC-28JUN19-7000-P,78.54,0.005,4.0,2,1560548337405,24173922,640
2019-06-14 22:28:52.133,1.2,buy,8650.33,BTC-28JUN19-7000-P,78.95,0.005,1.2,3,1560551332133,24179674,641
2019-06-14 22:29:48.889,8.8,sell,8646.25,BTC-28JUN19-7000-P,78.73,0.005,8.8,3,1560551388889,24179714,642
2019-06-15 00:03:03.814,1.0,sell,8706.48,BTC-28JUN19-7000-P,77.13,0.004,1.0,2,1560556983814,24186756,643
2019-06-15 00:54:15.650,0.1,buy,8649.7,BTC-28JUN19-7000-P,79.27,0.005,0.1,0,1560560055650,24189427,644
2019-06-15 09:21:57.222,0.5,sell,8691.47,BTC-28JUN19-7000-P,78.03,0.004,0.5,2,1560590517222,24206220,645
2019-06-15 09:21:58.657,0.5,sell,8691.47,BTC-28JUN19-7000-P,78.03,0.004,0.5,3,1560590518657,24206222,646
2019-06-15 15:37:12.055,1.0,sell,8790.67,BTC-28JUN19-7000-P,79.66,0.0035,1.0,2,1560613032055,24220194,647
2019-06-16 02:15:57.527,0.4,sell,9009.58,BTC-28JUN19-7000-P,82.97,0.0025,0.4,2,1560651357527,24271966,648
2019-06-16 02:15:59.582,0.4,sell,9009.58,BTC-28JUN19-7000-P,82.98,0.0025,0.4,3,1560651359582,24271968,649
2019-06-16 02:15:59.604,0.2,sell,9009.58,BTC-28JUN19-7000-P,82.98,0.0025,0.2,3,1560651359604,24271970,650
2019-06-16 05:00:48.549,0.2,buy,9107.17,BTC-28JUN19-7000-P,95.33,0.004,0.2,0,1560661248549,24283453,651
2019-06-16 05:00:48.549,2.8000000000000003,buy,9107.17,BTC-28JUN19-7000-P,95.33,0.004,2.8000000000000003,1,1560661248549,24283454,652
2019-06-16 05:56:43.745,5.0,sell,9341.89,BTC-28JUN19-7000-P,86.05,0.0015,5.0,2,1560664603745,24298715,653
2019-06-16 05:56:43.745,30.0,sell,9341.89,BTC-28JUN19-7000-P,86.05,0.0015,30.0,3,1560664603745,24298716,654
2019-06-16 06:07:57.444,1.0,buy,9271.61,BTC-28JUN19-7000-P,101.85,0.004,1.0,0,1560665277444,24303799,655
2019-06-16 08:03:49.652,10.0,sell,9357.34,BTC-28JUN19-7000-P,86.87,0.0015,10.0,2,1560672229652,24315755,656
2019-06-16 13:49:15.312,5.0,sell,9226.86,BTC-28JUN19-7000-P,89.09,0.002,5.0,0,1560692955312,24367469,657
2019-06-16 13:49:17.025,1.0,sell,9226.86,BTC-28JUN19-7000-P,89.09,0.002,1.0,1,1560692957025,24367470,658
2019-06-16 14:56:32.789,4.0,sell,9262.21,BTC-28JUN19-7000-P,80.26,0.001,4.0,2,1560696992789,24375850,659
2019-06-16 16:43:08.431,0.8,buy,9203.26,BTC-28JUN19-7000-P,79.11,0.001,0.8,3,1560703388431,24384755,660
2019-06-16 17:16:23.810,1.0,buy,9168.31,BTC-28JUN19-7000-P,83.59,0.0015,1.0,0,1560705383810,24386849,661
2019-06-16 17:23:33.052,1.0,buy,9079.13,BTC-28JUN19-7000-P,80.99,0.0015,1.0,1,1560705813052,24388580,662
2019-06-16 17:27:04.994,0.3,buy,9072.03,BTC-28JUN19-7000-P,85.25,0.002,0.3,0,1560706024994,24390705,663
2019-06-16 19:20:11.720,1.7,buy,9041.3,BTC-28JUN19-7000-P,84.28,0.002,1.7,1,1560712811720,24403625,664
2019-06-16 19:20:11.720,5.4,buy,9041.3,BTC-28JUN19-7000-P,84.28,0.002,5.4,1,1560712811720,24403626,665
2019-06-16 19:24:40.192,1.0,sell,9026.41,BTC-28JUN19-7000-P,67.33,0.0005,1.0,2,1560713080192,24404069,666
2019-06-16 19:41:52.460,6.1000000000000005,sell,8918.9,BTC-28JUN19-7000-P,85.13,0.0025,6.1000000000000005,1,1560714112460,24411247,668
2019-06-16 19:41:52.460,15.6,sell,8918.9,BTC-28JUN19-7000-P,85.13,0.0025,15.6,1,1560714112460,24411255,676
2019-06-16 19:41:52.460,4.4,sell,8918.9,BTC-28JUN19-7000-P,85.13,0.0025,4.4,1,1560714112460,24411251,672
2019-06-16 19:41:52.460,9.6,sell,8918.9,BTC-28JUN19-7000-P,85.13,0.0025,9.6,1,1560714112460,24411253,674
2019-06-16 19:41:52.460,5.8,sell,8918.9,BTC-28JUN19-7000-P,85.13,0.0025,5.8,1,1560714112460,24411262,683
2019-06-16 19:41:52.460,23.1,sell,8918.9,BTC-28JUN19-7000-P,85.13,0.0025,23.1,1,1560714112460,24411252,673
2019-06-16 19:41:52.460,5.1000000000000005,sell,8918.9,BTC-28JUN19-7000-P,85.13,0.0025,5.1000000000000005,1,1560714112460,24411257,678
2019-06-16 19:41:52.460,6.2,sell,8918.9,BTC-28JUN19-7000-P,85.13,0.0025,6.2,1,1560714112460,24411259,680
2019-06-16 19:41:52.460,11.2,sell,8918.9,BTC-28JUN19-7000-P,85.13,0.0025,11.2,1,1560714112460,24411248,669
2019-06-16 19:41:52.460,4.1,sell,8918.9,BTC-28JUN19-7000-P,85.13,0.0025,4.1,1,1560714112460,24411263,684
2019-06-16 19:41:52.460,8.0,sell,8918.9,BTC-28JUN19-7000-P,85.13,0.0025,8.0,1,1560714112460,24411258,679
2019-06-16 19:41:52.460,4.9,sell,8918.9,BTC-28JUN19-7000-P,85.13,0.0025,4.9,1,1560714112460,24411254,675
2019-06-16 19:41:52.460,14.1,sell,8918.9,BTC-28JUN19-7000-P,85.13,0.0025,14.1,1,1560714112460,24411250,671
2019-06-16 19:41:52.460,6.7,sell,8918.9,BTC-28JUN19-7000-P,85.13,0.0025,6.7,1,1560714112460,24411249,670
2019-06-16 19:41:52.460,6.0,sell,8918.9,BTC-28JUN19-7000-P,85.13,0.0025,6.0,1,1560714112460,24411256,677
2019-06-16 19:41:52.460,20.2,sell,8918.9,BTC-28JUN19-7000-P,85.13,0.0025,20.2,0,1560714112460,24411246,667
2019-06-16 19:41:52.460,19.3,sell,8918.9,BTC-28JUN19-7000-P,85.13,0.0025,19.3,1,1560714112460,24411261,682
2019-06-16 19:41:52.460,1.4,sell,8918.9,BTC-28JUN19-7000-P,85.13,0.0025,1.4,1,1560714112460,24411260,681
2019-06-16 20:07:55.012,2.0,buy,8915.78,BTC-28JUN19-7000-P,88.18,0.003,2.0,0,1560715675012,24417383,685
2019-06-16 20:07:55.012,5.9,buy,8915.78,BTC-28JUN19-7000-P,88.18,0.003,5.9,1,1560715675012,24417384,686
2019-06-16 22:18:07.344,20.0,sell,9035.6,BTC-28JUN19-7000-P,84.82,0.002,20.0,2,1560723487344,24432705,687
2019-06-16 23:26:06.514,1.0,buy,9053.46,BTC-28JUN19-7000-P,92.29,0.003,1.0,0,1560727566514,24435469,688
2019-06-16 23:39:59.938,0.9,buy,9048.87,BTC-28JUN19-7000-P,92.24,0.003,0.9,1,1560728399938,24435934,689
2019-06-17 00:39:14.768,50.0,sell,9180.99,BTC-28JUN19-7000-P,84.3,0.0015,50.0,2,1560731954768,24444029,690
2019-06-17 04:05:14.061,0.1,buy,9167.49,BTC-28JUN19-7000-P,92.44,0.0025,0.1,0,1560744314061,24456435,691
2019-06-17 08:47:28.911,15.0,sell,9204.93,BTC-28JUN19-7000-P,85.71,0.0015,15.0,2,1560761248911,24474026,692
2019-06-17 08:56:02.826,15.0,sell,9203.66,BTC-28JUN19-7000-P,85.74,0.0015,15.0,3,1560761762826,24474208,693
2019-06-17 10:03:48.361,11.0,sell,9196.47,BTC-28JUN19-7000-P,85.62,0.0015,11.0,3,1560765828361,24477551,695
2019-06-17 10:03:48.361,11.0,sell,9196.47,BTC-28JUN19-7000-P,85.62,0.0015,11.0,3,1560765828361,24477550,694
2019-06-17 18:30:46.440,1.6,sell,9246.67,BTC-28JUN19-7000-P,83.53,0.001,1.6,2,1560796246440,24542208,696
2019-06-17 18:30:55.321,1.6,buy,9246.55,BTC-28JUN19-7000-P,89.22,0.0015,1.6,0,1560796255321,24542209,697
2019-06-17 19:14:28.759,30.0,buy,9319.57,BTC-28JUN19-7000-P,96.16,0.002,30.0,0,1560798868759,24545227,698
2019-06-17 19:59:00.454,1.0,buy,9304.89,BTC-28JUN19-7000-P,99.96,0.0025,1.0,0,1560801540454,24551581,699
2019-06-18 05:48:49.824,15.0,sell,9137.51,BTC-28JUN19-7000-P,88.12,0.0015,15.0,2,1560836929824,24623563,700
2019-06-18 09:49:16.183,0.2,buy,9218.96,BTC-28JUN19-7000-P,99.92,0.0025,0.2,0,1560851356183,24640095,701
2019-06-18 15:28:11.071,1.0,buy,9018.7,BTC-28JUN19-7000-P,91.03,0.002,1.0,2,1560871691071,24659845,702
2019-06-18 15:30:55.893,0.2,buy,9004.49,BTC-28JUN19-7000-P,90.55,0.002,0.2,3,1560871855893,24660386,703
2019-06-18 15:35:16.160,3.0,buy,9019.52,BTC-28JUN19-7000-P,95.09,0.0025,3.0,0,1560872116160,24663549,704
2019-06-18 15:49:53.145,0.1,sell,9039.4,BTC-28JUN19-7000-P,99.27,0.003,0.1,0,1560872993145,24665834,705
2019-06-18 18:23:08.666,1.0,sell,9049.54,BTC-28JUN19-7000-P,96.64,0.0025,1.0,2,1560882188666,24682133,706
2019-06-19 00:33:02.571,20.0,sell,9075.97,BTC-28JUN19-7000-P,94.33,0.002,20.0,2,1560904382571,24709005,707
2019-06-19 00:55:47.020,1.0,sell,9146.54,BTC-28JUN19-7000-P,96.92,0.002,1.0,3,1560905747020,24711133,708
2019-06-19 01:25:25.712,6.0,buy,9145.92,BTC-28JUN19-7000-P,101.02,0.0025,6.0,1,1560907525712,24713229,710
2019-06-19 01:25:25.712,6.0,buy,9145.92,BTC-28JUN19-7000-P,101.02,0.0025,6.0,1,1560907525712,24713230,711
2019-06-19 01:25:25.712,30.0,buy,9145.92,BTC-28JUN19-7000-P,101.02,0.0025,30.0,0,1560907525712,24713228,709
2019-06-19 01:25:27.531,30.0,sell,9146.23,BTC-28JUN19-7000-P,101.03,0.0025,30.0,1,1560907527531,24713231,712
2019-06-19 03:19:35.039,30.0,buy,9157.48,BTC-28JUN19-7000-P,102.07,0.0025,30.0,1,1560914375039,24716302,713
2019-06-19 04:15:09.837,30.0,sell,9160.17,BTC-28JUN19-7000-P,102.55,0.0025,30.0,1,1560917709837,24717239,714
2019-06-19 04:15:54.194,2.0,sell,9162.39,BTC-28JUN19-7000-P,102.62,0.0025,2.0,1,1560917754194,24717269,715
2019-06-19 04:17:58.324,2.0,sell,9186.26,BTC-28JUN19-7000-P,103.38,0.0025,2.0,1,1560917878324,24717561,716
2019-06-19 04:21:51.411,2.0,sell,9193.75,BTC-28JUN19-7000-P,103.49,0.0025,2.0,1,1560918111411,24717934,717
2019-06-19 04:31:02.259,30.0,sell,9179.76,BTC-28JUN19-7000-P,102.84,0.0025,30.0,1,1560918662259,24718138,718
2019-06-19 04:34:35.002,4.0,sell,9193.19,BTC-28JUN19-7000-P,103.46,0.0025,4.0,1,1560918875002,24718243,719
2019-06-19 04:57:11.108,1.0,sell,9167.96,BTC-28JUN19-7000-P,98.33,0.002,1.0,2,1560920231108,24719040,720
2019-06-19 04:57:34.788,1.0,sell,9168.6,BTC-28JUN19-7000-P,98.32,0.002,1.0,3,1560920254788,24719047,721
2019-06-19 07:38:06.858,0.1,buy,9163.5,BTC-28JUN19-7000-P,103.17,0.0025,0.1,0,1560929886858,24722731,722
2019-06-19 08:36:16.730,0.2,sell,9165.72,BTC-28JUN19-7000-P,99.15,0.002,0.2,2,1560933376730,24724265,723
2019-06-19 12:08:26.753,2.0,sell,9138.96,BTC-28JUN19-7000-P,99.35,0.002,2.0,3,1560946106753,24731770,724
2019-06-19 15:49:47.946,4.0,buy,9086.39,BTC-28JUN19-7000-P,102.48,0.0025,4.0,0,1560959387946,24748350,725
2019-06-19 15:49:47.946,30.0,buy,9086.39,BTC-28JUN19-7000-P,102.48,0.0025,30.0,1,1560959387946,24748351,726
2019-06-19 15:49:47.946,6.0,buy,9086.39,BTC-28JUN19-7000-P,102.48,0.0025,6.0,1,1560959387946,24748352,727
2019-06-19 20:26:36.920,0.7000000000000001,sell,9167.54,BTC-28JUN19-7000-P,101.98,0.002,0.7000000000000001,2,1560975996920,24757945,728
2019-06-19 21:37:23.975,0.1,sell,9158.53,BTC-28JUN19-7000-P,101.91,0.002,0.1,3,1560980243975,24760675,729
2019-06-19 22:00:13.550,25.0,sell,9230.94,BTC-28JUN19-7000-P,104.82,0.002,25.0,3,1560981613550,24763203,730
2019-06-19 22:00:31.507,25.2,sell,9243.58,BTC-28JUN19-7000-P,105.31,0.002,25.2,3,1560981631507,24763384,731
2019-06-19 22:20:28.983,0.1,buy,9276.71,BTC-28JUN19-7000-P,111.02,0.0025,0.1,0,1560982828983,24766777,732
2019-06-19 22:47:22.091,30.0,sell,9284.43,BTC-28JUN19-7000-P,107.37,0.002,30.0,2,1560984442091,24770366,733
2019-06-19 23:13:03.586,5.0,sell,9280.3,BTC-28JUN19-7000-P,107.3,0.002,5.0,3,1560985983586,24773000,734
2019-06-19 23:13:39.915,0.1,sell,9280.15,BTC-28JUN19-7000-P,107.3,0.002,0.1,3,1560986019915,24773018,735
2019-06-19 23:15:10.391,5.0,sell,9295.72,BTC-28JUN19-7000-P,108.0,0.002,5.0,3,1560986110391,24773609,736
2019-06-19 23:31:21.135,10.0,sell,9284.83,BTC-28JUN19-7000-P,107.8,0.002,10.0,3,1560987081135,24776603,737
2019-06-20 00:09:23.183,30.0,sell,9286.66,BTC-28JUN19-7000-P,102.56,0.0015,30.0,3,1560989363183,24778025,739
2019-06-20 00:09:23.183,40.0,sell,9286.66,BTC-28JUN19-7000-P,102.56,0.0015,40.0,2,1560989363183,24778024,738
2019-06-20 03:16:04.258,1.0,sell,9336.96,BTC-28JUN19-7000-P,104.45,0.0015,1.0,3,1561000564258,24784447,740
2019-06-20 04:34:16.178,3.0,buy,9306.53,BTC-28JUN19-7000-P,109.39,0.002,3.0,0,1561005256178,24788493,741
2019-06-20 08:52:16.050,10.0,sell,9233.09,BTC-28JUN19-7000-P,86.49,0.0005,10.0,3,1561020736050,24799183,743
2019-06-20 08:52:16.050,3.2,sell,9233.09,BTC-28JUN19-7000-P,86.49,0.0005,3.2,3,1561020736050,24799184,744
2019-06-20 08:52:16.050,8.8,sell,9233.09,BTC-28JUN19-7000-P,86.49,0.0005,8.8,2,1561020736050,24799182,742
2019-06-20 13:47:39.415,0.8,sell,9335.52,BTC-28JUN19-7000-P,90.81,0.0005,0.8,3,1561038459415,24811396,745
2019-06-20 13:47:39.415,3.0,sell,9335.52,BTC-28JUN19-7000-P,90.81,0.0005,3.0,3,1561038459415,24811397,746
2019-06-20 13:47:39.415,2.5,sell,9335.52,BTC-28JUN19-7000-P,90.81,0.0005,2.5,3,1561038459415,24811398,747
2019-06-20 13:50:54.147,2.5,sell,9333.58,BTC-28JUN19-7000-P,90.76,0.0005,2.5,3,1561038654147,24811537,748
2019-06-20 13:51:24.601,2.5,sell,9334.21,BTC-28JUN19-7000-P,90.77,0.0005,2.5,3,1561038684601,24811552,749
2019-06-20 13:53:35.633,1.0,buy,9335.28,BTC-28JUN19-7000-P,107.22,0.0015,1.0,0,1561038815633,24811634,750
2019-06-20 14:38:14.085,2.5,sell,9357.5,BTC-28JUN19-7000-P,91.76,0.0005,2.5,2,1561041494085,24814658,751
2019-06-20 17:54:54.727,6.8,sell,9344.04,BTC-28JUN19-7000-P,91.76,0.0005,6.8,3,1561053294727,24840475,752
2019-06-20 17:54:54.727,1.8,sell,9344.04,BTC-28JUN19-7000-P,91.76,0.0005,1.8,3,1561053294727,24840476,753
