date_utc,amount,direction,indexPrice,instrument,iv,price,quantity,tickDirection,timeStamp,tradeId,tradeSeq
2019-03-22 09:57:08.483,1.0,buy,3974.26,BTC-5APR19-4000-P,46.16,0.04,1.0,1,1553248628483,16776647,1
2019-03-22 16:08:22.806,3.0,buy,3983.18,BTC-5APR19-4000-P,41.07,0.035,3.0,2,1553270902806,16779790,2
2019-03-22 20:18:10.237,0.5,sell,3987.18,BTC-5APR19-4000-P,40.43,0.034,0.5,2,1553285890237,16781436,3
2019-03-23 02:15:55.985,1.0,sell,3985.4,BTC-5APR19-4000-P,42.68,0.035,1.0,0,1553307355985,16785213,4
2019-03-23 02:17:29.860,1.0,buy,3986.48,BTC-5APR19-4000-P,42.28,0.0345,1.0,2,1553307449860,16785263,5
2019-03-23 03:02:12.967,1.0,sell,3995.55,BTC-5APR19-4000-P,41.51,0.0325,1.0,2,1553310132967,16786859,6
2019-03-23 08:16:54.407,0.1,buy,3989.86,BTC-5APR19-4000-P,41.48,0.033,0.1,0,1553329014407,16789597,7
2019-03-23 09:55:51.169,1.0,buy,3990.16,BTC-5APR19-4000-P,42.05,0.0335,1.0,0,1553334951169,16790065,8
2019-03-23 10:10:12.126,0.8,sell,3990.91,BTC-5APR19-4000-P,37.76,0.03,0.8,2,1553335812126,16790073,9
2019-03-23 15:43:07.574,3.0,buy,3971.23,BTC-5APR19-4000-P,42.7,0.036000000000000004,3.0,0,1553355787574,16794236,10
2019-03-24 09:24:25.732,0.2,sell,3970.78,BTC-5APR19-4000-P,40.48,0.0335,0.2,2,1553419465732,16799739,11
2019-03-24 23:30:11.660,1.0,sell,3971.5,BTC-5APR19-4000-P,42.85,0.0345,1.0,0,1553470211660,16806286,12
2019-03-25 12:18:04.646,0.1,buy,3958.58,BTC-5APR19-4000-P,38.77,0.033,0.1,2,1553516284646,16810786,13
2019-03-25 17:44:43.642,9.8,buy,3947.35,BTC-5APR19-4000-P,42.44,0.037000000000000005,9.8,0,1553535883642,16815664,14
2019-03-25 17:44:43.830,0.2,sell,3947.35,BTC-5APR19-4000-P,42.44,0.037000000000000005,0.2,1,1553535883830,16815665,15
2019-03-25 17:49:57.663,8.9,buy,3949.22,BTC-5APR19-4000-P,43.22,0.0375,8.9,0,1553536197663,16815718,16
2019-03-25 17:49:57.860,1.1,sell,3949.22,BTC-5APR19-4000-P,43.22,0.0375,1.1,1,1553536197860,16815721,17
2019-03-25 18:20:58.177,6.7,buy,3928.83,BTC-5APR19-4000-P,44.18,0.041,6.7,0,1553538058177,16817183,18
2019-03-25 18:20:59.310,3.3000000000000003,sell,3928.5,BTC-5APR19-4000-P,44.1,0.040999999999999995,3.3000000000000003,1,1553538059310,16817185,19
2019-03-25 21:15:19.760,1.1,sell,3882.13,BTC-5APR19-4000-P,43.93,0.0485,1.1,0,1553548519760,16827912,20
2019-03-26 00:28:46.017,4.0,buy,3913.41,BTC-5APR19-4000-P,46.52,0.0445,4.0,2,1553560126017,16830667,21
2019-03-26 00:29:38.304,2.0,sell,3912.45,BTC-5APR19-4000-P,46.39,0.0445,2.0,3,1553560178304,16830685,22
2019-03-26 01:15:59.082,1.0,sell,3909.6,BTC-5APR19-4000-P,43.41,0.0435,1.0,2,1553562959082,16831144,23
2019-03-26 03:59:10.742,4.0,buy,3910.06,BTC-5APR19-4000-P,47.87,0.046,4.0,0,1553572750742,16832396,24
2019-03-26 03:59:12.209,4.0,sell,3910.06,BTC-5APR19-4000-P,47.87,0.046,4.0,1,1553572752209,16832397,25
2019-03-26 03:59:14.254,4.0,buy,3910.06,BTC-5APR19-4000-P,47.87,0.046,4.0,1,1553572754254,16832398,26
2019-03-26 16:40:51.605,0.1,buy,3913.57,BTC-5APR19-4000-P,50.22,0.046,0.1,1,1553618451605,16840194,27
2019-03-27 00:29:38.388,1.0,sell,3917.35,BTC-5APR19-4000-P,44.59,0.0415,1.0,2,1553646578388,16843389,28
2019-03-27 01:46:30.797,0.1,sell,3968.68,BTC-5APR19-4000-P,42.48,0.032,0.1,2,1553651190797,16850069,29
2019-03-27 02:35:06.386,0.5,sell,3973.38,BTC-5APR19-4000-P,42.24,0.031,0.5,2,1553654106386,16850867,30
2019-03-27 05:23:21.558,6.0,sell,3979.37,BTC-5APR19-4000-P,43.39,0.031,6.0,3,1553664201558,16853170,31
2019-03-27 05:26:42.358,6.0,sell,3979.5,BTC-5APR19-4000-P,43.36,0.031,6.0,3,1553664402358,16853184,32
2019-03-27 05:41:39.478,1.0,buy,3981.46,BTC-5APR19-4000-P,46.75,0.0325,1.0,0,1553665299478,16853340,33
2019-03-27 06:12:09.911,6.0,sell,3984.72,BTC-5APR19-4000-P,43.2,0.03,6.0,2,1553667129911,16854317,34
2019-03-27 09:07:44.966,0.1,sell,3990.69,BTC-5APR19-4000-P,42.66,0.028999999999999998,0.1,2,1553677664966,16855584,35
2019-03-27 11:21:59.109,1.0,sell,4008.68,BTC-5APR19-4000-P,43.35,0.0265,1.0,2,1553685719109,16860517,36
2019-03-27 11:22:23.583,5.0,sell,4008.96,BTC-5APR19-4000-P,43.39,0.0265,5.0,3,1553685743583,16860534,37
2019-03-27 11:45:41.862,6.0,sell,4020.13,BTC-5APR19-4000-P,42.51,0.0245,6.0,2,1553687141862,16860797,38
2019-03-27 11:45:41.862,4.0,sell,4020.13,BTC-5APR19-4000-P,42.51,0.0245,4.0,3,1553687141862,16860798,39
2019-03-27 13:09:06.327,1.0,buy,4009.29,BTC-5APR19-4000-P,43.3,0.0265,1.0,0,1553692146327,16863241,40
2019-03-27 13:25:14.780,5.0,sell,4009.11,BTC-5APR19-4000-P,42.0,0.0255,5.0,2,1553693114780,16863496,41
2019-03-27 13:26:40.727,6.0,sell,4009.71,BTC-5APR19-4000-P,43.84,0.0265,6.0,0,1553693200727,16863510,42
2019-03-27 13:42:51.739,2.4,sell,4011.29,BTC-5APR19-4000-P,43.33,0.026000000000000002,2.4,2,1553694171739,16863680,43
2019-03-27 13:45:18.808,6.0,sell,4011.0,BTC-5APR19-4000-P,43.76,0.026000000000000002,6.0,3,1553694318808,16863721,44
2019-03-27 17:29:27.180,6.0,sell,4008.2,BTC-5APR19-4000-P,43.24,0.026,6.0,3,1553707767180,16867145,45
