date_utc,amount,direction,indexPrice,instrument,iv,price,quantity,tickDirection,timeStamp,tradeId,tradeSeq
2019-02-14 17:34:41.634,10.0,sell,3572.41,BTC-27SEP19-9000-C,60.84,0.006999999999999999,10.0,0,1550165681634,15371732,64
2019-02-14 17:34:41.634,10.0,sell,3572.41,BTC-27SEP19-9000-C,60.84,0.006999999999999999,10.0,1,1550165681634,15371733,65
2019-02-14 18:43:15.949,10.0,sell,3574.83,BTC-27SEP19-9000-C,60.81,0.006999999999999999,10.0,1,1550169795949,15372646,66
2019-02-14 18:43:15.949,10.0,sell,3574.83,BTC-27SEP19-9000-C,60.81,0.006999999999999999,10.0,1,1550169795949,15372647,67
2019-02-15 11:08:22.387,10.0,buy,3585.7,BTC-27SEP19-9000-C,60.71,0.006999999999999999,10.0,1,1550228902387,15385642,68
2019-02-15 19:29:44.148,10.0,buy,3568.05,BTC-27SEP19-9000-C,60.98,0.006999999999999999,10.0,1,1550258984148,15401408,69
2019-02-15 19:29:44.148,5.0,buy,3568.05,BTC-27SEP19-9000-C,60.98,0.006999999999999999,5.0,1,1550258984148,15401409,70
2019-02-16 15:00:16.873,1.0,buy,3599.14,BTC-27SEP19-9000-C,61.13,0.0075,1.0,0,1550329216873,15419236,71
2019-02-16 15:00:30.881,0.3,buy,3598.93,BTC-27SEP19-9000-C,61.13,0.0075,0.3,1,1550329230881,15419238,72
2019-02-16 15:00:46.541,0.2,buy,3598.5,BTC-27SEP19-9000-C,61.14,0.0075,0.2,1,1550329246541,15419241,73
2019-02-17 10:51:34.804,3.5,buy,3595.77,BTC-27SEP19-9000-C,61.36,0.0075,3.5,1,1550400694804,15441546,74
2019-02-17 10:51:34.804,2.8000000000000003,buy,3595.77,BTC-27SEP19-9000-C,61.36,0.0075,2.8000000000000003,1,1550400694804,15441547,75
2019-02-18 02:37:55.604,0.1,buy,3658.53,BTC-27SEP19-9000-C,60.44,0.0075,0.1,1,1550457475604,15483167,76
2019-02-18 09:00:18.956,0.1,buy,3694.98,BTC-27SEP19-9000-C,59.99,0.0075,0.1,1,1550480418956,15506806,77
2019-02-18 14:58:51.566,3.0,buy,3797.66,BTC-27SEP19-9000-C,59.24,0.008,3.0,0,1550501931566,15543774,78
2019-02-19 16:50:39.415,0.5,sell,3943.74,BTC-27SEP19-9000-C,61.58,0.012,0.5,0,1550595039415,15655086,79
2019-02-20 06:20:56.027,0.1,buy,3877.45,BTC-27SEP19-9000-C,62.99,0.0125,0.1,0,1550643656027,15678631,80
2019-02-22 03:48:48.441,1.0,sell,3913.93,BTC-27SEP19-9000-C,60.09,0.01,1.0,2,1550807328441,15755222,81
2019-02-22 03:49:17.012,2.0,sell,3913.8,BTC-27SEP19-9000-C,58.96,0.009000000000000001,2.0,2,1550807357012,15755224,82
2019-02-22 10:46:21.709,0.3,sell,3925.67,BTC-27SEP19-9000-C,60.46,0.0105,0.3,0,1550832381709,15767283,83
2019-02-22 16:07:13.502,5.0,buy,3927.3,BTC-27SEP19-9000-C,62.13,0.012,5.0,0,1550851633502,15782975,84
2019-02-23 14:32:44.989,0.3,buy,3932.87,BTC-27SEP19-9000-C,64.15,0.013999999999999999,0.3,0,1550932364989,15803929,85
2019-02-23 16:30:05.035,0.3,sell,3928.77,BTC-27SEP19-9000-C,61.85,0.0115,0.3,2,1550939405035,15806111,86
2019-02-24 00:19:45.780,0.2,buy,4111.97,BTC-27SEP19-9000-C,63.44,0.016,0.2,0,1550967585780,15854805,87
2019-02-24 02:38:21.612,0.1,buy,4127.5,BTC-27SEP19-9000-C,63.36,0.016,0.1,1,1550975901612,15858367,88
2019-02-24 11:28:40.961,0.7000000000000001,buy,4138.01,BTC-27SEP19-9000-C,64.23,0.0175,0.7000000000000001,0,1551007720961,15877427,89
2019-02-25 03:05:52.365,1.5,sell,3774.54,BTC-27SEP19-9000-C,64.12,0.011,1.5,2,1551063952365,15972722,90
2019-02-25 03:05:52.365,8.5,sell,3774.54,BTC-27SEP19-9000-C,64.12,0.011,8.5,3,1551063952365,15972723,91
2019-02-26 06:14:22.000,0.1,buy,3786.8,BTC-27SEP19-9000-C,64.07,0.011000000000000001,0.1,3,1551161662000,16020505,92
2019-02-26 14:51:55.576,2.0,sell,3805.25,BTC-27SEP19-9000-C,63.97,0.011,2.0,3,1551192715576,16033944,93
2019-02-27 13:52:45.240,10.0,buy,3822.98,BTC-27SEP19-9000-C,63.8,0.011,10.0,3,1551275565240,16056307,94
2019-02-27 15:12:46.844,10.0,sell,3798.74,BTC-27SEP19-9000-C,63.61,0.0105,10.0,2,1551280366844,16061306,95
2019-03-01 23:59:46.942,2.0,sell,3806.12,BTC-27SEP19-9000-C,62.64,0.0095,2.0,2,1551484786942,16161530,96
2019-03-03 08:41:22.149,2.0,sell,3800.04,BTC-27SEP19-9000-C,62.36,0.009000000000000001,2.0,2,1551602482149,16186833,97
2019-03-04 00:38:29.093,1.5,sell,3803.45,BTC-27SEP19-9000-C,61.71,0.0085,1.5,2,1551659909093,16202703,98
2019-03-04 02:06:03.068,0.2,buy,3801.79,BTC-27SEP19-9000-C,63.54,0.01,0.2,0,1551665163068,16203458,99
2019-03-04 03:56:47.621,10.0,buy,3782.16,BTC-27SEP19-9000-C,63.26,0.0095,10.0,2,1551671807621,16205926,100
2019-03-04 03:56:47.789,0.1,sell,3782.16,BTC-27SEP19-9000-C,63.26,0.0095,0.1,3,1551671807789,16205927,101
2019-03-04 04:00:14.342,10.0,sell,3782.07,BTC-27SEP19-9000-C,63.27,0.0095,10.0,3,1551672014342,16205947,102
2019-03-04 17:15:40.841,0.5,sell,3715.76,BTC-27SEP19-9000-C,63.05,0.0085,0.5,2,1551719740841,16240285,103
2019-03-04 23:42:13.770,3.0,buy,3698.71,BTC-27SEP19-9000-C,63.97,0.009000000000000001,3.0,0,1551742933770,16246193,104
2019-03-05 10:12:59.039,11.0,buy,3723.64,BTC-27SEP19-9000-C,64.19,0.0095,11.0,0,1551780779039,16253955,105
2019-03-05 22:00:20.722,0.1,buy,3834.34,BTC-27SEP19-9000-C,64.29,0.011000000000000001,0.1,0,1551823220722,16295904,106
2019-03-05 22:36:34.663,12.0,buy,3832.5,BTC-27SEP19-9000-C,64.29,0.011,12.0,1,1551825394663,16296393,107
2019-03-06 21:06:20.727,10.0,sell,3840.08,BTC-27SEP19-9000-C,63.76,0.0105,10.0,2,1551906380727,16327626,108
2019-03-07 00:00:14.421,5.0,sell,3851.78,BTC-27SEP19-9000-C,63.64,0.0105,5.0,3,1551916814421,16328869,109
2019-03-08 21:04:42.352,10.0,sell,3898.33,BTC-27SEP19-9000-C,62.73,0.01,10.0,2,1552079082352,16393949,110
2019-03-08 21:10:56.359,18.9,buy,3894.69,BTC-27SEP19-9000-C,63.89,0.011000000000000001,18.9,0,1552079456359,16393986,111
2019-03-08 21:14:36.394,10.0,sell,3891.55,BTC-27SEP19-9000-C,63.91,0.011000000000000001,10.0,1,1552079676394,16394036,112
2019-03-08 21:14:40.183,10.0,sell,3891.55,BTC-27SEP19-9000-C,63.91,0.011000000000000001,10.0,1,1552079680183,16394037,113
2019-03-08 21:14:44.127,10.0,sell,3891.56,BTC-27SEP19-9000-C,63.91,0.011000000000000001,10.0,1,1552079684127,16394038,114
2019-03-08 21:14:47.111,10.0,sell,3891.59,BTC-27SEP19-9000-C,63.91,0.011000000000000001,10.0,1,1552079687111,16394040,115
2019-03-08 21:14:50.952,10.0,sell,3891.58,BTC-27SEP19-9000-C,63.91,0.011000000000000001,10.0,1,1552079690952,16394045,116
2019-03-08 21:14:54.230,10.0,sell,3891.77,BTC-27SEP19-9000-C,63.9,0.011000000000000001,10.0,1,1552079694230,16394046,117
2019-03-08 21:15:01.070,10.0,sell,3891.77,BTC-27SEP19-9000-C,63.9,0.011000000000000001,10.0,1,1552079701070,16394047,118
2019-03-08 21:15:03.318,1.1,sell,3891.77,BTC-27SEP19-9000-C,63.9,0.011000000000000001,1.1,1,1552079703318,16394048,119
2019-03-08 23:14:37.357,0.1,buy,3834.61,BTC-27SEP19-9000-C,66.35,0.0125,0.1,0,1552086877357,16406440,120
2019-03-10 23:22:17.175,0.1,buy,3906.52,BTC-27SEP19-9000-C,64.68,0.0115,0.1,2,1552260137175,16468472,121
2019-03-18 00:43:54.288,2.0,sell,3982.02,BTC-27SEP19-9000-C,63.12,0.01,2.0,2,1552869834288,16669533,122
2019-03-18 01:01:03.316,10.0,sell,3987.06,BTC-27SEP19-9000-C,63.04,0.01,10.0,3,1552870863316,16670160,123
2019-03-18 05:12:18.037,10.0,sell,3983.79,BTC-27SEP19-9000-C,63.04,0.01,10.0,3,1552885938037,16678253,124
2019-03-18 16:38:56.208,4.0,sell,3966.98,BTC-27SEP19-9000-C,63.43,0.01,4.0,3,1552927136208,16691790,125
2019-03-19 10:29:15.757,5.0,buy,3971.55,BTC-27SEP19-9000-C,62.78,0.0095,5.0,2,1552991355757,16703221,126
2019-03-19 11:04:10.985,5.0,buy,3975.13,BTC-27SEP19-9000-C,62.71,0.0095,5.0,3,1552993450985,16703728,127
2019-03-19 11:04:10.985,6.6000000000000005,buy,3975.13,BTC-27SEP19-9000-C,62.71,0.0095,6.6000000000000005,3,1552993450985,16703729,128
2019-03-19 15:47:20.731,10.0,buy,3978.98,BTC-27SEP19-9000-C,62.73,0.0095,10.0,3,1553010440731,16708233,129
2019-03-19 16:27:41.876,6.4,buy,3980.48,BTC-27SEP19-9000-C,62.74,0.0095,6.4,3,1553012861876,16708796,130
2019-03-19 16:27:42.039,3.9,sell,3980.48,BTC-27SEP19-9000-C,62.74,0.0095,3.9,3,1553012862039,16708797,131
2019-03-21 16:24:53.310,5.0,sell,3955.68,BTC-27SEP19-9000-C,63.64,0.0095,5.0,3,1553185493310,16768412,132
2019-03-22 04:09:19.831,2.0,sell,3972.06,BTC-27SEP19-9000-C,63.46,0.0095,2.0,3,1553227759831,16773861,133
2019-03-22 08:07:45.484,1.0,buy,3967.58,BTC-27SEP19-9000-C,63.51,0.0095,1.0,3,1553242065484,16775751,134
2019-03-23 22:02:47.579,4.0,sell,3975.05,BTC-27SEP19-9000-C,63.61,0.0095,4.0,3,1553378567579,16795693,135
2019-03-25 17:30:58.624,10.0,sell,3949.18,BTC-27SEP19-9000-C,63.73,0.009000000000000001,10.0,2,1553535058624,16815535,136
2019-03-27 04:09:35.807,10.0,sell,3982.73,BTC-27SEP19-9000-C,63.23,0.0085,10.0,2,1553659775807,16852400,137
2019-03-27 04:28:06.939,10.0,sell,3973.07,BTC-27SEP19-9000-C,63.36,0.0085,10.0,3,1553660886939,16852740,138
2019-03-27 21:41:48.796,18.0,buy,4011.3,BTC-27SEP19-9000-C,65.27,0.0105,18.0,0,1553722908796,16869510,139
2019-03-27 21:41:48.796,13.9,buy,4011.3,BTC-27SEP19-9000-C,65.27,0.0105,13.9,1,1553722908796,16869511,140
2019-03-27 21:41:48.796,11.1,buy,4011.3,BTC-27SEP19-9000-C,65.84,0.011,11.1,0,1553722908796,16869513,142
2019-03-27 21:41:48.796,7.0,buy,4011.3,BTC-27SEP19-9000-C,65.27,0.0105,7.0,1,1553722908796,16869512,141
2019-03-27 22:59:19.843,10.0,sell,4012.21,BTC-27SEP19-9000-C,64.08,0.0095,10.0,2,1553727559843,16869987,143
2019-03-27 22:59:29.707,10.0,sell,4012.36,BTC-27SEP19-9000-C,64.08,0.0095,10.0,3,1553727569707,16869988,144
2019-03-28 00:46:54.885,10.0,sell,4017.34,BTC-27SEP19-9000-C,64.0,0.0095,10.0,3,1553734014885,16880262,145
2019-03-28 04:01:10.812,10.0,sell,4002.44,BTC-27SEP19-9000-C,64.25,0.0095,10.0,3,1553745670812,16918694,146
2019-03-28 12:49:39.432,5.0,buy,4002.6,BTC-27SEP19-9000-C,65.34,0.0105,5.0,0,1553777379432,16925138,147
2019-03-28 12:50:10.145,2.4,buy,4002.71,BTC-27SEP19-9000-C,65.91,0.011000000000000001,2.4,0,1553777410145,16925141,148
2019-03-28 12:50:38.043,2.6,buy,4002.85,BTC-27SEP19-9000-C,65.91,0.011,2.6,1,1553777438043,16925142,149
2019-03-28 14:54:49.864,10.0,buy,4015.4,BTC-27SEP19-9000-C,64.65,0.01,10.0,2,1553784889864,16925985,150
2019-04-01 11:17:18.044,10.0,sell,4115.07,BTC-27SEP19-9000-C,65.59,0.0115,10.0,0,1554117438044,17003953,151
2019-04-01 11:19:44.289,10.0,sell,4115.45,BTC-27SEP19-9000-C,65.59,0.0115,10.0,1,1554117584289,17003991,152
2019-04-01 12:25:29.297,10.0,buy,4121.89,BTC-27SEP19-9000-C,66.05,0.012,10.0,0,1554121529297,17004510,153
2019-04-01 12:25:29.385,0.2,sell,4121.89,BTC-27SEP19-9000-C,66.05,0.012,0.2,1,1554121529385,17004511,154
2019-04-01 12:26:58.469,10.0,sell,4122.72,BTC-27SEP19-9000-C,66.05,0.012,10.0,1,1554121618469,17004555,155
2019-04-02 01:27:27.509,1.4,sell,4143.97,BTC-27SEP19-9000-C,64.88,0.011,1.4,2,1554168447509,17014865,156
2019-04-02 01:27:27.509,0.1,sell,4143.97,BTC-27SEP19-9000-C,64.31,0.0105,0.1,2,1554168447509,17014866,157
2019-04-02 05:17:36.016,0.1,buy,4821.63,BTC-27SEP19-9000-C,66.21,0.025,0.1,0,1554182256016,17054019,158
2019-04-02 05:17:52.028,0.1,buy,4855.11,BTC-27SEP19-9000-C,65.62,0.025,0.1,1,1554182272028,17054432,159
2019-04-02 05:36:36.099,0.1,buy,4766.21,BTC-27SEP19-9000-C,64.23,0.022,0.1,2,1554183396099,17069231,160
2019-04-02 05:56:23.219,10.0,sell,4751.7,BTC-27SEP19-9000-C,63.41,0.02,10.0,2,1554184583219,17074810,161
2019-04-02 11:11:00.886,1.8,buy,4796.57,BTC-27SEP19-9000-C,66.36,0.025,1.8,0,1554203460886,17106603,162
2019-04-02 11:11:00.886,0.2,buy,4796.57,BTC-27SEP19-9000-C,66.36,0.025,0.2,1,1554203460886,17106604,163
2019-04-03 17:00:14.004,0.1,buy,5133.09,BTC-27SEP19-9000-C,70.56,0.04,0.1,0,1554310814004,17214722,164
2019-04-03 19:50:28.672,0.1,sell,5128.25,BTC-27SEP19-9000-C,67.58,0.0345,0.1,2,1554321028672,17227338,165
2019-04-04 01:40:25.455,3.0,sell,5060.31,BTC-27SEP19-9000-C,68.0,0.033,3.0,2,1554342025455,17283771,166
2019-04-05 12:36:34.572,0.4,sell,5024.31,BTC-27SEP19-9000-C,66.61,0.03,0.4,2,1554467794572,17362419,167
2019-04-06 15:00:31.067,0.8,buy,5065.18,BTC-27SEP19-9000-C,68.4,0.034,0.8,0,1554562831067,17396904,168
2019-04-07 22:47:11.266,7.9,sell,5261.5,BTC-27SEP19-9000-C,68.49,0.0395,7.9,0,1554677231266,17486772,169
2019-04-08 02:59:47.303,6.3,sell,5288.34,BTC-27SEP19-9000-C,70.03,0.044,6.3,0,1554692387303,17508957,170
2019-04-08 02:59:56.635,10.1,buy,5288.65,BTC-27SEP19-9000-C,66.03,0.0365,10.1,2,1554692396635,17508975,171
2019-04-08 06:37:56.586,9.6,buy,5259.54,BTC-27SEP19-9000-C,69.72,0.0425,9.6,0,1554705476586,17515556,172
2019-04-08 06:51:08.392,25.0,buy,5273.22,BTC-27SEP19-9000-C,69.03,0.0415,25.0,2,1554706268392,17516136,173
2019-04-11 00:55:06.987,0.2,buy,5305.52,BTC-27SEP19-9000-C,68.9,0.04,0.2,2,1554944106987,17654655,174
2019-04-11 04:05:44.721,5.0,sell,5195.58,BTC-27SEP19-9000-C,69.77,0.038,5.0,2,1554955544721,17667616,175
2019-04-11 05:47:46.358,9.8,sell,5212.42,BTC-27SEP19-9000-C,67.02,0.0335,9.8,2,1554961666358,17670449,176
2019-04-11 17:13:10.407,0.5,buy,5039.65,BTC-27SEP19-9000-C,70.99,0.035,0.5,0,1555002790407,17709085,177
2019-04-12 16:55:29.145,9.0,sell,5083.19,BTC-27SEP19-9000-C,67.37,0.03,9.0,2,1555088129145,17752399,178
2019-04-13 23:00:51.968,3.0,sell,5067.06,BTC-27SEP19-9000-C,66.49,0.027000000000000003,3.0,2,1555196451968,17787494,179
2019-04-14 01:23:59.004,0.2,buy,5083.87,BTC-27SEP19-9000-C,68.63,0.0305,0.2,0,1555205039004,17788669,180
2019-04-17 03:30:38.644,0.2,buy,5213.7,BTC-27SEP19-9000-C,68.54,0.034,0.2,0,1555471838644,17890622,181
