date_utc,amount,direction,indexPrice,instrument,iv,price,quantity,tickDirection,timeStamp,tradeId,tradeSeq
2019-05-11 23:48:51.064,1.0,buy,7361.01,BTC-17MAY19-9000-C,119.64,0.006,1.0,1,1557618531064,19723044,1
2019-05-11 23:49:05.059,4.0,sell,7362.36,BTC-17MAY19-9000-C,119.56,0.006,4.0,1,1557618545059,19723137,2
2019-05-12 00:32:49.464,1.1,sell,7053.37,BTC-17MAY19-9000-C,110.54,0.002,1.1,2,1557621169464,19748317,3
2019-05-12 00:59:58.565,2.0,sell,7072.72,BTC-17MAY19-9000-C,128.68,0.0045,2.0,0,1557622798565,19767401,4
2019-05-12 01:00:25.812,1.9,sell,7077.95,BTC-17MAY19-9000-C,128.38,0.0045,1.9,1,1557622825812,19767487,5
2019-05-12 01:06:03.539,1.1,sell,7094.16,BTC-17MAY19-9000-C,127.5,0.0045,1.1,1,1557623163539,19768765,6
2019-05-12 01:49:46.624,0.2,buy,7205.97,BTC-17MAY19-9000-C,150.11,0.0105,0.2,0,1557625786624,19781523,7
2019-05-12 03:44:23.720,0.2,sell,7134.15,BTC-17MAY19-9000-C,129.54,0.005,0.2,2,1557632663720,19800152,8
2019-05-12 04:33:49.271,0.8,sell,7221.17,BTC-17MAY19-9000-C,124.87,0.005,0.8,3,1557635629271,19805930,9
2019-05-12 05:33:52.480,2.5,sell,7294.83,BTC-17MAY19-9000-C,121.04,0.005,2.5,3,1557639232480,19811867,10
2019-05-12 05:47:03.062,1.0,sell,7333.73,BTC-17MAY19-9000-C,118.86,0.005,1.0,3,1557640023062,19815097,11
2019-05-12 05:49:26.489,0.1,buy,7368.19,BTC-17MAY19-9000-C,119.54,0.0055,0.1,0,1557640166489,19815452,12
2019-05-12 05:49:27.030,0.9,buy,7368.37,BTC-17MAY19-9000-C,119.53,0.0055,0.9,1,1557640167030,19815466,13
2019-05-12 06:02:21.572,1.0,buy,7353.44,BTC-17MAY19-9000-C,120.52,0.0055,1.0,1,1557640941572,19817830,14
2019-05-12 06:16:06.132,1.0,sell,7295.92,BTC-17MAY19-9000-C,121.32,0.005,1.0,2,1557641766132,19819186,15
2019-05-12 06:42:58.865,0.1,sell,7390.61,BTC-17MAY19-9000-C,118.64,0.0055,0.1,0,1557643378865,19825518,16
2019-05-12 06:57:43.185,0.2,buy,7403.27,BTC-17MAY19-9000-C,120.56,0.006,0.2,0,1557644263185,19827323,17
2019-05-12 07:05:04.513,2.8000000000000003,buy,7412.71,BTC-17MAY19-9000-C,120.05,0.006,2.8000000000000003,1,1557644704513,19828002,18
2019-05-12 07:24:18.261,1.0,sell,7516.36,BTC-17MAY19-9000-C,118.59,0.006999999999999999,1.0,0,1557645858261,19835346,19
2019-05-12 07:43:02.949,0.5,sell,7510.28,BTC-17MAY19-9000-C,121.36,0.0075,0.5,0,1557646982949,19839038,20
2019-05-12 07:49:20.270,0.5,buy,7520.34,BTC-17MAY19-9000-C,122.94,0.008,0.5,0,1557647360270,19840606,21
2019-05-12 07:57:27.132,1.0,sell,7514.47,BTC-17MAY19-9000-C,125.49,0.0085,1.0,0,1557647847132,19841734,22
2019-05-12 08:11:28.557,1.0,sell,7520.65,BTC-17MAY19-9000-C,125.22,0.0085,1.0,1,1557648688557,19845117,23
2019-05-12 08:12:28.372,0.2,sell,7378.26,BTC-17MAY19-9000-C,132.18,0.008,0.2,2,1557648748372,19847079,24
2019-05-12 08:47:26.036,1.0,sell,7380.93,BTC-17MAY19-9000-C,122.84,0.006,1.0,2,1557650846036,19867896,25
2019-05-12 08:47:27.387,1.0,sell,7381.12,BTC-17MAY19-9000-C,122.83,0.006,1.0,3,1557650847387,19867898,26
2019-05-12 08:56:20.458,1.0,buy,7420.15,BTC-17MAY19-9000-C,122.99,0.0065,1.0,0,1557651380458,19869468,27
2019-05-12 09:18:26.230,1.0,sell,7461.5,BTC-17MAY19-9000-C,120.62,0.0065,1.0,1,1557652706230,19872810,28
