date_utc,amount,direction,indexPrice,instrument,iv,price,quantity,tickDirection,timeStamp,tradeId,tradeSeq
2019-05-11 23:48:51.064,1.0,buy,7361.01,BTC-17MAY19-9000-C,119.64,0.006,1.0,1,1557618531064,19723044,1
2019-05-11 23:49:05.059,4.0,sell,7362.36,BTC-17MAY19-9000-C,119.56,0.006,4.0,1,1557618545059,19723137,2
2019-05-12 00:32:49.464,1.1,sell,7053.37,BTC-17MAY19-9000-C,110.54,0.002,1.1,2,1557621169464,19748317,3
2019-05-12 00:59:58.565,2.0,sell,7072.72,BTC-17MAY19-9000-C,128.68,0.0045,2.0,0,1557622798565,19767401,4
2019-05-12 01:00:25.812,1.9,sell,7077.95,BTC-17MAY19-9000-C,128.38,0.0045,1.9,1,1557622825812,19767487,5
2019-05-12 01:06:03.539,1.1,sell,7094.16,BTC-17MAY19-9000-C,127.5,0.0045,1.1,1,1557623163539,19768765,6
2019-05-12 01:49:46.624,0.2,buy,7205.97,BTC-17MAY19-9000-C,150.11,0.0105,0.2,0,1557625786624,19781523,7
2019-05-12 03:44:23.720,0.2,sell,7134.15,BTC-17MAY19-9000-C,129.54,0.005,0.2,2,1557632663720,19800152,8
2019-05-12 04:33:49.271,0.8,sell,7221.17,BTC-17MAY19-9000-C,124.87,0.005,0.8,3,1557635629271,19805930,9
2019-05-12 05:33:52.480,2.5,sell,7294.83,BTC-17MAY19-9000-C,121.04,0.005,2.5,3,1557639232480,19811867,10
2019-05-12 05:47:03.062,1.0,sell,7333.73,BTC-17MAY19-9000-C,118.86,0.005,1.0,3,1557640023062,19815097,11
2019-05-12 05:49:26.489,0.1,buy,7368.19,BTC-17MAY19-9000-C,119.54,0.0055,0.1,0,1557640166489,19815452,12
2019-05-12 05:49:27.030,0.9,buy,7368.37,BTC-17MAY19-9000-C,119.53,0.0055,0.9,1,1557640167030,19815466,13
2019-05-12 06:02:21.572,1.0,buy,7353.44,BTC-17MAY19-9000-C,120.52,0.0055,1.0,1,1557640941572,19817830,14
2019-05-12 06:16:06.132,1.0,sell,7295.92,BTC-17MAY19-9000-C,121.32,0.005,1.0,2,1557641766132,19819186,15
2019-05-12 06:42:58.865,0.1,sell,7390.61,BTC-17MAY19-9000-C,118.64,0.0055,0.1,0,1557643378865,19825518,16
2019-05-12 06:57:43.185,0.2,buy,7403.27,BTC-17MAY19-9000-C,120.56,0.006,0.2,0,1557644263185,19827323,17
2019-05-12 07:05:04.513,2.8000000000000003,buy,7412.71,BTC-17MAY19-9000-C,120.05,0.006,2.8000000000000003,1,1557644704513,19828002,18
2019-05-12 07:24:18.261,1.0,sell,7516.36,BTC-17MAY19-9000-C,118.59,0.006999999999999999,1.0,0,1557645858261,19835346,19
2019-05-12 07:43:02.949,0.5,sell,7510.28,BTC-17MAY19-9000-C,121.36,0.0075,0.5,0,1557646982949,19839038,20
2019-05-12 07:49:20.270,0.5,buy,7520.34,BTC-17MAY19-9000-C,122.94,0.008,0.5,0,1557647360270,19840606,21
2019-05-12 07:57:27.132,1.0,sell,7514.47,BTC-17MAY19-9000-C,125.49,0.0085,1.0,0,1557647847132,19841734,22
2019-05-12 08:11:28.557,1.0,sell,7520.65,BTC-17MAY19-9000-C,125.22,0.0085,1.0,1,1557648688557,19845117,23
2019-05-12 08:12:28.372,0.2,sell,7378.26,BTC-17MAY19-9000-C,132.18,0.008,0.2,2,1557648748372,19847079,24
2019-05-12 08:47:26.036,1.0,sell,7380.93,BTC-17MAY19-9000-C,122.84,0.006,1.0,2,1557650846036,19867896,25
2019-05-12 08:47:27.387,1.0,sell,7381.12,BTC-17MAY19-9000-C,122.83,0.006,1.0,3,1557650847387,19867898,26
2019-05-12 08:56:20.458,1.0,buy,7420.15,BTC-17MAY19-9000-C,122.99,0.0065,1.0,0,1557651380458,19869468,27
2019-05-12 09:18:26.230,1.0,sell,7461.5,BTC-17MAY19-9000-C,120.62,0.0065,1.0,1,1557652706230,19872810,28
2019-05-12 12:03:53.461,0.1,buy,7152.02,BTC-17MAY19-9000-C,119.39,0.003,0.1,2,1557662633461,19955670,29
2019-05-12 12:03:53.461,0.1,buy,7152.02,BTC-17MAY19-9000-C,119.39,0.003,0.1,3,1557662633461,19955672,31
2019-05-12 12:03:53.461,0.1,buy,7152.02,BTC-17MAY19-9000-C,119.39,0.003,0.1,3,1557662633461,19955671,30
2019-05-12 14:53:43.673,0.1,sell,7034.42,BTC-17MAY19-9000-C,105.67,0.001,0.1,2,1557672823673,19993042,32
2019-05-13 12:15:54.875,1.0,sell,7270.88,BTC-17MAY19-9000-C,104.14,0.001,1.0,3,1557749754875,20169907,33
2019-05-13 12:30:19.946,1.0,buy,7313.2,BTC-17MAY19-9000-C,114.74,0.002,1.0,0,1557750619946,20174318,34
2019-05-13 12:30:19.946,0.3,buy,7313.2,BTC-17MAY19-9000-C,114.74,0.002,0.3,1,1557750619946,20174319,35
2019-05-13 14:19:59.910,2.0,sell,7418.89,BTC-17MAY19-9000-C,109.49,0.002,2.0,1,1557757199910,20191144,36
2019-05-13 14:43:12.932,2.0,buy,7500.71,BTC-17MAY19-9000-C,113.65,0.003,2.0,0,1557758592932,20198117,37
2019-05-13 14:47:31.796,1.0,buy,7515.58,BTC-17MAY19-9000-C,112.75,0.003,1.0,1,1557758851796,20199605,38
2019-05-13 15:11:48.672,0.1,buy,7761.18,BTC-17MAY19-9000-C,103.99,0.004,0.1,0,1557760308672,20213901,39
2019-05-13 15:20:20.326,0.1,sell,7775.88,BTC-17MAY19-9000-C,77.65,0.001,0.1,2,1557760820326,20228614,40
2019-05-13 15:22:18.064,1.0,buy,7758.31,BTC-17MAY19-9000-C,130.02,0.009000000000000001,1.0,0,1557760938064,20230538,41
2019-05-13 15:22:21.424,2.0,sell,7761.99,BTC-17MAY19-9000-C,129.74,0.009000000000000001,2.0,1,1557760941424,20230638,42
2019-05-13 15:22:23.875,1.1,sell,7763.16,BTC-17MAY19-9000-C,129.65,0.009000000000000001,1.1,1,1557760943875,20230728,43
2019-05-13 15:25:23.969,1.0,buy,7785.76,BTC-17MAY19-9000-C,130.14,0.0095,1.0,0,1557761123969,20232862,44
2019-05-13 16:12:32.267,5.0,sell,7817.03,BTC-17MAY19-9000-C,130.43,0.01,5.0,0,1557763952267,20255330,45
2019-05-13 16:13:52.948,10.0,sell,7786.61,BTC-17MAY19-9000-C,128.5,0.009000000000000001,10.0,2,1557764032948,20256081,46
2019-05-13 16:24:19.385,5.4,sell,7856.32,BTC-17MAY19-9000-C,125.41,0.0095,5.4,0,1557764659385,20259466,47
2019-05-13 16:35:03.817,0.4,buy,7865.2,BTC-17MAY19-9000-C,126.94,0.01,0.4,0,1557765303817,20262684,48
2019-05-13 16:35:07.227,0.4,buy,7864.96,BTC-17MAY19-9000-C,126.96,0.01,0.4,1,1557765307227,20262688,49
2019-05-13 16:35:07.455,0.2,buy,7864.96,BTC-17MAY19-9000-C,126.96,0.01,0.2,1,1557765307455,20262690,50
2019-05-13 16:39:21.589,1.0,buy,7889.74,BTC-17MAY19-9000-C,138.67,0.0135,1.0,0,1557765561589,20263713,51
2019-05-13 16:39:21.589,2.0,buy,7889.74,BTC-17MAY19-9000-C,144.13,0.015,2.0,0,1557765561589,20263714,52
2019-05-13 17:18:41.473,0.1,buy,7915.31,BTC-17MAY19-9000-C,137.09,0.0135,0.1,2,1557767921473,20276652,53
2019-05-13 18:00:49.950,0.1,sell,7821.53,BTC-17MAY19-9000-C,115.43,0.0065,0.1,2,1557770449950,20288354,54
2019-05-13 19:27:36.368,1.0,sell,7859.86,BTC-17MAY19-9000-C,116.03,0.006999999999999999,1.0,0,1557775656368,20296445,55
2019-05-13 20:55:04.117,0.1,buy,7869.79,BTC-17MAY19-9000-C,125.53,0.009000000000000001,0.1,0,1557780904117,20309258,56
2019-05-13 22:42:23.301,2.0,sell,8074.44,BTC-17MAY19-9000-C,122.28,0.012,2.0,0,1557787343301,20339286,57
2019-05-13 22:42:27.232,3.0,buy,8075.74,BTC-17MAY19-9000-C,122.17,0.012,3.0,1,1557787347232,20339287,58
2019-05-13 23:31:37.468,0.4,buy,7806.5,BTC-17MAY19-9000-C,130.31,0.0085,0.4,2,1557790297468,20364782,59
2019-05-14 00:34:02.335,0.4,sell,7905.63,BTC-17MAY19-9000-C,127.69,0.0095,0.4,0,1557794042335,20377523,60
2019-05-14 02:30:32.509,1.0,buy,7926.88,BTC-17MAY19-9000-C,123.05,0.0085,1.0,2,1557801032509,20400371,61
2019-05-14 03:51:27.505,1.0,sell,7967.91,BTC-17MAY19-9000-C,105.96,0.0055,1.0,2,1557805887505,20410695,62
2019-05-14 04:26:00.166,1.0,sell,7973.44,BTC-17MAY19-9000-C,105.95,0.0055,1.0,3,1557807960166,20415316,63
2019-05-14 07:37:27.336,4.9,buy,8207.13,BTC-17MAY19-9000-C,132.21,0.016,4.9,0,1557819447336,20451250,64
2019-05-14 08:46:58.189,10.0,buy,8106.64,BTC-17MAY19-9000-C,137.41,0.0145,10.0,2,1557823618189,20473827,65
2019-05-14 08:48:30.155,0.5,buy,8120.33,BTC-17MAY19-9000-C,138.0,0.015,0.5,0,1557823710155,20474413,66
2019-05-14 08:48:30.155,1.5,buy,8120.33,BTC-17MAY19-9000-C,138.0,0.015,1.5,1,1557823710155,20474414,67
2019-05-14 08:50:04.317,0.6,buy,8127.12,BTC-17MAY19-9000-C,139.24,0.0155,0.6,0,1557823804317,20474709,68
2019-05-14 09:05:39.803,10.0,sell,8085.7,BTC-17MAY19-9000-C,137.78,0.013999999999999999,10.0,2,1557824739803,20483971,69
2019-05-14 09:07:29.427,9.4,sell,8099.73,BTC-17MAY19-9000-C,140.27,0.015,9.4,0,1557824849427,20484360,70
2019-05-14 12:45:36.882,0.5,sell,8156.07,BTC-17MAY19-9000-C,122.69,0.011000000000000001,0.5,2,1557837936882,20516932,71
2019-05-14 12:45:36.884,0.5,buy,8156.07,BTC-17MAY19-9000-C,122.69,0.011000000000000001,0.5,3,1557837936884,20516933,72
2019-05-14 13:32:08.921,1.0,sell,8136.47,BTC-17MAY19-9000-C,120.97,0.01,1.0,2,1557840728921,20522459,73
2019-05-14 14:20:50.575,0.1,buy,8087.35,BTC-17MAY19-9000-C,130.62,0.011000000000000001,0.1,0,1557843650575,20526602,74
2019-05-14 14:24:04.929,0.2,buy,8090.09,BTC-17MAY19-9000-C,119.21,0.0085,0.2,2,1557843844929,20527863,75
2019-05-14 14:24:08.417,0.1,buy,8091.01,BTC-17MAY19-9000-C,119.13,0.0085,0.1,3,1557843848417,20527906,76
2019-05-14 14:46:21.146,1.0,sell,7965.77,BTC-17MAY19-9000-C,128.17,0.008,1.0,2,1557845181146,20533962,77
2019-05-14 15:48:05.100,2.0,sell,8018.43,BTC-17MAY19-9000-C,122.0,0.0075,2.0,2,1557848885100,20541765,78
2019-05-14 15:52:26.196,0.2,sell,7972.96,BTC-17MAY19-9000-C,126.06,0.0075,0.2,3,1557849146196,20542581,79
2019-05-14 15:52:35.932,5.0,sell,7964.56,BTC-17MAY19-9000-C,126.81,0.0075,5.0,3,1557849155932,20542670,80
2019-05-14 15:55:48.316,2.8000000000000003,sell,7958.87,BTC-17MAY19-9000-C,127.36,0.0075,2.8000000000000003,3,1557849348316,20543330,81
2019-05-14 16:05:22.803,0.1,sell,7755.14,BTC-17MAY19-9000-C,119.2,0.0035,0.1,2,1557849922803,20550162,82
2019-05-14 18:05:35.749,0.1,sell,8016.55,BTC-17MAY19-9000-C,116.28,0.006,0.1,0,1557857135749,20572750,83
2019-05-14 18:35:36.203,0.9,sell,7864.62,BTC-17MAY19-9000-C,129.88,0.006,0.9,1,1557858936203,20582784,84
2019-05-14 18:35:55.728,1.0,sell,7846.29,BTC-17MAY19-9000-C,131.45,0.006,1.0,1,1557858955728,20582990,85
2019-05-14 18:36:11.812,0.9,sell,7816.39,BTC-17MAY19-9000-C,134.02,0.006,0.9,1,1557858971812,20583274,86
2019-05-14 18:52:52.897,1.2,sell,7876.73,BTC-17MAY19-9000-C,129.14,0.006,1.2,1,1557859972897,20586986,87
2019-05-14 18:54:31.774,1.2,sell,7873.17,BTC-17MAY19-9000-C,129.48,0.006,1.2,1,1557860071774,20587378,88
2019-05-14 18:55:22.158,0.7000000000000001,sell,7868.48,BTC-17MAY19-9000-C,129.88,0.006,0.7000000000000001,1,1557860122158,20587539,89
2019-05-14 19:57:26.255,5.0,sell,7772.55,BTC-17MAY19-9000-C,132.74,0.005,5.0,2,1557863846255,20603932,90
2019-05-14 21:34:10.972,0.9,sell,7829.02,BTC-17MAY19-9000-C,118.68,0.0035,0.9,2,1557869650972,20621956,91
2019-05-14 23:06:53.169,0.4,sell,7941.5,BTC-17MAY19-9000-C,111.02,0.0035,0.4,3,1557875213169,20633783,92
2019-05-14 23:48:58.744,5.0,buy,8058.93,BTC-17MAY19-9000-C,112.12,0.005,5.0,0,1557877738744,20639780,93
2019-05-15 00:39:31.004,3.0,buy,8041.14,BTC-17MAY19-9000-C,139.64,0.0095,3.0,0,1557880771004,20649480,94
2019-05-15 02:11:35.450,1.0,buy,8016.59,BTC-17MAY19-9000-C,130.62,0.006999999999999999,1.0,2,1557886295450,20660073,95
2019-05-15 03:51:12.265,0.3,sell,8033.54,BTC-17MAY19-9000-C,115.31,0.0045,0.3,2,1557892272265,20666436,96
2019-05-15 06:28:37.726,0.5,buy,8046.55,BTC-17MAY19-9000-C,127.1,0.006,0.5,0,1557901717726,20671030,97
2019-05-15 10:05:11.994,9.5,buy,8185.77,BTC-17MAY19-9000-C,117.86,0.006,9.5,1,1557914711994,20693996,98
2019-05-15 11:51:12.317,1.0,sell,8026.34,BTC-17MAY19-9000-C,129.73,0.005,1.0,2,1557921072317,20703794,99
2019-05-15 11:52:48.006,1.0,sell,8015.39,BTC-17MAY19-9000-C,130.87,0.005,1.0,3,1557921168006,20703856,100
2019-05-15 11:57:27.671,0.8,sell,7966.81,BTC-17MAY19-9000-C,135.8,0.005,0.8,3,1557921447671,20704686,101
2019-05-15 12:12:40.908,2.9,buy,7938.13,BTC-17MAY19-9000-C,139.07,0.005,2.9,3,1557922360908,20707070,102
2019-05-15 12:19:16.235,1.0,sell,7946.97,BTC-17MAY19-9000-C,138.34,0.005,1.0,3,1557922756235,20708150,103
2019-05-15 12:19:27.815,2.0,buy,7946.11,BTC-17MAY19-9000-C,138.43,0.005,2.0,3,1557922767815,20708181,104
2019-05-15 13:15:18.832,3.0,buy,7935.9,BTC-17MAY19-9000-C,128.59,0.0035,3.0,2,1557926118832,20717085,105
2019-05-15 15:58:29.102,1.0,buy,8023.76,BTC-17MAY19-9000-C,143.81,0.006,1.0,0,1557935909102,20733256,106
2019-05-15 19:25:54.839,1.0,buy,8178.24,BTC-17MAY19-9000-C,132.93,0.006,1.0,1,1557948354839,20766266,107
2019-05-15 19:26:18.037,1.0,buy,8171.37,BTC-17MAY19-9000-C,133.72,0.006,1.0,1,1557948378037,20766308,108
2019-05-15 20:09:11.931,0.1,buy,8204.97,BTC-17MAY19-9000-C,134.54,0.0065,0.1,0,1557950951931,20773056,109
2019-05-15 20:09:34.620,0.2,buy,8216.82,BTC-17MAY19-9000-C,133.18,0.0065,0.2,1,1557950974620,20773144,110
2019-05-15 20:14:03.049,0.3,sell,8232.73,BTC-17MAY19-9000-C,131.43,0.0065,0.3,1,1557951243049,20773883,111
2019-05-15 20:14:33.542,1.0,sell,8226.76,BTC-17MAY19-9000-C,132.16,0.0065,1.0,1,1557951273542,20773949,112
2019-05-15 23:27:49.777,25.0,buy,8190.68,BTC-17MAY19-9000-C,146.47,0.006999999999999999,25.0,0,1557962869777,20795257,113
2019-05-15 23:27:49.777,30.0,buy,8190.68,BTC-17MAY19-9000-C,146.47,0.006999999999999999,30.0,1,1557962869777,20795258,114
2019-05-16 03:19:16.054,10.0,sell,8285.76,BTC-17MAY19-9000-C,124.41,0.0045,10.0,2,1557976756054,20835490,115
2019-05-16 04:44:50.155,1.0,sell,7930.51,BTC-17MAY19-9000-C,134.33,0.0015,1.0,2,1557981890155,20857389,116
2019-05-16 07:05:56.566,1.0,sell,8104.64,BTC-17MAY19-9000-C,121.15,0.0015,1.0,3,1557990356566,20879910,117
2019-05-16 07:16:45.899,54.0,sell,8078.02,BTC-17MAY19-9000-C,115.13,0.001,54.0,2,1557991005899,20880666,118
2019-05-16 08:23:17.501,10.0,buy,8044.22,BTC-17MAY19-9000-C,131.32,0.0015,10.0,0,1557994997501,20888441,119
2019-05-16 09:28:08.976,2.0,buy,8038.49,BTC-17MAY19-9000-C,143.5,0.002,2.0,0,1557998888976,20893064,120
2019-05-16 10:24:36.035,0.1,sell,7851.88,BTC-17MAY19-9000-C,148.81,0.001,0.1,2,1558002276035,20906777,121
2019-05-16 10:30:15.868,0.1,buy,7847.5,BTC-17MAY19-9000-C,170.62,0.002,0.1,0,1558002615868,20908020,122
2019-05-16 11:16:52.867,2.0,sell,7864.17,BTC-17MAY19-9000-C,150.47,0.001,2.0,2,1558005412867,20916926,123
2019-05-16 12:41:16.151,0.1,sell,7848.43,BTC-17MAY19-9000-C,140.96,0.0005,0.1,2,1558010476151,20924566,124
2019-05-16 12:42:52.906,0.1,sell,7863.64,BTC-17MAY19-9000-C,139.41,0.0005,0.1,3,1558010572906,20925111,125
2019-05-16 13:19:06.678,0.9,sell,7849.18,BTC-17MAY19-9000-C,143.25,0.0005,0.9,3,1558012746678,20930371,126
2019-05-16 13:35:55.532,1.0,buy,7865.01,BTC-17MAY19-9000-C,171.91,0.0015,1.0,0,1558013755532,20931451,127
2019-05-16 13:55:42.547,1.0,buy,7839.86,BTC-17MAY19-9000-C,176.76,0.0015,1.0,1,1558014942547,20932563,128
2019-05-16 19:56:44.767,6.3,sell,7823.68,BTC-17MAY19-9000-C,181.93,0.0005,6.3,2,1558036604767,20971877,129
2019-05-16 19:56:44.767,13.7,sell,7823.68,BTC-17MAY19-9000-C,181.93,0.0005,13.7,3,1558036604767,20971878,130
2019-05-17 00:45:32.570,1.0,buy,7918.21,BTC-17MAY19-9000-C,217.8,0.0005,1.0,3,1558053932570,21004859,131
