date_utc,amount,direction,indexPrice,instrument,iv,price,quantity,tickDirection,timeStamp,tradeId,tradeSeq
2019-05-24 11:29:44.637,0.2,buy,8048.26,BTC-7JUN19-8500-C,87.75,0.0455,0.2,1,1558697384637,21983676,1
2019-05-24 11:55:51.864,0.1,buy,8041.02,BTC-7JUN19-8500-C,88.9,0.046,0.1,0,1558698951864,21985699,2
2019-05-24 14:08:40.669,5.0,sell,7999.04,BTC-7JUN19-8500-C,85.67,0.0415,5.0,2,1558706920669,21990875,3
2019-05-24 14:52:49.219,0.1,buy,8046.65,BTC-7JUN19-8500-C,86.97,0.0445,0.1,0,1558709569219,21992467,4
2019-05-24 15:03:53.534,4.9,buy,8074.22,BTC-7JUN19-8500-C,87.33,0.046,4.9,0,1558710233534,21994210,5
2019-05-24 15:16:21.258,0.1,buy,8139.54,BTC-7JUN19-8500-C,87.33,0.049,0.1,0,1558710981258,21996570,6
2019-05-24 15:16:46.559,10.0,buy,8143.9,BTC-7JUN19-8500-C,89.03,0.0505,10.0,0,1558711006559,21996842,7
2019-05-24 15:49:52.314,10.0,buy,8122.24,BTC-7JUN19-8500-C,89.78,0.05,10.0,2,1558712992314,21999627,8
2019-05-24 16:10:10.180,0.2,buy,8173.12,BTC-7JUN19-8500-C,89.29,0.052000000000000005,0.2,0,1558714210180,22001751,9
2019-05-24 16:33:06.007,15.0,sell,8145.05,BTC-7JUN19-8500-C,89.13,0.0505,15.0,3,1558715586007,22003680,11
2019-05-24 16:33:06.007,84.9,sell,8145.05,BTC-7JUN19-8500-C,88.47,0.05,84.9,2,1558715586007,22003681,12
2019-05-24 16:33:06.007,0.1,sell,8145.05,BTC-7JUN19-8500-C,89.13,0.0505,0.1,2,1558715586007,22003679,10
2019-05-24 17:04:53.108,3.3000000000000003,sell,8073.88,BTC-7JUN19-8500-C,92.92,0.05,3.3000000000000003,3,1558717493108,22006319,13
2019-05-24 17:11:13.814,3.1,sell,8050.36,BTC-7JUN19-8500-C,94.37,0.05,3.1,3,1558717873814,22007415,14
2019-05-24 17:11:15.351,8.700000000000001,sell,8050.12,BTC-7JUN19-8500-C,94.38,0.05,8.700000000000001,3,1558717875351,22007483,15
2019-05-24 18:25:35.850,1.0,sell,8074.64,BTC-7JUN19-8500-C,91.74,0.049,1.0,2,1558722335850,22010792,16
2019-05-24 19:09:46.259,3.0,sell,8035.38,BTC-7JUN19-8500-C,94.23,0.049,3.0,3,1558724986259,22012626,17
2019-05-24 19:58:33.449,2.0,buy,8066.51,BTC-7JUN19-8500-C,93.79,0.05,2.0,0,1558727913449,22015480,18
2019-05-24 20:39:50.736,0.1,buy,8086.4,BTC-7JUN19-8500-C,92.67,0.05,0.1,1,1558730390736,22017840,19
2019-05-24 21:13:00.185,0.1,sell,8100.72,BTC-7JUN19-8500-C,87.87,0.047,0.1,2,1558732380185,22019497,20
2019-05-25 07:09:32.787,0.1,sell,7969.27,BTC-7JUN19-8500-C,88.36,0.0405,0.1,2,1558768172787,22041229,21
2019-05-25 10:38:20.481,0.2,buy,8117.45,BTC-7JUN19-8500-C,88.03,0.0465,0.2,0,1558780700481,22049098,22
2019-05-25 11:20:03.571,5.0,buy,8148.19,BTC-7JUN19-8500-C,86.86,0.047,5.0,0,1558783203571,22051418,23
2019-05-26 12:39:48.934,0.4,buy,7954.56,BTC-7JUN19-8500-C,90.83,0.0385,0.4,2,1558874388934,22102235,24
2019-05-26 19:14:56.045,1.0,buy,8088.01,BTC-7JUN19-8500-C,82.69,0.038,1.0,2,1558898096045,22114067,25
2019-05-26 19:14:56.045,0.5,buy,8088.01,BTC-7JUN19-8500-C,82.69,0.038,0.5,3,1558898096045,22114068,26
2019-05-26 19:16:13.078,0.1,buy,8093.31,BTC-7JUN19-8500-C,83.08,0.0385,0.1,0,1558898173078,22114319,27
2019-05-26 19:31:07.864,2.0,buy,8292.32,BTC-7JUN19-8500-C,86.09,0.05,2.0,0,1558899067864,22125040,28
2019-05-26 19:31:10.207,0.9,buy,8299.64,BTC-7JUN19-8500-C,85.57,0.05,0.9,1,1558899070207,22125235,29
2019-05-26 19:37:46.135,0.5,buy,8498.64,BTC-7JUN19-8500-C,84.86,0.06,0.5,0,1558899466135,22139246,30
2019-05-26 19:46:40.072,0.2,buy,8437.67,BTC-7JUN19-8500-C,90.99,0.061,0.2,0,1558900000072,22151616,31
2019-05-26 19:46:49.418,0.2,buy,8437.15,BTC-7JUN19-8500-C,90.32,0.0605,0.2,2,1558900009418,22151784,32
2019-05-26 19:50:20.425,5.0,buy,8461.72,BTC-7JUN19-8500-C,92.7,0.0635,5.0,0,1558900220425,22154276,33
2019-05-26 19:50:43.634,0.1,sell,8454.58,BTC-7JUN19-8500-C,88.3,0.06,0.1,2,1558900243634,22154575,34
2019-05-26 19:50:47.794,0.1,sell,8453.91,BTC-7JUN19-8500-C,86.94,0.059,0.1,2,1558900247794,22154634,35
2019-05-26 19:54:49.791,0.2,buy,8523.83,BTC-7JUN19-8500-C,90.72,0.0655,0.2,0,1558900489791,22156950,36
2019-05-26 19:56:27.170,3.0,buy,8590.36,BTC-7JUN19-8500-C,92.52,0.0705,3.0,0,1558900587170,22158722,37
2019-05-26 20:08:47.252,1.0,buy,8758.21,BTC-7JUN19-8500-C,93.59,0.081,1.0,0,1558901327252,22174594,38
2019-05-26 20:09:00.254,1.0,buy,8749.0,BTC-7JUN19-8500-C,92.93,0.08,1.0,2,1558901340254,22174760,39
2019-05-26 20:12:54.165,1.0,buy,8603.47,BTC-7JUN19-8500-C,92.93,0.0715,1.0,2,1558901574165,22178749,40
2019-05-26 20:13:21.339,0.2,buy,8617.02,BTC-7JUN19-8500-C,92.54,0.07200000000000001,0.2,0,1558901601339,22179082,41
2019-05-26 20:13:23.043,1.0,buy,8617.39,BTC-7JUN19-8500-C,92.51,0.07200000000000001,1.0,1,1558901603043,22179111,42
2019-05-26 20:13:26.026,0.2,buy,8622.76,BTC-7JUN19-8500-C,92.78,0.0725,0.2,0,1558901606026,22179204,43
2019-05-26 20:13:47.282,2.6,buy,8639.39,BTC-7JUN19-8500-C,92.85,0.0735,2.6,0,1558901627282,22179531,44
2019-05-26 20:17:07.821,0.1,sell,8653.81,BTC-7JUN19-8500-C,90.22,0.0725,0.1,2,1558901827821,22181946,45
2019-05-26 20:20:28.172,0.9,buy,8661.53,BTC-7JUN19-8500-C,90.3,0.073,0.9,0,1558902028172,22183708,46
2019-05-26 20:29:20.697,0.2,sell,8742.14,BTC-7JUN19-8500-C,94.32,0.0805,0.2,0,1558902560697,22186844,47
2019-05-26 20:29:28.983,0.2,buy,8741.79,BTC-7JUN19-8500-C,93.62,0.08,0.2,2,1558902568983,22186905,48
2019-05-26 20:34:08.092,1.0,buy,8667.21,BTC-7JUN19-8500-C,94.91,0.0765,1.0,2,1558902848092,22189005,49
2019-05-26 20:38:28.518,1.0,buy,8583.21,BTC-7JUN19-8500-C,95.36,0.07200000000000001,1.0,2,1558903108518,22190942,50
2019-05-26 21:51:21.113,0.2,buy,8654.29,BTC-7JUN19-8500-C,94.76,0.0755,0.2,0,1558907481113,22209828,51
2019-05-26 22:02:35.050,0.2,buy,8668.66,BTC-7JUN19-8500-C,96.49,0.0775,0.2,0,1558908155050,22211737,52
2019-05-26 22:04:02.517,0.1,sell,8654.92,BTC-7JUN19-8500-C,96.19,0.0765,0.1,2,1558908242517,22212124,53
2019-05-26 22:17:10.137,0.2,buy,8772.76,BTC-7JUN19-8500-C,97.09,0.084,0.2,0,1558909030137,22216191,54
2019-05-26 22:17:16.064,0.2,buy,8771.25,BTC-7JUN19-8500-C,97.22,0.084,0.2,1,1558909036064,22216293,55
2019-05-26 23:27:35.893,1.0,buy,8728.54,BTC-7JUN19-8500-C,111.36,0.091,1.0,0,1558913255893,22228872,56
2019-05-26 23:36:13.128,0.5,buy,8760.89,BTC-7JUN19-8500-C,115.98,0.096,0.5,0,1558913773128,22230508,57
2019-05-27 03:59:40.695,1.0,sell,8771.17,BTC-7JUN19-8500-C,87.84,0.077,1.0,2,1558929580695,22272267,58
2019-05-27 04:00:37.855,1.0,sell,8776.34,BTC-7JUN19-8500-C,92.6,0.0805,1.0,0,1558929637855,22272377,59
2019-05-27 04:01:03.522,0.5,sell,8778.15,BTC-7JUN19-8500-C,93.92,0.0815,0.5,0,1558929663522,22272401,60
2019-05-27 07:15:13.105,0.2,buy,8797.07,BTC-7JUN19-8500-C,113.03,0.095,0.2,0,1558941313105,22279058,61
2019-05-27 16:43:34.048,0.1,sell,8673.88,BTC-7JUN19-8500-C,109.24,0.084,0.1,2,1558975414048,22327116,62
2019-05-27 19:08:08.171,0.2,buy,8820.6,BTC-7JUN19-8500-C,107.39,0.091,0.2,0,1558984088171,22350578,63
2019-05-27 20:40:28.301,0.2,sell,8766.87,BTC-7JUN19-8500-C,101.86,0.084,0.2,2,1558989628301,22356046,64
2019-05-28 06:34:30.486,1.0,sell,8730.11,BTC-7JUN19-8500-C,103.42,0.0815,1.0,2,1559025270486,22382998,65
2019-05-28 09:24:24.485,0.2,sell,8725.49,BTC-7JUN19-8500-C,100.55,0.079,0.2,2,1559035464485,22392940,66
2019-05-28 13:33:58.614,0.2,buy,8621.92,BTC-7JUN19-8500-C,106.93,0.0765,0.2,2,1559050438614,22414596,67
2019-05-28 17:35:48.188,0.1,sell,8789.34,BTC-7JUN19-8500-C,101.82,0.0825,0.1,0,1559064948188,22430809,68
2019-05-28 20:53:45.311,2.0,sell,8696.14,BTC-7JUN19-8500-C,97.84,0.07400000000000001,2.0,2,1559076825311,22447012,69
2019-05-29 01:43:40.681,0.2,buy,8683.26,BTC-7JUN19-8500-C,108.97,0.0795,0.2,0,1559094220681,22456500,70
2019-05-29 06:10:40.315,0.2,buy,8501.98,BTC-7JUN19-8500-C,101.67,0.064,0.2,2,1559110240315,22481142,71
2019-05-29 10:52:28.197,1.0,buy,8681.87,BTC-7JUN19-8500-C,104.85,0.0755,1.0,0,1559127148197,22502011,72
2019-05-29 11:39:42.125,0.3,sell,8635.06,BTC-7JUN19-8500-C,100.49,0.07,0.3,2,1559129982125,22504914,73
2019-05-29 14:05:15.566,0.1,buy,8752.98,BTC-7JUN19-8500-C,104.46,0.079,0.1,0,1559138715566,22516955,74
2019-05-29 20:01:41.556,4.8,sell,8700.71,BTC-7JUN19-8500-C,94.35,0.069,4.8,2,1559160101556,22535982,75
2019-05-29 20:11:36.144,1.2,buy,8711.92,BTC-7JUN19-8500-C,100.86,0.0735,1.2,0,1559160696144,22536479,76
2019-05-29 20:13:27.519,24.0,sell,8708.39,BTC-7JUN19-8500-C,93.61,0.069,24.0,2,1559160807519,22536521,77
2019-05-29 20:45:32.585,0.1,sell,8656.82,BTC-7JUN19-8500-C,95.56,0.067,0.1,2,1559162732585,22539135,78
2019-05-30 10:06:43.955,2.5,sell,8730.09,BTC-7JUN19-8500-C,99.06,0.0715,2.5,0,1559210803955,22593269,79
2019-05-30 12:16:59.915,0.1,sell,8713.78,BTC-7JUN19-8500-C,98.72,0.07,0.1,2,1559218619915,22600872,80
2019-05-30 16:03:46.612,0.6,buy,9070.4,BTC-7JUN19-8500-C,101.19,0.0935,0.6,0,1559232226612,22623963,81
2019-05-30 16:06:54.020,0.1,buy,9001.59,BTC-7JUN19-8500-C,105.13,0.091,0.1,2,1559232414020,22626471,82
2019-05-30 16:14:02.687,4.1,sell,8954.63,BTC-7JUN19-8500-C,95.72,0.083,4.1,3,1559232842687,22631532,84
2019-05-30 16:14:02.687,18.0,sell,8954.63,BTC-7JUN19-8500-C,95.72,0.083,18.0,2,1559232842687,22631531,83
2019-05-30 16:29:36.336,0.4,buy,8716.29,BTC-7JUN19-8500-C,100.47,0.0705,0.4,2,1559233776336,22649854,85
2019-05-30 16:29:57.474,1.6,buy,8711.18,BTC-7JUN19-8500-C,103.69,0.07200000000000001,1.6,0,1559233797474,22649961,86
2019-05-30 16:45:26.138,0.4,sell,8692.76,BTC-7JUN19-8500-C,94.16,0.0655,0.4,2,1559234726138,22654657,87
2019-05-30 17:04:33.450,0.2,sell,8618.12,BTC-7JUN19-8500-C,93.28,0.0605,0.2,2,1559235873450,22660176,88
2019-05-30 17:10:10.414,0.3,sell,8584.06,BTC-7JUN19-8500-C,93.29,0.0585,0.3,2,1559236210414,22663457,89
2019-05-30 17:41:52.423,0.2,sell,8629.43,BTC-7JUN19-8500-C,94.03,0.0615,0.2,0,1559238112423,22668577,90
2019-05-30 18:12:54.164,0.3,buy,8616.69,BTC-7JUN19-8500-C,101.66,0.065,0.3,0,1559239974164,22671745,91
2019-05-30 18:12:54.164,1.7,buy,8616.69,BTC-7JUN19-8500-C,103.43,0.066,1.7,0,1559239974164,22671746,92
2019-05-30 18:13:58.827,2.0,buy,8622.85,BTC-7JUN19-8500-C,102.8,0.066,2.0,1,1559240038827,22671772,93
2019-05-30 18:34:47.650,0.3,sell,8623.21,BTC-7JUN19-8500-C,91.37,0.0595,0.3,2,1559241287650,22672908,94
2019-05-30 18:36:07.197,0.2,buy,8621.56,BTC-7JUN19-8500-C,92.43,0.06,0.2,0,1559241367197,22672931,95
2019-05-30 18:37:21.139,4.4,sell,8623.71,BTC-7JUN19-8500-C,91.33,0.0595,4.4,2,1559241441139,22672936,96
2019-05-30 18:37:21.220,5.0,buy,8623.71,BTC-7JUN19-8500-C,91.33,0.0595,5.0,3,1559241441220,22672937,97
2019-05-30 19:51:43.628,0.1,sell,8596.2,BTC-7JUN19-8500-C,91.85,0.058,0.1,2,1559245903628,22677411,98
2019-05-30 20:14:28.701,0.2,sell,8565.25,BTC-7JUN19-8500-C,92.46,0.0565,0.2,2,1559247268701,22681786,99
2019-05-30 20:14:31.764,0.8,buy,8564.49,BTC-7JUN19-8500-C,92.55,0.0565,0.8,3,1559247271764,22681791,100
2019-05-30 20:21:31.204,0.2,sell,8503.75,BTC-7JUN19-8500-C,96.86,0.0555,0.2,2,1559247691204,22684077,101
2019-05-30 20:21:43.195,0.2,sell,8495.03,BTC-7JUN19-8500-C,96.83,0.055,0.2,2,1559247703195,22684363,102
2019-05-30 20:21:48.685,0.2,sell,8489.39,BTC-7JUN19-8500-C,96.51,0.0545,0.2,2,1559247708685,22684525,103
2019-05-30 20:21:49.229,0.2,sell,8489.24,BTC-7JUN19-8500-C,99.15,0.056,0.2,0,1559247709229,22684528,104
2019-05-30 20:22:12.261,0.2,sell,8491.0,BTC-7JUN19-8500-C,100.73,0.057,0.2,0,1559247732261,22685026,105
2019-05-30 20:24:55.330,1.0,buy,8491.37,BTC-7JUN19-8500-C,97.2,0.055,1.0,2,1559247895330,22685669,106
2019-05-30 20:25:29.421,0.1,buy,8462.36,BTC-7JUN19-8500-C,100.0,0.055,0.1,3,1559247929421,22686017,107
2019-05-30 20:25:33.771,0.1,sell,8444.86,BTC-7JUN19-8500-C,97.29,0.0525,0.1,2,1559247933771,22686429,108
2019-05-30 20:25:34.426,0.2,sell,8444.23,BTC-7JUN19-8500-C,96.47,0.052000000000000005,0.2,2,1559247934426,22686478,109
2019-05-30 20:25:34.517,1.0,buy,8444.23,BTC-7JUN19-8500-C,99.97,0.054000000000000006,1.0,0,1559247934517,22686491,110
2019-05-30 20:25:38.557,0.2,sell,8434.76,BTC-7JUN19-8500-C,94.74,0.0505,0.2,2,1559247938557,22686771,111
2019-05-30 20:25:40.707,0.1,sell,8425.72,BTC-7JUN19-8500-C,94.71,0.05,0.1,2,1559247940707,22686945,112
2019-05-30 20:25:54.328,0.2,buy,8413.61,BTC-7JUN19-8500-C,98.47,0.0515,0.2,0,1559247954328,22687701,113
2019-05-30 20:32:34.470,5.0,sell,8507.62,BTC-7JUN19-8500-C,99.17,0.057,5.0,0,1559248354470,22692665,114
2019-05-30 20:36:46.983,5.0,sell,8513.22,BTC-7JUN19-8500-C,99.52,0.0575,5.0,0,1559248606983,22693490,115
2019-05-30 21:02:13.761,0.6,buy,8487.29,BTC-7JUN19-8500-C,98.65,0.0555,0.6,2,1559250133761,22696852,116
2019-05-30 21:02:13.799,1.4,sell,8487.29,BTC-7JUN19-8500-C,100.4,0.0565,1.4,0,1559250133799,22696854,117
2019-05-30 21:27:51.848,5.0,sell,8019.76,BTC-7JUN19-8500-C,99.15,0.033,5.0,2,1559251671848,22719158,118
2019-05-30 21:28:09.047,5.0,sell,8009.98,BTC-7JUN19-8500-C,99.91,0.033,5.0,3,1559251689047,22719525,119
2019-05-30 22:03:19.108,0.1,sell,8185.73,BTC-7JUN19-8500-C,93.33,0.037000000000000005,0.1,0,1559253799108,22739857,120
2019-05-30 22:39:17.089,1.5,buy,8282.15,BTC-7JUN19-8500-C,103.08,0.047,1.5,0,1559255957089,22745974,121
2019-05-30 23:32:39.978,3.5,buy,8283.56,BTC-7JUN19-8500-C,103.22,0.047,3.5,1,1559259159978,22750831,122
2019-05-31 00:05:21.497,5.0,sell,8323.35,BTC-7JUN19-8500-C,93.61,0.0435,5.0,2,1559261121497,22754089,123
2019-05-31 00:35:56.539,0.1,buy,8319.05,BTC-7JUN19-8500-C,96.8,0.045,0.1,0,1559262956539,22755569,124
2019-05-31 00:52:06.111,0.1,buy,8294.73,BTC-7JUN19-8500-C,95.48,0.043,0.1,2,1559263926111,22756678,125
2019-05-31 02:09:23.883,2.5,sell,8299.63,BTC-7JUN19-8500-C,93.61,0.042,2.5,2,1559268563883,22760531,126
2019-05-31 03:57:32.562,0.1,buy,8276.61,BTC-7JUN19-8500-C,101.55,0.045,0.1,0,1559275052562,22766849,127
2019-05-31 04:01:21.446,0.5,buy,8277.71,BTC-7JUN19-8500-C,100.57,0.0445,0.5,2,1559275281446,22766931,128
2019-05-31 04:59:55.470,4.9,buy,8155.58,BTC-7JUN19-8500-C,96.82,0.0365,4.9,2,1559278795470,22771172,129
2019-05-31 05:02:31.396,0.2,sell,8132.41,BTC-7JUN19-8500-C,96.91,0.0355,0.2,2,1559278951396,22772081,130
2019-05-31 05:10:31.610,5.0,buy,8166.39,BTC-7JUN19-8500-C,96.89,0.037000000000000005,5.0,0,1559279431610,22772826,131
2019-05-31 05:13:54.234,0.1,buy,8185.11,BTC-7JUN19-8500-C,99.0,0.039,0.1,0,1559279634234,22773292,132
2019-05-31 05:23:56.934,0.3,buy,8196.71,BTC-7JUN19-8500-C,98.05,0.039,0.3,1,1559280236934,22773771,133
2019-05-31 05:30:14.468,0.6,buy,8206.31,BTC-7JUN19-8500-C,97.26,0.039,0.6,1,1559280614468,22774268,134
2019-05-31 05:42:47.310,4.0,buy,8208.52,BTC-7JUN19-8500-C,97.13,0.039,4.0,1,1559281367310,22774868,135
2019-05-31 05:43:36.591,3.5,buy,8216.85,BTC-7JUN19-8500-C,100.99,0.0415,3.5,0,1559281416591,22774973,136
2019-05-31 05:43:36.591,0.6,buy,8216.85,BTC-7JUN19-8500-C,100.99,0.0415,0.6,1,1559281416591,22774974,137
2019-05-31 05:43:39.528,0.9,sell,8217.53,BTC-7JUN19-8500-C,100.93,0.0415,0.9,1,1559281419528,22774975,138
2019-05-31 06:59:24.487,1.0,buy,8276.87,BTC-7JUN19-8500-C,96.98,0.042,1.0,0,1559285964487,22777799,139
2019-05-31 07:55:58.196,0.1,buy,8279.92,BTC-7JUN19-8500-C,95.15,0.041,0.1,2,1559289358196,22781015,140
2019-05-31 08:01:04.006,0.5,sell,8306.09,BTC-7JUN19-8500-C,93.73,0.0415,0.5,0,1559289664006,22781887,141
2019-05-31 08:04:50.373,5.5,sell,8292.56,BTC-7JUN19-8500-C,94.97,0.0415,5.5,1,1559289890373,22782415,142
2019-05-31 08:10:47.847,3.0,buy,8278.61,BTC-7JUN19-8500-C,94.43,0.0405,3.0,2,1559290247847,22783123,143
2019-05-31 08:13:40.849,6.0,sell,8281.62,BTC-7JUN19-8500-C,93.26,0.04,6.0,2,1559290420849,22783274,144
2019-05-31 08:14:13.113,4.0,sell,8278.28,BTC-7JUN19-8500-C,92.64,0.0395,4.0,2,1559290453113,22783301,145
2019-05-31 08:14:19.608,0.2,sell,8279.72,BTC-7JUN19-8500-C,92.51,0.0395,0.2,3,1559290459608,22783303,146
2019-05-31 08:17:36.517,0.3,buy,8285.81,BTC-7JUN19-8500-C,96.55,0.042,0.3,0,1559290656517,22783516,147
2019-05-31 08:17:53.752,2.0,sell,8289.46,BTC-7JUN19-8500-C,92.57,0.04,2.0,2,1559290673752,22783532,148
2019-05-31 08:20:08.471,0.6,sell,8287.19,BTC-7JUN19-8500-C,90.96,0.039,0.6,2,1559290808471,22783625,149
2019-05-31 08:20:08.471,5.4,sell,8287.19,BTC-7JUN19-8500-C,90.96,0.039,5.4,3,1559290808471,22783626,150
2019-05-31 08:23:33.928,0.5,buy,8294.4,BTC-7JUN19-8500-C,95.81,0.042,0.5,0,1559291013928,22783771,151
2019-05-31 08:36:15.084,1.0,sell,8306.1,BTC-7JUN19-8500-C,91.15,0.04,1.0,2,1559291775084,22784504,152
2019-05-31 08:43:16.368,1.0,sell,8284.06,BTC-7JUN19-8500-C,89.51,0.038,1.0,2,1559292196368,22785177,153
2019-05-31 08:46:41.527,0.1,buy,8286.73,BTC-7JUN19-8500-C,89.29,0.038,0.1,3,1559292401527,22785306,154
2019-05-31 08:52:43.009,0.6,sell,8282.84,BTC-7JUN19-8500-C,92.41,0.0395,0.6,0,1559292763009,22785540,155
2019-05-31 08:52:44.768,0.3,sell,8282.24,BTC-7JUN19-8500-C,92.47,0.0395,0.3,1,1559292764768,22785544,156
2019-05-31 09:02:11.683,0.5,buy,8278.24,BTC-7JUN19-8500-C,93.78,0.04,0.5,0,1559293331683,22786087,157
2019-05-31 09:07:28.428,0.6,sell,8281.39,BTC-7JUN19-8500-C,87.1,0.0365,0.6,2,1559293648428,22786351,158
2019-05-31 09:09:37.942,0.5,buy,8283.26,BTC-7JUN19-8500-C,87.87,0.037000000000000005,0.5,0,1559293777942,22786369,159
2019-05-31 10:17:51.912,1.0,sell,8325.63,BTC-7JUN19-8500-C,84.33,0.037000000000000005,1.0,1,1559297871912,22788769,160
2019-05-31 10:18:10.496,1.0,sell,8327.17,BTC-7JUN19-8500-C,84.19,0.037000000000000005,1.0,1,1559297890496,22788777,161
2019-05-31 11:10:56.302,0.6,buy,8253.2,BTC-7JUN19-8500-C,85.51,0.034,0.6,2,1559301056302,22791518,162
2019-05-31 11:11:00.064,0.6,sell,8253.97,BTC-7JUN19-8500-C,85.44,0.034,0.6,3,1559301060064,22791524,163
2019-05-31 11:11:24.098,0.5,sell,8259.51,BTC-7JUN19-8500-C,84.95,0.034,0.5,3,1559301084098,22791548,164
2019-05-31 11:55:17.149,3.5,buy,8232.47,BTC-7JUN19-8500-C,85.64,0.033,3.5,2,1559303717149,22795354,165
2019-05-31 12:33:21.958,0.1,buy,8286.54,BTC-7JUN19-8500-C,86.62,0.036000000000000004,0.1,0,1559306001958,22797029,166
2019-05-31 12:45:30.893,0.4,buy,8295.42,BTC-7JUN19-8500-C,85.87,0.036000000000000004,0.4,1,1559306730893,22797372,167
2019-05-31 13:00:35.255,0.4,buy,8315.29,BTC-7JUN19-8500-C,90.61,0.0395,0.4,0,1559307635255,22798130,170
2019-05-31 13:00:35.255,1.5,buy,8315.29,BTC-7JUN19-8500-C,91.53,0.04,1.5,0,1559307635255,22798131,171
2019-05-31 13:00:35.255,0.1,buy,8315.29,BTC-7JUN19-8500-C,88.76,0.0385,0.1,0,1559307635255,22798128,168
2019-05-31 13:00:35.255,0.1,buy,8315.29,BTC-7JUN19-8500-C,89.68,0.039,0.1,0,1559307635255,22798129,169
2019-05-31 13:00:54.533,2.3000000000000003,buy,8318.99,BTC-7JUN19-8500-C,91.19,0.04,2.3000000000000003,1,1559307654533,22798150,173
2019-05-31 13:00:54.533,0.6,buy,8318.99,BTC-7JUN19-8500-C,91.19,0.04,0.6,1,1559307654533,22798149,172
2019-05-31 13:08:04.301,0.1,sell,8391.62,BTC-7JUN19-8500-C,83.46,0.0395,0.1,2,1559308084301,22800209,174
2019-05-31 13:10:09.150,0.5,sell,8404.42,BTC-7JUN19-8500-C,82.23,0.0395,0.5,3,1559308209150,22800591,175
2019-05-31 13:14:08.216,0.1,buy,8398.62,BTC-7JUN19-8500-C,89.25,0.043,0.1,0,1559308448216,22802225,176
2019-05-31 14:03:47.607,0.4,sell,8449.37,BTC-7JUN19-8500-C,81.71,0.0415,0.4,2,1559311427607,22807495,177
2019-05-31 14:42:56.799,0.1,sell,8415.26,BTC-7JUN19-8500-C,81.57,0.0395,0.1,2,1559313776799,22811014,178
2019-05-31 14:57:36.707,1.0,sell,8423.01,BTC-7JUN19-8500-C,80.87,0.0395,1.0,3,1559314656707,22811424,179
2019-05-31 15:01:45.451,6.0,buy,8422.79,BTC-7JUN19-8500-C,86.46,0.0425,6.0,0,1559314905451,22811517,180
2019-05-31 15:02:07.316,2.6,buy,8423.69,BTC-7JUN19-8500-C,86.37,0.0425,2.6,1,1559314927316,22811524,181
2019-05-31 15:23:29.582,3.0,buy,8415.61,BTC-7JUN19-8500-C,86.33,0.042,3.0,2,1559316209582,22812177,182
2019-05-31 16:18:28.599,0.7000000000000001,sell,8339.46,BTC-7JUN19-8500-C,82.74,0.036000000000000004,0.7000000000000001,2,1559319508599,22817797,183
2019-05-31 17:10:29.964,0.1,buy,8416.58,BTC-7JUN19-8500-C,84.86,0.040999999999999995,0.1,0,1559322629964,22824102,184
2019-05-31 17:14:43.033,1.0,sell,8417.28,BTC-7JUN19-8500-C,83.88,0.0405,1.0,2,1559322883033,22824870,185
2019-05-31 17:44:56.106,0.1,sell,8421.32,BTC-7JUN19-8500-C,85.48,0.0415,0.1,0,1559324696106,22826251,186
2019-05-31 20:50:19.927,4.9,buy,8493.14,BTC-7JUN19-8500-C,85.52,0.045,4.9,0,1559335819927,22840202,187
2019-05-31 22:34:11.154,0.1,buy,8496.87,BTC-7JUN19-8500-C,89.4,0.047,0.1,0,1559342051154,22848544,188
2019-06-01 04:31:35.111,0.2,buy,8529.78,BTC-7JUN19-8500-C,89.53,0.048,0.2,0,1559363495111,22863503,189
2019-06-01 04:36:44.025,1.7,buy,8530.45,BTC-7JUN19-8500-C,89.48,0.048,1.7,1,1559363804025,22863568,190
2019-06-01 05:53:07.307,1.0,sell,8490.65,BTC-7JUN19-8500-C,80.63,0.041,1.0,2,1559368387307,22866411,191
2019-06-01 06:59:21.809,0.5,sell,8520.93,BTC-7JUN19-8500-C,88.33,0.0465,0.5,0,1559372361809,22870077,192
2019-06-01 07:29:17.893,0.1,sell,8536.16,BTC-7JUN19-8500-C,85.8,0.046,0.1,2,1559374157893,22870872,193
2019-06-01 22:22:06.456,0.1,buy,8560.34,BTC-7JUN19-8500-C,91.83,0.048,0.1,0,1559427726456,22902642,194
2019-06-01 22:52:01.283,0.5,buy,8582.03,BTC-7JUN19-8500-C,87.27,0.047,0.5,2,1559429521283,22903624,195
2019-06-02 07:30:55.023,1.2,sell,8593.23,BTC-7JUN19-8500-C,80.24,0.043,1.2,2,1559460655023,22915795,196
2019-06-02 07:54:14.702,1.0,buy,8696.62,BTC-7JUN19-8500-C,90.39,0.054000000000000006,1.0,0,1559462054702,22922328,197
2019-06-02 08:03:56.971,0.4,buy,8700.01,BTC-7JUN19-8500-C,84.41,0.0515,0.4,2,1559462636971,22923095,198
2019-06-02 08:04:20.431,0.4,sell,8701.44,BTC-7JUN19-8500-C,84.2,0.0515,0.4,3,1559462660431,22923158,199
2019-06-02 13:17:23.145,0.6,sell,8692.74,BTC-7JUN19-8500-C,86.23,0.051,0.6,2,1559481443145,22942011,200
2019-06-02 13:17:28.639,4.4,sell,8672.49,BTC-7JUN19-8500-C,89.15,0.051,4.4,3,1559481448639,22942329,201
2019-06-02 13:17:44.493,2.0,sell,8633.55,BTC-7JUN19-8500-C,90.11,0.049,2.0,2,1559481464493,22942865,202
2019-06-02 13:17:54.282,7.9,sell,8627.63,BTC-7JUN19-8500-C,90.93,0.049,7.9,3,1559481474282,22943175,203
2019-06-02 14:03:43.547,0.1,sell,8704.6,BTC-7JUN19-8500-C,83.63,0.0505,0.1,0,1559484223547,22947092,204
2019-06-02 14:21:31.611,0.5,buy,8726.86,BTC-7JUN19-8500-C,90.77,0.055,0.5,0,1559485291611,22947724,205
2019-06-02 23:17:53.517,1.5,buy,8752.88,BTC-7JUN19-8500-C,90.44,0.055,1.5,1,1559517473517,22965348,206
2019-06-03 01:20:21.290,0.1,buy,8648.44,BTC-7JUN19-8500-C,83.56,0.045,0.1,2,1559524821290,22971817,207
2019-06-03 01:30:05.285,0.1,buy,8681.2,BTC-7JUN19-8500-C,84.59,0.0475,0.1,0,1559525405285,22972402,208
2019-06-03 07:11:15.585,0.5,sell,8391.2,BTC-7JUN19-8500-C,86.78,0.0305,0.5,2,1559545875585,22999997,209
2019-06-03 07:29:20.862,0.4,buy,8463.77,BTC-7JUN19-8500-C,87.25,0.0345,0.4,0,1559546960862,23006430,210
2019-06-03 07:29:20.862,4.6000000000000005,buy,8463.77,BTC-7JUN19-8500-C,87.25,0.0345,4.6000000000000005,1,1559546960862,23006431,211
2019-06-03 08:00:26.305,0.4,sell,8467.83,BTC-7JUN19-8500-C,78.57,0.031,0.4,2,1559548826305,23008671,212
2019-06-03 08:00:26.453,0.6,buy,8467.92,BTC-7JUN19-8500-C,78.55,0.031,0.6,3,1559548826453,23008674,213
2019-06-03 09:33:16.375,0.3,buy,8479.16,BTC-7JUN19-8500-C,83.73,0.0335,0.3,0,1559554396375,23015466,214
2019-06-03 10:59:27.475,0.1,buy,8536.21,BTC-7JUN19-8500-C,80.07,0.035,0.1,0,1559559567475,23019050,215
2019-06-03 11:27:26.039,1.0,sell,8526.03,BTC-7JUN19-8500-C,76.83,0.033,1.0,2,1559561246039,23019944,216
2019-06-03 12:49:58.850,0.1,buy,8533.38,BTC-7JUN19-8500-C,83.75,0.036000000000000004,0.1,0,1559566198850,23025586,217
2019-06-03 13:00:54.784,0.1,sell,8508.26,BTC-7JUN19-8500-C,82.49,0.034,0.1,2,1559566854784,23026153,218
2019-06-03 13:12:17.465,0.1,buy,8509.46,BTC-7JUN19-8500-C,83.64,0.0345,0.1,0,1559567537465,23026753,219
2019-06-03 13:13:29.996,0.1,sell,8504.2,BTC-7JUN19-8500-C,81.92,0.0335,0.1,2,1559567609996,23026837,220
2019-06-03 13:33:36.042,0.1,buy,8493.34,BTC-7JUN19-8500-C,83.6,0.0335,0.1,3,1559568816042,23027763,221
2019-06-03 13:33:42.757,0.2,buy,8483.05,BTC-7JUN19-8500-C,83.8,0.033,0.2,2,1559568822757,23027904,222
2019-06-03 13:41:11.060,0.4,buy,8480.21,BTC-7JUN19-8500-C,85.48,0.0335,0.4,0,1559569271060,23028454,223
2019-06-03 13:42:57.882,0.1,sell,8468.67,BTC-7JUN19-8500-C,83.37,0.032,0.1,2,1559569377882,23028742,224
2019-06-03 13:47:11.543,0.1,buy,8472.94,BTC-7JUN19-8500-C,86.52,0.0335,0.1,0,1559569631543,23029845,225
2019-06-03 13:56:49.678,0.1,buy,8449.33,BTC-7JUN19-8500-C,86.09,0.032,0.1,2,1559570209678,23030668,226
2019-06-03 14:41:24.268,0.1,sell,8454.86,BTC-7JUN19-8500-C,80.73,0.03,0.1,2,1559572884268,23034022,227
2019-06-03 14:41:35.132,0.1,sell,8452.87,BTC-7JUN19-8500-C,79.77,0.0295,0.1,2,1559572895132,23034038,228
2019-06-03 14:45:44.545,0.1,sell,8442.92,BTC-7JUN19-8500-C,79.89,0.029,0.1,2,1559573144545,23034428,229
2019-06-03 14:45:51.597,0.1,sell,8432.3,BTC-7JUN19-8500-C,80.06,0.0285,0.1,2,1559573151597,23034607,230
2019-06-03 14:48:55.281,0.1,sell,8401.36,BTC-7JUN19-8500-C,80.37,0.027000000000000003,0.1,2,1559573335281,23036117,231
2019-06-03 14:49:06.937,0.1,sell,8386.37,BTC-7JUN19-8500-C,81.04,0.0265,0.1,2,1559573346937,23036363,232
2019-06-03 14:49:22.034,0.1,sell,8362.64,BTC-7JUN19-8500-C,82.76,0.026,0.1,2,1559573362034,23037125,233
2019-06-03 16:02:36.084,2.0,sell,8451.31,BTC-7JUN19-8500-C,80.59,0.0295,2.0,0,1559577756084,23051104,234
2019-06-03 23:20:26.318,0.1,sell,8378.37,BTC-7JUN19-8500-C,86.27,0.0265,0.1,2,1559604026318,23083897,235
2019-06-03 23:22:08.286,0.1,sell,8340.88,BTC-7JUN19-8500-C,85.87,0.0245,0.1,2,1559604128286,23084648,236
2019-06-03 23:25:44.396,0.2,buy,8143.37,BTC-7JUN19-8500-C,89.92,0.0175,0.2,2,1559604344396,23095673,237
2019-06-03 23:26:00.909,0.2,buy,8177.47,BTC-7JUN19-8500-C,89.02,0.0185,0.2,0,1559604360909,23096221,238
2019-06-03 23:26:06.580,0.2,buy,8161.65,BTC-7JUN19-8500-C,89.35,0.018000000000000002,0.2,2,1559604366580,23096363,239
2019-06-03 23:26:53.190,0.2,sell,8076.58,BTC-7JUN19-8500-C,86.57,0.014,0.2,2,1559604413190,23097770,240
2019-06-03 23:28:14.189,0.2,buy,8115.8,BTC-7JUN19-8500-C,90.0,0.0165,0.2,0,1559604494189,23100456,241
2019-06-03 23:29:23.474,0.2,buy,8145.74,BTC-7JUN19-8500-C,88.24,0.017,0.2,0,1559604563474,23101335,242
2019-06-03 23:29:37.105,0.2,buy,8140.53,BTC-7JUN19-8500-C,88.82,0.017,0.2,1,1559604577105,23101405,243
2019-06-03 23:30:00.380,0.3,buy,8150.48,BTC-7JUN19-8500-C,89.18,0.0175,0.3,0,1559604600380,23101679,244
2019-06-03 23:30:34.232,1.0,buy,8131.34,BTC-7JUN19-8500-C,89.82,0.017,1.0,2,1559604634232,23101949,245
2019-06-03 23:31:22.403,0.2,buy,8058.29,BTC-7JUN19-8500-C,91.57,0.015,0.2,2,1559604682403,23102900,246
2019-06-03 23:31:24.374,0.2,buy,8059.72,BTC-7JUN19-8500-C,91.42,0.015,0.2,3,1559604684374,23102929,247
2019-06-03 23:57:26.075,0.1,sell,8139.68,BTC-7JUN19-8500-C,80.27,0.014,0.1,2,1559606246075,23111755,248
2019-06-04 00:00:55.534,4.9,sell,8033.62,BTC-7JUN19-8500-C,91.27,0.014,4.9,3,1559606455534,23113148,249
2019-06-04 00:01:30.346,0.2,sell,7995.5,BTC-7JUN19-8500-C,90.27,0.0125,0.2,2,1559606490346,23114851,250
2019-06-04 00:03:57.869,0.1,sell,7989.53,BTC-7JUN19-8500-C,89.23,0.012,0.1,2,1559606637869,23117792,251
2019-06-04 00:04:01.121,0.1,sell,7978.25,BTC-7JUN19-8500-C,88.66,0.0115,0.1,2,1559606641121,23117919,252
2019-06-04 00:04:03.063,0.1,sell,7978.09,BTC-7JUN19-8500-C,88.67,0.0115,0.1,3,1559606643063,23117937,253
2019-06-04 00:18:18.795,1.0,buy,7935.29,BTC-7JUN19-8500-C,101.29,0.014,1.0,0,1559607498795,23134539,254
2019-06-04 00:21:42.626,1.7,buy,7896.71,BTC-7JUN19-8500-C,101.78,0.013,1.7,2,1559607702626,23136150,255
2019-06-04 00:21:47.845,0.1,buy,7891.08,BTC-7JUN19-8500-C,102.32,0.013,0.1,3,1559607707845,23136205,256
2019-06-04 00:22:02.149,5.0,buy,7882.56,BTC-7JUN19-8500-C,101.43,0.0125,5.0,2,1559607722149,23136275,257
2019-06-04 00:26:06.161,1.0,buy,7934.78,BTC-7JUN19-8500-C,98.12,0.013,1.0,0,1559607966161,23137706,258
2019-06-04 00:33:49.820,1.0,buy,7969.92,BTC-7JUN19-8500-C,99.63,0.0145,1.0,0,1559608429820,23140350,259
2019-06-04 00:41:02.908,1.0,sell,7913.0,BTC-7JUN19-8500-C,89.96,0.01,1.0,2,1559608862908,23142984,260
2019-06-04 00:42:34.796,1.0,buy,7943.28,BTC-7JUN19-8500-C,104.01,0.015,1.0,0,1559608954796,23143646,261
2019-06-04 01:03:58.880,0.1,sell,7960.54,BTC-7JUN19-8500-C,89.22,0.011,0.1,2,1559610238880,23147064,262
2019-06-04 01:25:35.975,1.0,sell,7997.72,BTC-7JUN19-8500-C,89.2,0.012,1.0,0,1559611535975,23149518,263
2019-06-04 01:41:17.252,0.1,buy,7942.02,BTC-7JUN19-8500-C,91.35,0.011,0.1,2,1559612477252,23150905,264
2019-06-04 02:12:38.733,24.0,buy,7953.31,BTC-7JUN19-8500-C,105.6,0.0155,24.0,0,1559614358733,23152573,265
2019-06-04 02:12:38.733,116.0,buy,7953.31,BTC-7JUN19-8500-C,105.6,0.0155,116.0,1,1559614358733,23152574,266
2019-06-04 02:35:31.457,2.0,sell,7987.79,BTC-7JUN19-8500-C,89.16,0.0115,2.0,2,1559615731457,23154176,267
2019-06-04 02:49:51.716,0.5,sell,7995.97,BTC-7JUN19-8500-C,88.49,0.0115,0.5,3,1559616591716,23154660,268
2019-06-04 03:12:45.232,5.0,sell,7997.99,BTC-7JUN19-8500-C,86.8,0.011,5.0,2,1559617965232,23155767,269
2019-06-04 03:35:36.345,0.6,sell,7973.96,BTC-7JUN19-8500-C,85.85,0.01,0.6,2,1559619336345,23156981,270
2019-06-04 03:35:36.345,0.4,sell,7973.96,BTC-7JUN19-8500-C,84.05,0.0095,0.4,2,1559619336345,23156982,271
2019-06-04 04:01:08.458,1.0,sell,7917.56,BTC-7JUN19-8500-C,85.83,0.0085,1.0,2,1559620868458,23159525,272
2019-06-04 04:08:59.132,0.1,sell,7854.63,BTC-7JUN19-8500-C,91.69,0.0085,0.1,3,1559621339132,23161049,273
2019-06-04 05:33:36.904,0.1,sell,7940.84,BTC-7JUN19-8500-C,88.33,0.0095,0.1,0,1559626416904,23169250,274
2019-06-04 05:33:36.904,24.0,sell,7940.84,BTC-7JUN19-8500-C,86.45,0.009000000000000001,24.0,2,1559626416904,23169251,275
2019-06-04 05:33:36.906,0.9,buy,7940.84,BTC-7JUN19-8500-C,86.45,0.009000000000000001,0.9,3,1559626416906,23169252,276
2019-06-04 06:13:27.435,0.5,sell,7891.61,BTC-7JUN19-8500-C,89.53,0.0085,0.5,2,1559628807435,23171714,277
2019-06-04 06:33:48.322,0.6,sell,7834.57,BTC-7JUN19-8500-C,95.04,0.0085,0.6,3,1559630028322,23173382,278
2019-06-04 06:33:51.033,2.8000000000000003,sell,7832.36,BTC-7JUN19-8500-C,95.25,0.0085,2.8000000000000003,3,1559630031033,23173477,279
2019-06-04 08:20:56.058,1.0,sell,7888.29,BTC-7JUN19-8500-C,93.16,0.009000000000000001,1.0,0,1559636456058,23190647,280
2019-06-04 08:44:00.488,0.6,buy,7910.35,BTC-7JUN19-8500-C,95.17,0.01,0.6,0,1559637840488,23191342,281
2019-06-04 08:44:34.846,0.4,buy,7909.14,BTC-7JUN19-8500-C,95.3,0.01,0.4,1,1559637874846,23191378,282
2019-06-04 09:43:37.428,0.7000000000000001,buy,7933.13,BTC-7JUN19-8500-C,93.59,0.01,0.7000000000000001,1,1559641417428,23195597,283
2019-06-04 10:32:07.288,0.1,sell,7945.34,BTC-7JUN19-8500-C,92.9,0.01,0.1,1,1559644327288,23198939,284
2019-06-04 10:41:59.613,3.2,sell,7945.23,BTC-7JUN19-8500-C,93.03,0.01,3.2,1,1559644919613,23199727,285
2019-06-04 10:41:59.613,0.8,sell,7945.23,BTC-7JUN19-8500-C,89.17,0.009000000000000001,0.8,2,1559644919613,23199728,286
2019-06-04 11:17:57.717,0.2,sell,7941.76,BTC-7JUN19-8500-C,89.9,0.009000000000000001,0.2,3,1559647077717,23200924,287
2019-06-04 11:23:34.479,5.0,sell,7911.77,BTC-7JUN19-8500-C,84.61,0.006999999999999999,5.0,2,1559647414479,23201248,288
2019-06-04 11:23:34.479,5.0,sell,7911.77,BTC-7JUN19-8500-C,84.61,0.006999999999999999,5.0,3,1559647414479,23201249,289
2019-06-04 12:30:05.118,0.1,sell,7862.92,BTC-7JUN19-8500-C,98.47,0.009000000000000001,0.1,0,1559651405118,23205531,290
2019-06-04 13:24:34.782,0.6,buy,7985.67,BTC-7JUN19-8500-C,90.75,0.01,0.6,0,1559654674782,23210254,291
2019-06-04 13:24:37.361,0.4,buy,7985.86,BTC-7JUN19-8500-C,90.73,0.01,0.4,1,1559654677361,23210260,292
2019-06-04 13:28:35.484,0.1,sell,7994.45,BTC-7JUN19-8500-C,86.04,0.009000000000000001,0.1,2,1559654915484,23210630,293
2019-06-04 15:22:35.251,0.1,sell,7972.49,BTC-7JUN19-8500-C,87.54,0.0085,0.1,2,1559661755251,23217614,294
2019-06-04 15:24:30.635,0.1,sell,7974.2,BTC-7JUN19-8500-C,83.24,0.0075,0.1,2,1559661870635,23217628,295
2019-06-04 15:32:49.418,0.1,buy,7990.47,BTC-7JUN19-8500-C,83.78,0.008,0.1,0,1559662369418,23218360,296
2019-06-04 17:13:18.748,0.5,buy,7817.72,BTC-7JUN19-8500-C,97.59,0.006999999999999999,0.5,2,1559668398748,23229193,297
2019-06-04 17:29:14.740,0.2,sell,7817.37,BTC-7JUN19-8500-C,90.39,0.0055,0.2,2,1559669354740,23238284,298
2019-06-04 17:40:24.217,0.5,sell,7700.19,BTC-7JUN19-8500-C,98.48,0.005,0.5,2,1559670024217,23243935,299
2019-06-04 17:47:03.228,0.2,buy,7645.35,BTC-7JUN19-8500-C,103.49,0.005,0.2,3,1559670423228,23255141,300
2019-06-04 18:10:26.529,1.0,sell,7675.92,BTC-7JUN19-8500-C,101.07,0.005,1.0,3,1559671826529,23264719,301
2019-06-04 19:02:08.829,0.1,buy,7665.88,BTC-7JUN19-8500-C,105.59,0.0055,0.1,0,1559674928829,23270801,302
2019-06-04 19:09:05.718,0.5,sell,7598.46,BTC-7JUN19-8500-C,95.29,0.003,0.5,2,1559675345718,23272388,303
2019-06-04 19:09:05.718,0.5,sell,7598.46,BTC-7JUN19-8500-C,95.29,0.003,0.5,3,1559675345718,23272389,304
2019-06-04 19:12:20.173,0.1,buy,7592.52,BTC-7JUN19-8500-C,103.04,0.004,0.1,0,1559675540173,23277514,305
2019-06-04 20:11:03.766,0.8,buy,7637.89,BTC-7JUN19-8500-C,103.14,0.0045,0.8,0,1559679063766,23291004,306
2019-06-04 20:34:11.821,0.6,sell,7615.16,BTC-7JUN19-8500-C,95.02,0.003,0.6,2,1559680451821,23293204,307
2019-06-04 21:05:02.416,1.0,sell,7671.66,BTC-7JUN19-8500-C,94.26,0.0035,1.0,0,1559682302416,23295266,308
2019-06-04 21:44:35.741,1.0,buy,7567.03,BTC-7JUN19-8500-C,110.93,0.0045,1.0,0,1559684675741,23299730,309
2019-06-04 21:45:04.555,1.0,buy,7564.12,BTC-7JUN19-8500-C,111.19,0.0045,1.0,1,1559684704555,23299777,310
2019-06-04 21:49:30.688,3.0,buy,7584.36,BTC-7JUN19-8500-C,109.43,0.0045,3.0,1,1559684970688,23300019,311
2019-06-04 21:49:30.688,2.0,buy,7584.36,BTC-7JUN19-8500-C,109.43,0.0045,2.0,1,1559684970688,23300020,312
2019-06-05 05:46:40.354,0.5,buy,7781.85,BTC-7JUN19-8500-C,91.64,0.0035,0.5,2,1559713600354,23336222,313
2019-06-05 08:06:56.728,1.0,sell,7811.45,BTC-7JUN19-8500-C,90.95,0.0035,1.0,3,1559722016728,23342087,314
2019-06-05 09:31:25.902,0.1,buy,7775.53,BTC-7JUN19-8500-C,95.88,0.0035,0.1,3,1559727085902,23344780,315
2019-06-05 12:12:19.498,1.0,buy,7781.48,BTC-7JUN19-8500-C,98.16,0.0035,1.0,3,1559736739498,23357210,316
2019-06-05 12:50:14.947,0.1,sell,7759.78,BTC-7JUN19-8500-C,87.95,0.002,0.1,3,1559739014947,23358880,319
2019-06-05 12:50:14.947,0.1,sell,7759.78,BTC-7JUN19-8500-C,87.95,0.002,0.1,2,1559739014947,23358878,317
2019-06-05 12:50:14.947,1.0,sell,7759.78,BTC-7JUN19-8500-C,87.95,0.002,1.0,3,1559739014947,23358879,318
2019-06-05 14:48:31.220,0.3,buy,7666.04,BTC-7JUN19-8500-C,99.04,0.002,0.3,3,1559746111220,23368460,320
2019-06-05 15:04:35.468,0.7000000000000001,sell,7697.63,BTC-7JUN19-8500-C,96.34,0.002,0.7000000000000001,3,1559747075468,23370961,321
2019-06-05 15:07:14.673,1.3,sell,7682.98,BTC-7JUN19-8500-C,97.79,0.002,1.3,3,1559747234673,23371210,322
2019-06-05 16:29:03.594,1.0,buy,7753.33,BTC-7JUN19-8500-C,92.56,0.002,1.0,3,1559752143594,23380901,324
2019-06-05 16:29:03.594,1.0,buy,7753.33,BTC-7JUN19-8500-C,92.56,0.002,1.0,3,1559752143594,23380900,323
2019-06-05 16:31:57.432,1.0,buy,7743.04,BTC-7JUN19-8500-C,93.63,0.002,1.0,3,1559752317432,23381147,325
2019-06-05 16:32:37.505,0.1,sell,7738.96,BTC-7JUN19-8500-C,94.05,0.002,0.1,3,1559752357505,23381158,326
2019-06-05 16:43:52.594,0.4,sell,7746.79,BTC-7JUN19-8500-C,93.5,0.002,0.4,3,1559753032594,23381632,327
2019-06-05 16:44:54.484,0.6,buy,7766.65,BTC-7JUN19-8500-C,91.55,0.002,0.6,3,1559753094484,23381956,328
2019-06-05 17:33:04.648,0.1,buy,7814.31,BTC-7JUN19-8500-C,92.61,0.0025,0.1,0,1559755984648,23385760,329
2019-06-05 17:33:04.648,1.1,buy,7814.31,BTC-7JUN19-8500-C,92.61,0.0025,1.1,1,1559755984648,23385761,330
2019-06-05 19:15:32.244,0.1,buy,7829.67,BTC-7JUN19-8500-C,97.61,0.003,0.1,0,1559762132244,23394118,331
2019-06-05 19:22:24.122,0.1,buy,7811.99,BTC-7JUN19-8500-C,99.69,0.003,0.1,1,1559762544122,23394521,332
2019-06-05 20:21:31.950,0.9,buy,7908.03,BTC-7JUN19-8500-C,85.99,0.0025,0.9,2,1559766091950,23398718,333
2019-06-05 20:33:44.237,2.5,sell,7754.72,BTC-7JUN19-8500-C,91.57,0.0015,2.5,2,1559766824237,23405113,334
2019-06-06 01:48:05.354,1.0,buy,7861.52,BTC-7JUN19-8500-C,93.59,0.002,1.0,0,1559785685354,23435663,335
2019-06-06 01:51:41.673,0.2,sell,7832.29,BTC-7JUN19-8500-C,90.86,0.0015,0.2,2,1559785901673,23435924,336
2019-06-06 02:12:08.365,2.8000000000000003,sell,7817.14,BTC-7JUN19-8500-C,93.03,0.0015,2.8000000000000003,3,1559787128365,23436590,337
2019-06-06 03:38:13.451,0.4,sell,7845.17,BTC-7JUN19-8500-C,92.19,0.0015,0.4,3,1559792293451,23439131,338
2019-06-06 09:52:02.111,1.0,sell,7797.77,BTC-7JUN19-8500-C,89.59,0.0005,1.0,2,1559814722111,23448834,339
2019-06-06 09:52:02.111,30.0,sell,7797.77,BTC-7JUN19-8500-C,89.59,0.0005,30.0,3,1559814722111,23448835,340
2019-06-06 10:12:17.728,2.0,buy,7796.59,BTC-7JUN19-8500-C,102.46,0.001,2.0,0,1559815937728,23449597,341
2019-06-06 10:12:31.957,2.0,sell,7796.58,BTC-7JUN19-8500-C,102.5,0.001,2.0,1,1559815951957,23449598,342
2019-06-06 10:13:32.426,1.0,sell,7794.88,BTC-7JUN19-8500-C,102.75,0.001,1.0,1,1559816012426,23449624,343
2019-06-06 11:13:47.223,0.1,buy,7830.83,BTC-7JUN19-8500-C,100.73,0.001,0.1,1,1559819627223,23451419,344
2019-06-06 11:54:12.201,0.4,buy,7830.21,BTC-7JUN19-8500-C,102.46,0.001,0.4,1,1559822052201,23452693,345
2019-06-06 11:54:23.730,0.4,buy,7831.17,BTC-7JUN19-8500-C,102.34,0.001,0.4,1,1559822063730,23452696,346
2019-06-06 11:54:25.866,0.1,buy,7832.3,BTC-7JUN19-8500-C,102.2,0.001,0.1,1,1559822065866,23452698,347
2019-06-06 11:54:25.866,0.3,buy,7832.3,BTC-7JUN19-8500-C,102.2,0.001,0.3,1,1559822065866,23452699,348
2019-06-06 12:00:34.934,0.6,buy,7854.27,BTC-7JUN19-8500-C,99.7,0.001,0.6,1,1559822434934,23453041,349
2019-06-06 12:00:38.883,0.6,buy,7855.39,BTC-7JUN19-8500-C,99.56,0.001,0.6,1,1559822438883,23453057,350
2019-06-06 12:00:41.218,0.6,buy,7856.48,BTC-7JUN19-8500-C,99.42,0.001,0.6,1,1559822441218,23453072,351
2019-06-06 12:00:55.216,0.6,buy,7858.34,BTC-7JUN19-8500-C,99.19,0.001,0.6,1,1559822455216,23453105,352
2019-06-06 12:01:12.199,0.6,buy,7861.16,BTC-7JUN19-8500-C,98.83,0.001,0.6,1,1559822472199,23453236,353
2019-06-06 12:01:12.286,0.6,buy,7861.16,BTC-7JUN19-8500-C,98.83,0.001,0.6,1,1559822472286,23453239,354
2019-06-06 12:27:55.360,2.0,sell,7775.02,BTC-7JUN19-8500-C,98.03,0.0005,2.0,2,1559824075360,23460469,355
2019-06-06 18:41:51.852,10.0,buy,7542.82,BTC-7JUN19-8500-C,151.55,0.0005,10.0,3,1559846511852,23514227,356
2019-06-06 19:12:33.652,10.0,buy,7599.16,BTC-7JUN19-8500-C,146.5,0.0005,10.0,3,1559848353652,23518885,357
2019-06-06 19:16:46.504,10.0,buy,7604.08,BTC-7JUN19-8500-C,146.18,0.0005,10.0,3,1559848606504,23519442,358
2019-06-07 00:06:30.538,0.1,sell,7830.95,BTC-7JUN19-8500-C,143.84,0.0005,0.1,3,1559865990538,23543273,359
2019-06-07 02:03:20.265,0.3,sell,7790.52,BTC-7JUN19-8500-C,174.33,0.0005,0.3,3,1559873000265,23548256,360
