date_utc,amount,direction,indexPrice,instrument,iv,price,quantity,tickDirection,timeStamp,tradeId,tradeSeq
2019-02-14 13:26:26.662,5.0,sell,3561.18,BTC-28JUN19-3500-P,57.88,0.1365,5.0,0,1550150786662,15368169,152
2019-02-14 14:15:58.017,5.0,sell,3560.54,BTC-28JUN19-3500-P,57.76,0.136,5.0,2,1550153758017,15368609,153
2019-02-14 14:17:57.300,5.0,sell,3560.47,BTC-28JUN19-3500-P,57.72,0.136,5.0,3,1550153877300,15368625,154
2019-02-14 16:02:10.747,5.0,sell,3575.73,BTC-28JUN19-3500-P,57.53,0.133,5.0,2,1550160130747,15370334,155
2019-02-14 16:52:53.851,5.0,sell,3567.48,BTC-28JUN19-3500-P,57.5,0.1345,5.0,0,1550163173851,15371312,156
2019-02-14 16:56:27.252,5.0,sell,3566.62,BTC-28JUN19-3500-P,57.28,0.134,5.0,2,1550163387252,15371346,157
2019-02-14 17:10:36.984,5.0,sell,3568.73,BTC-28JUN19-3500-P,57.26,0.134,5.0,3,1550164236984,15371434,158
2019-02-14 17:39:15.183,5.0,sell,3572.5,BTC-28JUN19-3500-P,57.1,0.1325,5.0,2,1550165955183,15371751,159
2019-02-14 17:41:15.619,5.0,sell,3574.73,BTC-28JUN19-3500-P,57.07,0.132,5.0,2,1550166075619,15371860,160
2019-02-14 17:44:11.788,5.0,sell,3574.8,BTC-28JUN19-3500-P,57.12,0.132,5.0,3,1550166251788,15371920,161
2019-02-14 17:46:20.541,5.0,sell,3574.82,BTC-28JUN19-3500-P,57.03,0.132,5.0,3,1550166380541,15371942,162
2019-02-14 17:46:47.529,5.0,sell,3574.84,BTC-28JUN19-3500-P,57.12,0.132,5.0,3,1550166407529,15371959,163
2019-02-14 17:46:54.401,5.0,sell,3574.84,BTC-28JUN19-3500-P,56.92,0.1315,5.0,2,1550166414401,15371960,164
2019-02-14 17:46:59.196,5.0,sell,3574.84,BTC-28JUN19-3500-P,56.93,0.1315,5.0,3,1550166419196,15371968,165
2019-02-14 17:47:07.260,5.0,sell,3574.84,BTC-28JUN19-3500-P,56.95,0.1315,5.0,3,1550166427260,15371978,166
2019-02-14 17:48:08.457,5.0,sell,3574.93,BTC-28JUN19-3500-P,57.0,0.1315,5.0,3,1550166488457,15371987,167
2019-02-14 17:48:39.393,5.0,sell,3574.74,BTC-28JUN19-3500-P,56.99,0.1315,5.0,3,1550166519393,15372005,168
2019-02-14 17:53:09.805,5.0,sell,3574.69,BTC-28JUN19-3500-P,56.8,0.131,5.0,2,1550166789805,15372063,169
2019-02-14 17:58:26.725,5.0,sell,3571.65,BTC-28JUN19-3500-P,56.97,0.132,5.0,0,1550167106725,15372198,170
2019-02-14 23:39:06.740,0.5,sell,3561.23,BTC-28JUN19-3500-P,56.65,0.1335,0.5,0,1550187546740,15375875,171
2019-02-15 07:13:35.783,5.0,sell,3571.44,BTC-28JUN19-3500-P,56.3,0.13,5.0,2,1550214815783,15381929,172
2019-02-15 07:13:35.783,5.0,sell,3571.44,BTC-28JUN19-3500-P,56.3,0.13,5.0,3,1550214815783,15381930,173
2019-02-15 09:35:18.140,5.0,sell,3574.69,BTC-28JUN19-3500-P,56.51,0.13,5.0,3,1550223318140,15383412,174
2019-02-16 06:35:05.634,0.1,sell,3584.61,BTC-28JUN19-3500-P,57.06,0.128,0.1,2,1550298905634,15409659,175
2019-02-16 12:15:58.629,6.0,sell,3592.43,BTC-28JUN19-3500-P,56.18,0.1235,6.0,2,1550319358629,15412570,176
2019-02-16 12:15:58.629,0.3,sell,3592.43,BTC-28JUN19-3500-P,55.97,0.123,0.3,2,1550319358629,15412572,178
2019-02-16 12:15:58.629,5.7,sell,3592.43,BTC-28JUN19-3500-P,56.18,0.1235,5.7,3,1550319358629,15412571,177
2019-02-16 22:11:04.046,2.0,buy,3594.59,BTC-28JUN19-3500-P,56.55,0.1245,2.0,0,1550355064046,15423154,179
2019-02-16 22:12:23.683,3.0,buy,3594.13,BTC-28JUN19-3500-P,56.55,0.1245,3.0,1,1550355143683,15423157,180
2019-02-16 22:38:21.392,5.7,buy,3591.67,BTC-28JUN19-3500-P,57.99,0.128,5.7,1,1550356701392,15423426,182
2019-02-16 22:38:21.392,6.0,buy,3591.67,BTC-28JUN19-3500-P,57.99,0.128,6.0,0,1550356701392,15423425,181
2019-02-16 22:40:31.551,0.8,buy,3591.27,BTC-28JUN19-3500-P,58.03,0.128,0.8,1,1550356831551,15423457,183
2019-02-17 12:38:47.035,2.0,buy,3571.51,BTC-28JUN19-3500-P,56.93,0.128,2.0,1,1550407127035,15445617,184
2019-02-17 17:13:24.385,5.0,sell,3573.27,BTC-28JUN19-3500-P,56.74,0.128,5.0,1,1550423604385,15450684,185
2019-02-18 08:24:33.552,0.3,sell,3695.19,BTC-28JUN19-3500-P,57.33,0.1105,0.3,2,1550478273552,15505364,186
2019-02-18 11:26:13.551,0.3,buy,3695.38,BTC-28JUN19-3500-P,58.51,0.113,0.3,0,1550489173551,15511580,187
2019-02-18 12:43:50.139,3.3000000000000003,sell,3713.97,BTC-28JUN19-3500-P,57.14,0.1075,3.3000000000000003,2,1550493830139,15516939,188
2019-02-18 12:43:50.139,6.7,sell,3713.97,BTC-28JUN19-3500-P,57.14,0.1075,6.7,3,1550493830139,15516940,189
2019-02-18 14:57:46.011,6.9,buy,3799.11,BTC-28JUN19-3500-P,58.74,0.1,6.9,3,1550501866011,15543632,191
2019-02-18 14:57:46.011,3.1,buy,3799.11,BTC-28JUN19-3500-P,58.74,0.1,3.1,2,1550501866011,15543631,190
2019-02-18 14:58:49.792,0.1,sell,3797.6,BTC-28JUN19-3500-P,57.19,0.097,0.1,2,1550501929792,15543767,192
2019-02-18 17:03:46.319,1.0,sell,3848.01,BTC-28JUN19-3500-P,57.31,0.0895,1.0,2,1550509426319,15566592,193
2019-02-18 23:21:04.302,0.1,buy,3866.25,BTC-28JUN19-3500-P,59.29,0.0915,0.1,0,1550532064302,15585946,194
2019-02-19 16:20:16.193,1.4,sell,3945.75,BTC-28JUN19-3500-P,58.85,0.0825,1.4,2,1550593216193,15653491,195
2019-02-19 17:59:53.140,1.0,sell,3937.86,BTC-28JUN19-3500-P,59.37,0.084,1.0,0,1550599193140,15658039,196
2019-02-20 12:41:37.539,0.2,sell,3935.85,BTC-28JUN19-3500-P,58.08,0.0805,0.2,2,1550666497539,15692319,197
2019-02-20 19:10:28.075,0.1,buy,3916.6,BTC-28JUN19-3500-P,59.61,0.0865,0.1,0,1550689828075,15708708,198
2019-02-20 19:10:40.451,12.0,buy,3916.73,BTC-28JUN19-3500-P,59.86,0.087,12.0,0,1550689840451,15708709,199
2019-02-20 19:58:15.720,3.8,sell,3924.0,BTC-28JUN19-3500-P,58.3,0.0825,3.8,2,1550692695720,15709474,200
2019-02-20 19:58:15.720,2.0,sell,3924.0,BTC-28JUN19-3500-P,57.82,0.0815,2.0,2,1550692695720,15709475,201
2019-02-20 19:58:15.720,5.0,sell,3924.0,BTC-28JUN19-3500-P,57.34,0.0805,5.0,2,1550692695720,15709476,202
2019-02-20 19:58:15.730,1.2,buy,3924.0,BTC-28JUN19-3500-P,54.2,0.07400000000000001,1.2,2,1550692695730,15709477,203
2019-02-20 19:58:21.789,3.6,buy,3924.21,BTC-28JUN19-3500-P,54.7,0.075,3.6,0,1550692701789,15709516,204
2019-02-22 03:23:53.742,0.6,sell,3913.98,BTC-28JUN19-3500-P,57.29,0.08,0.6,0,1550805833742,15755049,205
2019-02-22 03:23:53.742,0.4,sell,3913.98,BTC-28JUN19-3500-P,57.05,0.0795,0.4,2,1550805833742,15755050,206
2019-02-22 03:25:08.905,1.0,sell,3913.79,BTC-28JUN19-3500-P,57.05,0.0795,1.0,3,1550805908905,15755052,207
2019-02-22 03:25:59.606,2.0,sell,3913.67,BTC-28JUN19-3500-P,57.04,0.0795,2.0,3,1550805959606,15755055,208
2019-02-22 07:30:54.817,0.6,buy,3893.13,BTC-28JUN19-3500-P,59.88,0.0875,0.6,0,1550820654817,15759108,209
2019-02-22 11:30:45.364,4.8,buy,3922.11,BTC-28JUN19-3500-P,59.11,0.08199999999999999,4.8,2,1550835045364,15768099,210
2019-02-24 12:55:51.398,2.0,buy,4106.44,BTC-28JUN19-3500-P,62.67,0.07200000000000001,2.0,2,1551012951398,15880879,211
2019-02-24 14:12:15.459,1.0,buy,3908.46,BTC-28JUN19-3500-P,59.42,0.08800000000000001,1.0,0,1551017535459,15893699,212
2019-02-24 14:12:24.762,1.0,buy,3904.01,BTC-28JUN19-3500-P,59.84,0.09,1.0,0,1551017544762,15894095,213
2019-02-24 18:14:22.705,1.0,sell,3761.76,BTC-28JUN19-3500-P,60.7,0.109,1.0,0,1551032062705,15953261,214
2019-02-24 18:21:38.687,0.7000000000000001,sell,3761.84,BTC-28JUN19-3500-P,60.36,0.108,0.7000000000000001,2,1551032498687,15953652,215
2019-02-24 18:40:05.741,0.1,sell,3774.97,BTC-28JUN19-3500-P,59.84,0.105,0.1,2,1551033605741,15954239,216
2019-02-24 18:40:12.144,0.1,sell,3774.45,BTC-28JUN19-3500-P,59.83,0.105,0.1,3,1551033612144,15954242,217
2019-02-24 18:40:15.092,0.1,sell,3774.45,BTC-28JUN19-3500-P,59.8,0.105,0.1,3,1551033615092,15954243,218
2019-02-24 22:47:28.097,1.1,sell,3762.87,BTC-28JUN19-3500-P,59.25,0.1055,1.1,0,1551048448097,15963379,219
2019-02-25 09:11:29.977,7.6,sell,3779.86,BTC-28JUN19-3500-P,59.87,0.1025,7.6,2,1551085889977,15981198,220
2019-02-25 09:11:29.977,2.4,sell,3779.86,BTC-28JUN19-3500-P,59.64,0.102,2.4,2,1551085889977,15981199,221
2019-02-25 12:00:17.972,0.4,sell,3778.09,BTC-28JUN19-3500-P,59.89,0.1025,0.4,0,1551096017972,15986220,222
2019-02-25 12:45:15.463,3.0,sell,3784.91,BTC-28JUN19-3500-P,60.11,0.1025,3.0,1,1551098715463,15987787,223
2019-02-25 12:45:49.158,7.6,sell,3787.54,BTC-28JUN19-3500-P,60.0,0.102,7.6,2,1551098749158,15987799,224
2019-02-25 12:45:49.158,0.4,sell,3787.54,BTC-28JUN19-3500-P,59.77,0.1015,0.4,2,1551098749158,15987800,225
2019-02-27 11:04:31.302,0.4,buy,3806.91,BTC-28JUN19-3500-P,60.1,0.099,0.4,2,1551265471302,16053676,226
2019-02-28 08:55:45.784,2.0,buy,3831.78,BTC-28JUN19-3500-P,59.11,0.09300000000000001,2.0,2,1551344145784,16097152,227
2019-02-28 12:36:47.101,1.0,buy,3815.64,BTC-28JUN19-3500-P,60.43,0.0975,1.0,0,1551357407101,16102897,228
2019-02-28 13:32:44.236,0.2,buy,3816.62,BTC-28JUN19-3500-P,60.21,0.0965,0.2,2,1551360764236,16103709,229
2019-02-28 15:31:53.871,0.8,buy,3790.82,BTC-28JUN19-3500-P,58.67,0.0965,0.8,3,1551367913871,16107949,230
2019-03-04 04:47:56.829,5.0,sell,3746.43,BTC-28JUN19-3500-P,57.54,0.0975,5.0,0,1551674876829,16211581,231
2019-03-04 10:02:05.913,1.0,buy,3700.37,BTC-28JUN19-3500-P,57.63,0.1035,1.0,0,1551693725913,16225837,232
2019-03-04 19:15:12.287,0.7000000000000001,sell,3703.11,BTC-28JUN19-3500-P,57.43,0.1025,0.7000000000000001,2,1551726912287,16242404,233
2019-03-04 19:17:18.579,0.2,sell,3704.76,BTC-28JUN19-3500-P,57.49,0.1025,0.2,3,1551727038579,16242450,234
2019-03-04 19:42:49.488,0.8,sell,3702.51,BTC-28JUN19-3500-P,57.5,0.1025,0.8,3,1551728569488,16242709,235
2019-03-05 13:32:54.620,1.0,sell,3792.45,BTC-28JUN19-3500-P,59.05,0.0935,1.0,2,1551792774620,16262960,236
2019-03-05 16:07:23.611,1.0,sell,3850.21,BTC-28JUN19-3500-P,59.07,0.0865,1.0,2,1551802043611,16284005,237
2019-03-05 23:42:49.244,10.0,sell,3838.68,BTC-28JUN19-3500-P,58.51,0.086,10.0,2,1551829369244,16297031,238
2019-03-06 03:04:54.913,10.0,sell,3830.37,BTC-28JUN19-3500-P,58.54,0.087,10.0,0,1551841494913,16302599,239
2019-03-06 03:05:25.403,10.0,sell,3830.54,BTC-28JUN19-3500-P,58.3,0.0865,10.0,2,1551841525403,16302602,240
2019-03-06 03:38:18.433,10.0,sell,3818.49,BTC-28JUN19-3500-P,57.94,0.087,10.0,0,1551843498433,16303443,241
2019-03-06 03:38:18.433,5.0,sell,3818.49,BTC-28JUN19-3500-P,57.94,0.087,5.0,1,1551843498433,16303444,242
2019-03-08 15:29:40.418,0.4,buy,3888.31,BTC-28JUN19-3500-P,57.15,0.0775,0.4,2,1552058980418,16388230,243
2019-03-08 22:04:39.740,5.4,sell,3784.28,BTC-28JUN19-3500-P,57.58,0.0885,5.4,0,1552082679740,16400709,244
2019-03-08 22:04:41.079,1.0,sell,3785.1,BTC-28JUN19-3500-P,57.59,0.0885,1.0,1,1552082681079,16400750,245
2019-03-08 22:04:41.817,0.2,sell,3785.41,BTC-28JUN19-3500-P,57.65,0.0885,0.2,1,1552082681817,16400758,246
2019-03-08 22:04:45.318,3.4,sell,3793.02,BTC-28JUN19-3500-P,57.96,0.0885,3.4,1,1552082685318,16400863,247
2019-03-09 08:30:09.629,0.1,buy,3889.43,BTC-28JUN19-3500-P,57.19,0.0765,0.1,2,1552120209629,16421461,248
2019-03-09 13:46:37.105,1.0,sell,3908.01,BTC-28JUN19-3500-P,56.03,0.073,1.0,2,1552139197105,16427656,249
2019-03-10 21:06:11.514,0.3,buy,3897.61,BTC-28JUN19-3500-P,57.43,0.0765,0.3,0,1552251971514,16466675,250
2019-03-11 05:58:26.276,1.0,buy,3861.41,BTC-28JUN19-3500-P,56.29,0.0775,1.0,0,1552283906276,16475434,251
2019-03-13 15:03:29.651,1.0,buy,3841.86,BTC-28JUN19-3500-P,56.53,0.0795,1.0,0,1552489409651,16541650,252
