date_utc,amount,direction,indexPrice,instrument,iv,price,quantity,tickDirection,timeStamp,tradeId,tradeSeq
2019-05-08 00:03:56.831,1.0,buy,164.81,ETH-27SEP19-280-P,90.09,0.737,1.0,1,1557273836831,1599005,1
2019-05-08 00:03:56.831,1.0,buy,164.81,ETH-27SEP19-280-P,90.09,0.737,1.0,1,1557273836831,1599006,2
2019-05-25 16:29:20.698,2.0,sell,251.25,ETH-27SEP19-280-P,100.14,0.287,2.0,2,1558801760698,3535707,3
2019-05-25 22:20:22.557,4.0,buy,253.15,ETH-27SEP19-280-P,94.33,0.268,4.0,2,1558822822557,3545375,4
2019-05-27 16:34:07.332,25.0,sell,277.1,ETH-27SEP19-280-P,101.16,0.199,25.0,2,1558974847332,3690432,5
2019-05-28 05:44:56.503,40.0,sell,268.63,ETH-27SEP19-280-P,95.22,0.204,40.0,0,1559022296503,3739963,6
2019-05-28 05:44:56.503,80.0,sell,268.63,ETH-27SEP19-280-P,95.22,0.204,80.0,1,1559022296503,3739964,7
2019-05-28 05:44:56.503,40.0,sell,268.63,ETH-27SEP19-280-P,95.22,0.204,40.0,1,1559022296503,3739965,8
2019-05-28 05:52:49.436,160.0,sell,269.3,ETH-27SEP19-280-P,95.64,0.204,160.0,1,1559022769436,3740568,9
2019-05-29 12:10:19.751,1.0,sell,269.16,ETH-27SEP19-280-P,94.84,0.229,1.0,0,1559131819751,3829550,10
2019-05-29 13:54:28.339,50.0,sell,273.4,ETH-27SEP19-280-P,98.95,0.228,50.0,2,1559138068339,3833867,11
2019-05-29 13:54:32.353,2.0,sell,273.52,ETH-27SEP19-280-P,99.07,0.228,2.0,3,1559138072353,3833875,12
2019-05-29 13:55:19.946,28.0,sell,274.0,ETH-27SEP19-280-P,99.62,0.228,28.0,3,1559138119946,3833974,13
2019-05-29 18:45:29.368,40.0,sell,271.02,ETH-27SEP19-280-P,95.8,0.223,40.0,2,1559155529368,3847851,14
2019-05-29 18:48:08.360,50.0,buy,270.85,ETH-27SEP19-280-P,95.25,0.222,50.0,2,1559155688360,3848010,15
2019-05-29 18:48:08.381,51.0,buy,270.85,ETH-27SEP19-280-P,95.25,0.222,51.0,3,1559155688381,3848011,16
2019-05-29 18:48:38.398,40.0,buy,270.51,ETH-27SEP19-280-P,94.99,0.222,40.0,3,1559155718398,3848063,17
2019-05-29 18:50:39.540,40.0,sell,270.63,ETH-27SEP19-280-P,94.04,0.22,40.0,2,1559155839540,3848183,18
2019-05-29 18:51:05.956,40.0,sell,270.68,ETH-27SEP19-280-P,93.05,0.218,40.0,2,1559155865956,3848231,19
2019-05-29 18:51:55.313,52.0,buy,270.93,ETH-27SEP19-280-P,94.67,0.221,52.0,0,1559155915313,3848311,20
2019-05-29 18:51:55.327,50.0,buy,270.93,ETH-27SEP19-280-P,94.67,0.221,50.0,1,1559155915327,3848312,21
2019-05-29 18:55:11.711,84.0,buy,271.34,ETH-27SEP19-280-P,94.72,0.22,84.0,2,1559156111711,3848399,22
2019-05-29 19:08:22.888,40.0,buy,271.21,ETH-27SEP19-280-P,95.05,0.221,40.0,0,1559156902888,3848561,23
2019-05-30 00:40:53.318,5.0,buy,271.18,ETH-27SEP19-280-P,99.77,0.22,5.0,2,1559176853318,3865712,24
2019-05-30 02:37:40.903,5.0,buy,270.01,ETH-27SEP19-280-P,98.58,0.217,5.0,2,1559183860903,3875682,25
2019-05-30 05:22:40.997,1.0,buy,283.74,ETH-27SEP19-280-P,97.41,0.18,1.0,2,1559193760997,3901586,26
2019-05-30 16:15:43.377,5.0,buy,281.57,ETH-27SEP19-280-P,93.61,0.183,5.0,0,1559232943377,3931992,27
2019-05-30 21:25:36.073,1.0,buy,246.6,ETH-27SEP19-280-P,99.35,0.29100000000000004,1.0,0,1559251536073,3986775,28
2019-05-30 21:25:38.653,1.0,buy,246.4,ETH-27SEP19-280-P,98.95,0.29100000000000004,1.0,1,1559251538653,3986837,29
2019-05-30 21:25:41.610,1.0,sell,245.64,ETH-27SEP19-280-P,99.18,0.294,1.0,0,1559251541610,3986943,30
2019-05-30 21:25:44.930,1.0,sell,245.9,ETH-27SEP19-280-P,101.05,0.298,1.0,0,1559251544930,3987066,31
2019-05-30 21:25:48.572,1.0,sell,245.2,ETH-27SEP19-280-P,101.08,0.3,1.0,0,1559251548572,3987216,32
2019-05-30 21:25:52.065,1.0,sell,245.19,ETH-27SEP19-280-P,100.82,0.301,1.0,0,1559251552065,3987457,33
2019-05-30 21:25:55.709,1.0,sell,245.2,ETH-27SEP19-280-P,101.4,0.303,1.0,0,1559251555709,3987673,34
2019-05-30 21:25:59.812,1.0,buy,244.71,ETH-27SEP19-280-P,101.95,0.307,1.0,0,1559251559812,3987989,35
2019-05-30 21:26:03.495,1.0,buy,244.67,ETH-27SEP19-280-P,101.95,0.307,1.0,1,1559251563495,3988309,36
2019-05-30 21:26:08.072,1.0,sell,243.56,ETH-27SEP19-280-P,102.3,0.311,1.0,0,1559251568072,3988608,37
2019-05-30 21:26:12.027,1.0,sell,244.19,ETH-27SEP19-280-P,102.16,0.311,1.0,1,1559251572027,3988885,38
2019-05-30 21:26:16.591,1.0,sell,243.57,ETH-27SEP19-280-P,102.01,0.313,1.0,0,1559251576591,3989192,39
2019-05-30 21:26:20.856,1.0,sell,243.64,ETH-27SEP19-280-P,102.33,0.314,1.0,0,1559251580856,3989450,40
2019-05-30 21:26:25.506,1.0,sell,242.65,ETH-27SEP19-280-P,101.01,0.314,1.0,1,1559251585506,3989740,41
2019-05-30 21:26:32.619,1.0,sell,242.16,ETH-27SEP19-280-P,100.44,0.316,1.0,0,1559251592619,3990063,42
2019-05-30 21:26:36.089,1.0,sell,242.09,ETH-27SEP19-280-P,100.23,0.316,1.0,1,1559251596089,3990216,43
2019-05-30 21:26:39.463,1.0,sell,241.19,ETH-27SEP19-280-P,100.7,0.318,1.0,0,1559251599463,3990336,44
2019-05-30 21:26:43.481,1.0,sell,241.27,ETH-27SEP19-280-P,101.46,0.322,1.0,0,1559251603481,3990485,45
2019-05-30 21:26:47.148,1.0,sell,241.51,ETH-27SEP19-280-P,100.88,0.321,1.0,2,1559251607148,3990628,46
2019-05-30 21:26:50.778,1.0,sell,241.15,ETH-27SEP19-280-P,100.65,0.321,1.0,3,1559251610778,3990772,47
2019-05-30 21:26:53.678,1.0,sell,240.82,ETH-27SEP19-280-P,99.31,0.319,1.0,2,1559251613678,3990955,48
2019-05-30 21:26:56.045,1.0,sell,240.99,ETH-27SEP19-280-P,99.16,0.318,1.0,2,1559251616045,3991106,49
2019-05-30 21:26:58.345,1.0,sell,240.26,ETH-27SEP19-280-P,98.35,0.318,1.0,3,1559251618345,3991202,50
2019-05-30 21:27:00.162,1.0,sell,240.36,ETH-27SEP19-280-P,98.29,0.317,1.0,2,1559251620162,3991338,51
2019-05-30 21:27:02.015,1.0,sell,240.39,ETH-27SEP19-280-P,98.84,0.318,1.0,0,1559251622015,3991394,52
2019-05-30 21:27:04.301,1.0,sell,240.29,ETH-27SEP19-280-P,98.84,0.318,1.0,1,1559251624301,3991472,53
2019-05-30 21:27:06.832,1.0,sell,240.26,ETH-27SEP19-280-P,99.89,0.32,1.0,0,1559251626832,3991573,54
2019-05-30 21:27:09.214,1.0,sell,240.07,ETH-27SEP19-280-P,98.83,0.318,1.0,2,1559251629214,3991670,55
2019-05-30 21:27:11.623,1.0,sell,240.0,ETH-27SEP19-280-P,99.37,0.319,1.0,0,1559251631623,3991773,56
2019-05-30 21:27:14.399,1.0,sell,239.96,ETH-27SEP19-280-P,100.36,0.321,1.0,0,1559251634399,3991835,57
2019-05-30 21:27:17.169,1.0,sell,239.94,ETH-27SEP19-280-P,99.92,0.32,1.0,2,1559251637169,3991902,58
2019-05-30 21:27:20.199,1.0,sell,239.93,ETH-27SEP19-280-P,100.08,0.32,1.0,3,1559251640199,3991991,59
2019-05-30 21:27:23.430,1.0,sell,239.65,ETH-27SEP19-280-P,100.2,0.321,1.0,0,1559251643430,3992110,60
2019-05-30 21:27:26.628,1.0,sell,239.58,ETH-27SEP19-280-P,100.5,0.322,1.0,0,1559251646628,3992185,61
2019-05-30 21:27:29.536,1.0,sell,239.57,ETH-27SEP19-280-P,99.97,0.321,1.0,2,1559251649536,3992246,62
2019-05-30 21:27:32.563,1.0,sell,239.51,ETH-27SEP19-280-P,99.94,0.321,1.0,3,1559251652563,3992332,63
2019-05-30 21:27:35.974,1.0,sell,239.54,ETH-27SEP19-280-P,99.61,0.32,1.0,2,1559251655974,3992449,64
2019-05-30 21:27:38.740,1.0,sell,239.56,ETH-27SEP19-280-P,99.71,0.32,1.0,3,1559251658740,3992536,65
2019-05-30 21:27:41.738,1.0,sell,240.06,ETH-27SEP19-280-P,100.89,0.321,1.0,0,1559251661738,3992627,66
2019-05-30 21:27:45.210,1.0,sell,239.82,ETH-27SEP19-280-P,100.5,0.321,1.0,1,1559251665210,3992686,67
2019-05-30 21:27:48.046,1.0,sell,239.8,ETH-27SEP19-280-P,100.09,0.32,1.0,2,1559251668046,3992720,68
2019-05-30 21:27:50.881,1.0,sell,239.92,ETH-27SEP19-280-P,99.4,0.318,1.0,2,1559251670881,3992763,69
2019-05-30 21:27:53.551,1.0,sell,239.85,ETH-27SEP19-280-P,99.77,0.319,1.0,0,1559251673551,3992810,70
2019-05-30 21:27:56.866,1.0,sell,239.88,ETH-27SEP19-280-P,100.72,0.321,1.0,0,1559251676866,3992879,71
2019-05-30 21:28:00.056,1.0,sell,239.88,ETH-27SEP19-280-P,100.32,0.32,1.0,2,1559251680056,3992933,72
2019-05-30 21:28:03.092,1.0,sell,239.68,ETH-27SEP19-280-P,100.08,0.32,1.0,3,1559251683092,3992958,73
2019-05-30 21:28:06.444,1.0,sell,239.7,ETH-27SEP19-280-P,100.63,0.321,1.0,0,1559251686444,3993003,74
2019-05-30 21:28:10.311,1.0,sell,239.6,ETH-27SEP19-280-P,101.41,0.32299999999999995,1.0,0,1559251690311,3993053,75
2019-05-30 21:28:14.090,1.0,sell,239.89,ETH-27SEP19-280-P,101.74,0.32299999999999995,1.0,1,1559251694090,3993102,76
2019-05-30 21:28:18.922,1.0,sell,239.93,ETH-27SEP19-280-P,103.82,0.328,1.0,0,1559251698922,3993199,77
2019-05-30 21:28:23.789,1.0,sell,239.83,ETH-27SEP19-280-P,103.63,0.329,1.0,0,1559251703789,3993326,78
2019-05-30 21:28:27.914,1.0,sell,240.06,ETH-27SEP19-280-P,101.94,0.326,1.0,2,1559251707914,3993388,79
2019-05-30 21:28:32.162,1.0,sell,239.97,ETH-27SEP19-280-P,102.68,0.328,1.0,0,1559251712162,3993533,80
2019-05-30 21:28:36.714,1.0,sell,239.89,ETH-27SEP19-280-P,102.41,0.328,1.0,1,1559251716714,3993648,81
2019-05-30 21:28:41.120,1.0,sell,239.83,ETH-27SEP19-280-P,102.59,0.329,1.0,0,1559251721120,3993822,82
2019-05-30 21:28:45.221,1.0,sell,239.77,ETH-27SEP19-280-P,101.89,0.328,1.0,2,1559251725221,3993964,83
2019-05-30 21:28:48.926,1.0,sell,240.04,ETH-27SEP19-280-P,101.83,0.327,1.0,2,1559251728926,3994122,84
2019-05-30 21:28:52.332,1.0,sell,240.6,ETH-27SEP19-280-P,101.49,0.324,1.0,2,1559251732332,3994239,85
2019-05-30 21:28:55.852,1.0,sell,240.61,ETH-27SEP19-280-P,100.83,0.322,1.0,2,1559251735852,3994313,86
2019-05-30 21:28:59.269,1.0,sell,241.02,ETH-27SEP19-280-P,101.16,0.321,1.0,2,1559251739269,3994402,87
2019-05-30 21:29:02.782,1.0,sell,241.04,ETH-27SEP19-280-P,101.39,0.321,1.0,3,1559251742782,3994559,88
2019-05-30 21:29:06.821,1.0,sell,241.69,ETH-27SEP19-280-P,102.39,0.321,1.0,3,1559251746821,3994628,89
2019-05-30 21:29:11.093,1.0,sell,241.71,ETH-27SEP19-280-P,102.34,0.32,1.0,2,1559251751093,3994726,90
2019-05-30 21:29:15.615,1.0,sell,242.31,ETH-27SEP19-280-P,101.79,0.318,1.0,2,1559251755615,3994805,91
2019-05-30 21:29:19.490,1.0,sell,242.51,ETH-27SEP19-280-P,101.64,0.317,1.0,2,1559251759490,3994903,92
2019-05-30 21:29:25.670,1.0,sell,242.57,ETH-27SEP19-280-P,101.45,0.316,1.0,2,1559251765670,3995049,93
2019-05-30 21:29:30.326,1.0,sell,242.5,ETH-27SEP19-280-P,103.27,0.32,1.0,0,1559251770326,3995138,94
2019-05-30 21:29:34.649,1.0,sell,242.7,ETH-27SEP19-280-P,103.25,0.319,1.0,2,1559251774649,3995265,95
2019-05-30 21:29:38.920,1.0,sell,242.67,ETH-27SEP19-280-P,101.72,0.316,1.0,2,1559251778920,3995376,96
2019-05-30 21:29:43.015,1.0,sell,242.79,ETH-27SEP19-280-P,101.96,0.316,1.0,3,1559251783015,3995469,97
2019-05-30 21:29:47.305,1.0,sell,243.11,ETH-27SEP19-280-P,102.61,0.316,1.0,3,1559251787305,3995533,98
2019-05-30 21:29:51.543,1.0,sell,243.24,ETH-27SEP19-280-P,102.32,0.315,1.0,2,1559251791543,3995645,99
2019-05-30 21:29:56.109,1.0,sell,243.36,ETH-27SEP19-280-P,102.45,0.315,1.0,3,1559251796109,3995755,100
2019-05-30 21:30:00.387,1.0,sell,243.52,ETH-27SEP19-280-P,101.94,0.313,1.0,2,1559251800387,3995808,101
2019-05-30 21:30:04.771,1.0,sell,243.6,ETH-27SEP19-280-P,102.56,0.315,1.0,0,1559251804771,3995944,102
2019-05-30 21:30:09.029,1.0,sell,243.47,ETH-27SEP19-280-P,101.88,0.314,1.0,2,1559251809029,3995998,103
2019-05-30 21:30:13.005,1.0,sell,243.75,ETH-27SEP19-280-P,101.94,0.313,1.0,2,1559251813005,3996036,104
2019-05-30 21:30:17.381,1.0,sell,243.87,ETH-27SEP19-280-P,102.6,0.314,1.0,0,1559251817381,3996101,105
2019-05-30 21:30:21.646,1.0,sell,243.86,ETH-27SEP19-280-P,102.12,0.313,1.0,2,1559251821646,3996198,106
2019-05-30 21:30:25.903,1.0,sell,243.91,ETH-27SEP19-280-P,102.09,0.313,1.0,3,1559251825903,3996289,107
2019-05-30 21:30:30.759,1.0,buy,243.77,ETH-27SEP19-280-P,102.74,0.315,1.0,0,1559251830759,3996451,108
2019-05-30 21:30:35.168,1.0,buy,243.63,ETH-27SEP19-280-P,102.59,0.315,1.0,1,1559251835168,3996578,109
2019-05-30 21:30:39.576,1.0,buy,243.88,ETH-27SEP19-280-P,103.25,0.315,1.0,1,1559251839576,3996722,110
2019-05-30 21:30:44.441,1.0,buy,244.07,ETH-27SEP19-280-P,103.36,0.315,1.0,1,1559251844441,3996789,111
2019-05-30 21:30:49.090,1.0,sell,244.27,ETH-27SEP19-280-P,102.52,0.313,1.0,2,1559251849090,3996888,112
2019-05-30 21:30:53.427,1.0,sell,244.6,ETH-27SEP19-280-P,103.04,0.313,1.0,3,1559251853427,3996959,113
2019-05-30 21:30:57.988,1.0,buy,244.56,ETH-27SEP19-280-P,102.59,0.312,1.0,2,1559251857988,3997069,114
2019-05-30 21:31:02.555,1.0,buy,244.48,ETH-27SEP19-280-P,102.19,0.312,1.0,3,1559251862555,3997236,115
2019-05-30 21:31:06.964,1.0,buy,244.41,ETH-27SEP19-280-P,102.3,0.312,1.0,3,1559251866964,3997288,116
2019-05-30 21:31:11.269,1.0,buy,244.78,ETH-27SEP19-280-P,102.08,0.312,1.0,3,1559251871269,3997340,117
2019-05-30 21:31:15.980,1.0,buy,244.53,ETH-27SEP19-280-P,102.16,0.314,1.0,0,1559251875980,3997529,118
2019-05-30 21:31:20.596,1.0,sell,244.65,ETH-27SEP19-280-P,103.36,0.315,1.0,0,1559251880596,3997608,119
2019-05-30 21:31:24.980,1.0,sell,244.54,ETH-27SEP19-280-P,103.06,0.314,1.0,2,1559251884980,3997638,120
2019-05-30 21:31:29.298,1.0,sell,244.53,ETH-27SEP19-280-P,102.8,0.313,1.0,2,1559251889298,3997747,121
2019-05-30 21:31:33.509,1.0,sell,244.54,ETH-27SEP19-280-P,102.58,0.312,1.0,2,1559251893509,3997850,122
2019-05-30 21:31:38.182,1.0,buy,244.36,ETH-27SEP19-280-P,102.8,0.314,1.0,0,1559251898182,3997936,123
2019-05-30 21:31:42.585,1.0,buy,244.38,ETH-27SEP19-280-P,102.59,0.314,1.0,1,1559251902585,3998051,124
2019-05-30 21:31:46.837,1.0,buy,244.5,ETH-27SEP19-280-P,102.45,0.314,1.0,1,1559251906837,3998158,125
2019-05-30 21:31:50.944,1.0,buy,244.45,ETH-27SEP19-280-P,102.26,0.314,1.0,1,1559251910944,3998234,126
2019-05-30 21:31:54.916,1.0,buy,244.32,ETH-27SEP19-280-P,101.8,0.314,1.0,1,1559251914916,3998291,127
2019-05-30 21:31:58.580,1.0,buy,244.07,ETH-27SEP19-280-P,101.43,0.314,1.0,1,1559251918580,3998351,128
2019-05-30 21:32:02.115,1.0,buy,243.9,ETH-27SEP19-280-P,101.27,0.314,1.0,1,1559251922115,3998394,129
2019-05-30 21:32:05.618,1.0,buy,243.86,ETH-27SEP19-280-P,101.23,0.314,1.0,1,1559251925618,3998485,130
2019-05-30 21:32:09.113,1.0,buy,243.68,ETH-27SEP19-280-P,100.97,0.314,1.0,1,1559251929113,3998578,131
2019-05-30 21:32:12.455,1.0,buy,243.61,ETH-27SEP19-280-P,100.83,0.314,1.0,1,1559251932455,3998645,132
2019-05-30 21:32:15.666,1.0,buy,243.66,ETH-27SEP19-280-P,100.87,0.314,1.0,1,1559251935666,3998688,133
2019-05-30 21:32:18.852,1.0,buy,243.75,ETH-27SEP19-280-P,100.88,0.314,1.0,1,1559251938852,3998755,134
2019-05-30 21:32:22.350,1.0,buy,243.61,ETH-27SEP19-280-P,101.03,0.315,1.0,0,1559251942350,3998824,135
2019-05-30 21:32:25.863,1.0,buy,243.54,ETH-27SEP19-280-P,101.26,0.316,1.0,0,1559251945863,3998886,136
2019-05-30 21:32:29.358,1.0,buy,243.41,ETH-27SEP19-280-P,101.01,0.316,1.0,1,1559251949358,3998939,137
2019-05-30 21:32:32.703,1.0,buy,243.27,ETH-27SEP19-280-P,100.74,0.316,1.0,1,1559251952703,3998991,138
2019-05-30 21:32:36.197,1.0,buy,243.38,ETH-27SEP19-280-P,101.19,0.317,1.0,0,1559251956197,3999071,139
2019-05-30 21:32:39.994,1.0,buy,242.96,ETH-27SEP19-280-P,100.9,0.318,1.0,0,1559251959994,3999177,140
2019-05-30 21:32:43.491,1.0,buy,242.9,ETH-27SEP19-280-P,101.15,0.319,1.0,0,1559251963491,3999310,141
2019-05-30 21:32:47.146,1.0,buy,242.58,ETH-27SEP19-280-P,101.01,0.32,1.0,0,1559251967146,3999461,142
2019-05-30 21:32:50.637,1.0,buy,242.47,ETH-27SEP19-280-P,101.16,0.321,1.0,0,1559251970637,3999543,143
2019-05-30 21:32:54.633,1.0,buy,242.25,ETH-27SEP19-280-P,101.97,0.324,1.0,0,1559251974633,3999656,144
2019-05-30 21:32:59.836,1.0,sell,241.8,ETH-27SEP19-280-P,104.43,0.332,1.0,0,1559251979836,3999792,145
2019-05-30 21:33:05.002,1.0,sell,241.53,ETH-27SEP19-280-P,103.82,0.332,1.0,1,1559251985002,3999887,146
2019-05-30 21:33:09.697,1.0,sell,241.52,ETH-27SEP19-280-P,103.7,0.332,1.0,1,1559251989697,4000087,147
2019-05-30 21:33:13.812,1.0,buy,241.4,ETH-27SEP19-280-P,102.05,0.329,1.0,2,1559251993812,4000239,148
2019-05-30 21:33:17.920,1.0,buy,241.37,ETH-27SEP19-280-P,102.14,0.329,1.0,3,1559251997920,4000368,149
2019-05-30 21:33:22.024,1.0,buy,241.34,ETH-27SEP19-280-P,102.05,0.329,1.0,3,1559252002024,4000492,150
2019-05-30 21:33:26.127,1.0,buy,241.4,ETH-27SEP19-280-P,102.14,0.329,1.0,3,1559252006127,4000657,151
2019-05-30 21:33:29.926,1.0,sell,241.72,ETH-27SEP19-280-P,101.9,0.327,1.0,2,1559252009926,4000790,152
2019-05-30 21:33:33.432,1.0,sell,241.64,ETH-27SEP19-280-P,101.33,0.325,1.0,2,1559252013432,4000908,153
2019-05-30 21:33:36.923,1.0,sell,241.75,ETH-27SEP19-280-P,101.69,0.325,1.0,3,1559252016923,4000987,154
2019-05-30 21:33:40.878,1.0,sell,242.27,ETH-27SEP19-280-P,103.12,0.326,1.0,0,1559252020878,4001070,155
2019-05-30 21:33:44.977,1.0,buy,242.4,ETH-27SEP19-280-P,102.42,0.324,1.0,2,1559252024977,4001146,156
2019-05-30 21:33:49.081,1.0,buy,242.35,ETH-27SEP19-280-P,102.14,0.324,1.0,3,1559252029081,4001246,157
2019-05-30 21:33:52.882,1.0,sell,242.4,ETH-27SEP19-280-P,101.49,0.322,1.0,2,1559252032882,4001345,158
2019-05-30 21:33:57.205,1.0,sell,242.87,ETH-27SEP19-280-P,102.36,0.32299999999999995,1.0,0,1559252037205,4001464,159
2019-05-30 21:34:01.893,1.0,sell,242.86,ETH-27SEP19-280-P,102.7,0.32299999999999995,1.0,1,1559252041893,4001540,160
2019-05-30 21:34:06.396,1.0,sell,242.95,ETH-27SEP19-280-P,103.49,0.325,1.0,0,1559252046396,4001576,161
2019-05-30 21:34:10.808,1.0,buy,243.13,ETH-27SEP19-280-P,103.21,0.324,1.0,2,1559252050808,4001710,162
2019-05-30 21:34:14.604,1.0,buy,242.78,ETH-27SEP19-280-P,101.22,0.321,1.0,2,1559252054604,4001751,163
2019-05-30 21:34:18.403,1.0,buy,243.04,ETH-27SEP19-280-P,101.45,0.321,1.0,3,1559252058403,4001787,164
2019-05-30 21:34:22.356,1.0,buy,242.99,ETH-27SEP19-280-P,101.68,0.322,1.0,0,1559252062356,4001898,165
2019-05-30 21:34:26.150,1.0,buy,242.98,ETH-27SEP19-280-P,101.63,0.322,1.0,1,1559252066150,4002033,166
2019-05-30 21:34:29.952,1.0,buy,243.0,ETH-27SEP19-280-P,101.6,0.322,1.0,1,1559252069952,4002116,167
2019-05-30 21:34:33.599,1.0,buy,243.0,ETH-27SEP19-280-P,101.48,0.322,1.0,1,1559252073599,4002205,168
2019-05-30 21:34:37.244,1.0,buy,242.91,ETH-27SEP19-280-P,101.13,0.322,1.0,1,1559252077244,4002304,169
2019-05-30 21:34:40.746,1.0,buy,242.89,ETH-27SEP19-280-P,101.0,0.322,1.0,1,1559252080746,4002348,170
2019-05-30 21:34:44.239,1.0,buy,242.9,ETH-27SEP19-280-P,101.33,0.32299999999999995,1.0,0,1559252084239,4002409,171
2019-05-30 21:34:47.882,1.0,buy,242.87,ETH-27SEP19-280-P,101.62,0.324,1.0,0,1559252087882,4002445,172
2019-05-30 21:34:51.677,1.0,buy,242.91,ETH-27SEP19-280-P,101.54,0.324,1.0,1,1559252091677,4002530,173
2019-05-30 21:34:55.481,1.0,buy,242.9,ETH-27SEP19-280-P,101.73,0.325,1.0,0,1559252095481,4002586,174
2019-05-30 21:34:59.275,1.0,buy,242.9,ETH-27SEP19-280-P,101.66,0.325,1.0,1,1559252099275,4002719,175
2019-05-30 21:35:02.922,1.0,buy,242.82,ETH-27SEP19-280-P,101.47,0.325,1.0,1,1559252102922,4002739,176
2019-05-30 21:35:06.446,1.0,buy,242.77,ETH-27SEP19-280-P,101.38,0.325,1.0,1,1559252106446,4002831,177
2019-05-30 21:35:09.482,1.0,buy,243.06,ETH-27SEP19-280-P,100.39,0.322,1.0,2,1559252109482,4002884,178
2019-05-30 21:35:12.824,1.0,buy,243.07,ETH-27SEP19-280-P,101.0,0.32299999999999995,1.0,0,1559252112824,4002939,179
2019-05-30 21:35:16.317,1.0,buy,243.12,ETH-27SEP19-280-P,101.11,0.32299999999999995,1.0,1,1559252116317,4002985,180
2019-05-30 21:35:19.967,1.0,buy,243.5,ETH-27SEP19-280-P,101.74,0.32299999999999995,1.0,1,1559252119967,4003037,181
2019-05-30 21:35:23.902,1.0,sell,243.8,ETH-27SEP19-280-P,101.9,0.322,1.0,2,1559252123902,4003088,182
2019-05-30 21:35:27.265,1.0,buy,243.88,ETH-27SEP19-280-P,101.08,0.32,1.0,2,1559252127265,4003142,183
2019-05-30 21:35:30.759,1.0,buy,243.91,ETH-27SEP19-280-P,101.14,0.32,1.0,3,1559252130759,4003182,184
2019-05-30 21:35:34.405,1.0,buy,243.92,ETH-27SEP19-280-P,101.55,0.32,1.0,3,1559252134405,4003249,185
2019-05-30 21:35:38.058,1.0,buy,244.1,ETH-27SEP19-280-P,101.71,0.32,1.0,3,1559252138058,4003304,186
2019-05-30 21:35:42.789,1.0,buy,244.23,ETH-27SEP19-280-P,101.78,0.32,1.0,3,1559252142789,4003343,187
2019-05-30 21:35:47.355,1.0,buy,244.52,ETH-27SEP19-280-P,102.1,0.32,1.0,3,1559252147355,4003372,188
2019-05-30 21:35:52.061,1.0,buy,244.66,ETH-27SEP19-280-P,102.19,0.32,1.0,3,1559252152061,4003401,189
2019-05-30 21:35:56.947,1.0,buy,245.29,ETH-27SEP19-280-P,103.06,0.32,1.0,3,1559252156947,4003487,190
2019-05-30 21:36:01.817,1.0,buy,245.56,ETH-27SEP19-280-P,103.3,0.32,1.0,3,1559252161817,4003621,191
2019-05-30 21:36:06.376,1.0,buy,245.57,ETH-27SEP19-280-P,101.92,0.317,1.0,2,1559252166376,4003646,192
2019-05-30 21:36:10.936,1.0,buy,246.07,ETH-27SEP19-280-P,102.48,0.317,1.0,3,1559252170936,4003691,193
2019-05-30 21:36:15.804,1.0,buy,245.88,ETH-27SEP19-280-P,102.34,0.317,1.0,3,1559252175804,4003747,194
2019-05-30 21:36:20.360,1.0,buy,246.0,ETH-27SEP19-280-P,102.52,0.317,1.0,3,1559252180360,4003787,195
2019-05-30 21:36:25.067,1.0,buy,246.03,ETH-27SEP19-280-P,102.54,0.317,1.0,3,1559252185067,4003817,196
2019-05-30 21:36:29.777,1.0,buy,245.82,ETH-27SEP19-280-P,102.33,0.317,1.0,3,1559252189777,4003844,197
2019-05-30 21:36:34.343,1.0,buy,245.95,ETH-27SEP19-280-P,102.79,0.317,1.0,3,1559252194343,4003915,198
2019-05-30 21:36:38.747,1.0,buy,246.02,ETH-27SEP19-280-P,103.18,0.317,1.0,3,1559252198747,4003935,199
2019-05-30 21:36:43.154,1.0,sell,245.98,ETH-27SEP19-280-P,103.03,0.316,1.0,2,1559252203154,4003972,200
2019-05-30 21:36:47.857,1.0,sell,246.0,ETH-27SEP19-280-P,103.4,0.316,1.0,3,1559252207857,4004001,201
2019-05-30 21:36:52.725,1.0,sell,246.07,ETH-27SEP19-280-P,103.35,0.315,1.0,2,1559252212725,4004039,202
2019-05-30 21:36:57.737,1.0,sell,246.18,ETH-27SEP19-280-P,103.54,0.315,1.0,3,1559252217737,4004091,203
2019-05-30 21:37:03.225,1.0,sell,246.42,ETH-27SEP19-280-P,104.06,0.316,1.0,0,1559252223225,4004156,204
2019-05-30 21:37:08.724,1.0,buy,246.23,ETH-27SEP19-280-P,104.06,0.316,1.0,1,1559252228724,4004210,205
2019-05-30 21:37:13.884,1.0,buy,246.21,ETH-27SEP19-280-P,103.53,0.315,1.0,2,1559252233884,4004245,206
2019-05-30 21:37:18.752,1.0,buy,246.19,ETH-27SEP19-280-P,103.32,0.315,1.0,3,1559252238752,4004283,207
2019-05-30 21:37:23.619,1.0,buy,246.15,ETH-27SEP19-280-P,103.27,0.315,1.0,3,1559252243619,4004310,208
2019-05-30 21:37:28.483,1.0,buy,246.25,ETH-27SEP19-280-P,103.31,0.315,1.0,3,1559252248483,4004334,209
2019-05-30 21:37:33.363,1.0,buy,246.24,ETH-27SEP19-280-P,103.25,0.315,1.0,3,1559252253363,4004389,210
2019-05-30 21:37:38.220,1.0,buy,246.25,ETH-27SEP19-280-P,103.13,0.315,1.0,3,1559252258220,4004405,211
2019-05-30 21:37:43.078,1.0,buy,245.89,ETH-27SEP19-280-P,103.06,0.315,1.0,3,1559252263078,4004444,212
2019-05-30 21:37:47.786,1.0,buy,246.05,ETH-27SEP19-280-P,102.88,0.315,1.0,3,1559252267786,4004468,213
2019-05-30 21:37:52.415,1.0,buy,246.02,ETH-27SEP19-280-P,102.88,0.315,1.0,3,1559252272415,4004495,214
2019-05-30 21:37:56.970,1.0,buy,246.27,ETH-27SEP19-280-P,103.24,0.315,1.0,3,1559252276970,4004509,215
2019-05-30 21:38:01.831,1.0,buy,246.38,ETH-27SEP19-280-P,103.33,0.315,1.0,3,1559252281831,4004536,216
2019-05-30 21:38:06.712,1.0,buy,246.59,ETH-27SEP19-280-P,103.57,0.315,1.0,3,1559252286712,4004566,217
2019-05-30 21:40:17.758,1.0,sell,248.01,ETH-27SEP19-280-P,100.58,0.303,1.0,2,1559252417758,4005250,218
2019-05-30 21:46:49.930,1.0,buy,246.44,ETH-27SEP19-280-P,102.44,0.315,1.0,0,1559252809930,4008779,219
2019-05-30 21:46:54.636,1.0,buy,246.48,ETH-27SEP19-280-P,102.34,0.315,1.0,1,1559252814636,4008843,220
2019-05-30 21:46:59.201,1.0,buy,246.47,ETH-27SEP19-280-P,102.18,0.315,1.0,1,1559252819201,4008894,221
2019-05-30 21:47:03.788,1.0,buy,246.24,ETH-27SEP19-280-P,101.54,0.315,1.0,1,1559252823788,4009030,222
2019-05-30 21:47:08.240,1.0,buy,246.23,ETH-27SEP19-280-P,101.4,0.315,1.0,1,1559252828240,4009110,223
2019-05-30 21:47:12.335,1.0,buy,246.11,ETH-27SEP19-280-P,101.2,0.315,1.0,1,1559252832335,4009194,224
2019-05-30 21:47:16.431,1.0,buy,246.2,ETH-27SEP19-280-P,101.36,0.315,1.0,1,1559252836431,4009253,225
2019-05-30 21:47:20.828,1.0,buy,246.22,ETH-27SEP19-280-P,101.7,0.316,1.0,0,1559252840828,4009287,226
2019-05-30 21:47:25.240,1.0,buy,246.07,ETH-27SEP19-280-P,101.07,0.316,1.0,1,1559252845240,4009329,227
2019-05-30 21:47:29.490,1.0,buy,246.21,ETH-27SEP19-280-P,101.43,0.316,1.0,1,1559252849490,4009368,228
2019-05-30 21:47:33.586,1.0,buy,246.31,ETH-27SEP19-280-P,101.46,0.316,1.0,1,1559252853586,4009424,229
2019-05-30 21:47:37.836,1.0,buy,246.6,ETH-27SEP19-280-P,101.7,0.316,1.0,1,1559252857836,4009503,230
2019-05-30 21:47:42.400,1.0,buy,246.86,ETH-27SEP19-280-P,101.88,0.316,1.0,1,1559252862400,4009574,231
2019-05-30 21:47:46.662,1.0,sell,247.15,ETH-27SEP19-280-P,101.75,0.315,1.0,2,1559252866662,4009586,232
2019-05-30 21:47:50.781,1.0,sell,247.47,ETH-27SEP19-280-P,101.35,0.313,1.0,2,1559252870781,4009712,233
2019-05-30 21:48:03.085,1.0,sell,247.52,ETH-27SEP19-280-P,102.04,0.314,1.0,0,1559252883085,4009818,234
2019-05-30 21:48:07.362,1.0,sell,247.5,ETH-27SEP19-280-P,102.07,0.314,1.0,1,1559252887362,4009827,235
2019-05-30 21:51:13.409,1.0,buy,247.89,ETH-27SEP19-280-P,101.95,0.314,1.0,1,1559253073409,4010977,236
2019-05-30 21:51:20.505,1.0,buy,247.79,ETH-27SEP19-280-P,101.67,0.314,1.0,1,1559253080505,4011007,237
2019-05-30 21:51:24.759,1.0,buy,247.6,ETH-27SEP19-280-P,101.6,0.314,1.0,1,1559253084759,4011039,238
2019-05-30 21:51:28.268,1.0,sell,247.43,ETH-27SEP19-280-P,101.67,0.314,1.0,1,1559253088268,4011069,239
2019-05-30 21:51:33.113,1.0,buy,247.28,ETH-27SEP19-280-P,102.17,0.316,1.0,0,1559253093113,4011089,240
2019-05-30 21:51:37.822,1.0,buy,247.33,ETH-27SEP19-280-P,102.15,0.316,1.0,1,1559253097822,4011141,241
2019-05-30 21:51:41.927,1.0,sell,247.51,ETH-27SEP19-280-P,101.01,0.313,1.0,2,1559253101927,4011232,242
2019-05-30 21:51:45.578,1.0,sell,247.63,ETH-27SEP19-280-P,101.17,0.313,1.0,3,1559253105578,4011282,243
2019-05-30 21:51:49.371,1.0,sell,247.69,ETH-27SEP19-280-P,101.24,0.313,1.0,3,1559253109371,4011317,244
2019-05-30 21:51:56.852,1.0,buy,247.43,ETH-27SEP19-280-P,102.24,0.316,1.0,0,1559253116852,4011353,245
2019-05-30 21:52:01.406,1.0,buy,247.42,ETH-27SEP19-280-P,102.26,0.316,1.0,1,1559253121406,4011372,246
2019-05-30 21:52:05.666,1.0,sell,247.45,ETH-27SEP19-280-P,101.94,0.315,1.0,2,1559253125666,4011405,247
2019-05-30 21:52:10.218,1.0,buy,247.28,ETH-27SEP19-280-P,102.27,0.316,1.0,0,1559253130218,4011440,248
2019-05-30 21:52:14.772,1.0,buy,247.17,ETH-27SEP19-280-P,102.08,0.316,1.0,1,1559253134772,4011461,249
2019-05-30 21:52:19.179,1.0,buy,247.0,ETH-27SEP19-280-P,101.84,0.316,1.0,1,1559253139179,4011483,250
2019-05-30 21:52:23.580,1.0,buy,246.82,ETH-27SEP19-280-P,101.91,0.316,1.0,1,1559253143580,4011515,251
2019-05-30 21:52:27.075,1.0,sell,246.88,ETH-27SEP19-280-P,102.03,0.316,1.0,1,1559253147075,4011544,252
2019-05-30 21:52:31.930,1.0,buy,246.88,ETH-27SEP19-280-P,102.47,0.317,1.0,0,1559253151930,4011567,253
2019-05-30 21:52:36.634,1.0,buy,246.87,ETH-27SEP19-280-P,102.39,0.317,1.0,1,1559253156634,4011591,254
2019-05-30 21:52:41.363,1.0,buy,246.93,ETH-27SEP19-280-P,102.39,0.317,1.0,1,1559253161363,4011609,255
2019-05-30 21:52:46.219,1.0,buy,247.01,ETH-27SEP19-280-P,102.43,0.317,1.0,1,1559253166219,4011633,256
2019-05-30 21:52:53.747,1.0,buy,246.92,ETH-27SEP19-280-P,102.25,0.317,1.0,1,1559253173747,4011655,257
2019-05-30 21:52:58.450,1.0,buy,246.88,ETH-27SEP19-280-P,102.24,0.317,1.0,1,1559253178450,4011667,258
2019-05-30 21:53:03.158,1.0,buy,246.88,ETH-27SEP19-280-P,102.21,0.317,1.0,1,1559253183158,4011678,259
2019-05-30 21:53:07.874,1.0,buy,246.86,ETH-27SEP19-280-P,102.14,0.317,1.0,1,1559253187874,4011696,260
2019-05-30 21:53:12.732,1.0,buy,246.76,ETH-27SEP19-280-P,102.41,0.318,1.0,0,1559253192732,4011710,261
2019-05-30 21:53:17.460,1.0,buy,246.73,ETH-27SEP19-280-P,102.37,0.318,1.0,1,1559253197460,4011723,262
2019-05-30 21:53:22.013,1.0,buy,246.67,ETH-27SEP19-280-P,102.31,0.318,1.0,1,1559253202013,4011733,263
2019-05-30 21:53:26.574,1.0,buy,246.5,ETH-27SEP19-280-P,102.2,0.318,1.0,1,1559253206574,4011762,264
2019-05-30 21:53:31.139,1.0,buy,246.66,ETH-27SEP19-280-P,102.42,0.318,1.0,1,1559253211139,4011792,265
2019-05-30 21:54:03.147,1.0,buy,246.66,ETH-27SEP19-280-P,102.23,0.318,1.0,1,1559253243147,4011949,266
2019-05-31 04:52:34.397,1.0,buy,247.02,ETH-27SEP19-280-P,101.9,0.311,1.0,2,1559278354397,4038868,267
2019-05-31 04:52:36.368,1.0,buy,246.96,ETH-27SEP19-280-P,101.85,0.311,1.0,3,1559278356368,4038872,268
2019-05-31 04:52:38.946,1.0,buy,246.98,ETH-27SEP19-280-P,101.81,0.311,1.0,3,1559278358946,4038885,269
2019-05-31 04:52:41.523,1.0,buy,246.95,ETH-27SEP19-280-P,101.73,0.311,1.0,3,1559278361523,4038890,270
2019-05-31 04:52:43.950,1.0,buy,246.91,ETH-27SEP19-280-P,101.7,0.311,1.0,3,1559278363950,4038929,271
2019-05-31 04:52:46.378,1.0,buy,246.87,ETH-27SEP19-280-P,101.54,0.311,1.0,3,1559278366378,4038932,272
2019-05-31 04:52:48.808,1.0,buy,246.93,ETH-27SEP19-280-P,101.61,0.311,1.0,3,1559278368808,4038940,273
2019-05-31 04:55:29.617,1.0,buy,246.42,ETH-27SEP19-280-P,101.76,0.312,1.0,0,1559278529617,4039380,274
2019-05-31 04:55:32.198,1.0,buy,246.47,ETH-27SEP19-280-P,101.8,0.312,1.0,1,1559278532198,4039395,275
2019-05-31 04:55:34.775,1.0,buy,246.48,ETH-27SEP19-280-P,101.87,0.312,1.0,1,1559278534775,4039402,276
2019-05-31 05:00:42.516,1.0,buy,245.99,ETH-27SEP19-280-P,102.82,0.316,1.0,0,1559278842516,4040271,277
2019-05-31 05:00:45.555,1.0,buy,246.02,ETH-27SEP19-280-P,102.04,0.315,1.0,2,1559278845555,4040297,278
2019-05-31 05:00:48.453,1.0,buy,245.98,ETH-27SEP19-280-P,101.87,0.315,1.0,3,1559278848453,4040317,279
2019-05-31 05:00:51.032,1.0,buy,245.76,ETH-27SEP19-280-P,101.54,0.315,1.0,3,1559278851032,4040322,280
2019-05-31 05:00:53.613,1.0,buy,245.76,ETH-27SEP19-280-P,101.55,0.315,1.0,3,1559278853613,4040348,281
2019-05-31 05:00:56.202,1.0,buy,245.73,ETH-27SEP19-280-P,101.51,0.315,1.0,3,1559278856202,4040351,282
2019-05-31 05:00:58.938,1.0,buy,245.65,ETH-27SEP19-280-P,101.88,0.316,1.0,0,1559278858938,4040366,283
2019-05-31 05:01:01.667,1.0,buy,245.56,ETH-27SEP19-280-P,102.17,0.317,1.0,0,1559278861667,4040388,284
2019-05-31 05:01:04.399,1.0,buy,245.51,ETH-27SEP19-280-P,102.13,0.317,1.0,1,1559278864399,4040396,285
2019-05-31 05:01:07.137,1.0,buy,245.41,ETH-27SEP19-280-P,101.86,0.317,1.0,1,1559278867137,4040402,286
2019-05-31 05:01:09.565,1.0,buy,245.11,ETH-27SEP19-280-P,101.45,0.317,1.0,1,1559278869565,4040408,287
2019-05-31 05:01:11.993,1.0,buy,245.18,ETH-27SEP19-280-P,101.58,0.317,1.0,1,1559278871993,4040425,288
2019-05-31 05:01:14.577,1.0,buy,245.39,ETH-27SEP19-280-P,101.85,0.317,1.0,1,1559278874577,4040449,289
2019-05-31 05:01:17.159,1.0,buy,245.55,ETH-27SEP19-280-P,102.04,0.317,1.0,1,1559278877159,4040508,290
2019-05-31 05:01:20.049,1.0,buy,245.71,ETH-27SEP19-280-P,102.18,0.317,1.0,1,1559278880049,4040551,291
2019-05-31 05:01:22.933,1.0,buy,245.75,ETH-27SEP19-280-P,102.22,0.317,1.0,1,1559278882933,4040580,292
2019-05-31 05:01:25.822,1.0,buy,245.69,ETH-27SEP19-280-P,102.13,0.317,1.0,1,1559278885822,4040600,293
2019-05-31 05:01:28.705,1.0,buy,245.65,ETH-27SEP19-280-P,102.07,0.317,1.0,1,1559278888705,4040603,294
2019-05-31 05:01:31.597,1.0,buy,245.77,ETH-27SEP19-280-P,102.06,0.317,1.0,1,1559278891597,4040613,295
2019-05-31 05:01:34.328,1.0,sell,245.82,ETH-27SEP19-280-P,101.87,0.316,1.0,2,1559278894328,4040623,296
2019-05-31 05:01:37.061,1.0,sell,245.8,ETH-27SEP19-280-P,101.88,0.316,1.0,3,1559278897061,4040660,297
2019-05-31 05:01:39.794,1.0,sell,245.87,ETH-27SEP19-280-P,101.84,0.316,1.0,3,1559278899794,4040668,298
2019-05-31 05:01:42.527,1.0,sell,246.01,ETH-27SEP19-280-P,102.27,0.316,1.0,3,1559278902527,4040707,299
2019-06-02 03:06:36.082,2.0,buy,264.47,ETH-27SEP19-280-P,91.95,0.21600000000000005,2.0,2,1559444796082,4160864,300
2019-06-02 18:14:21.955,80.0,sell,267.33,ETH-27SEP19-280-P,83.96,0.189,80.0,2,1559499261955,4194790,301
2019-06-03 06:47:50.095,1.0,buy,263.54,ETH-27SEP19-280-P,89.14,0.214,1.0,0,1559544470095,4222118,302
2019-06-03 14:40:17.953,36.0,buy,259.08,ETH-27SEP19-280-P,92.47,0.232,36.0,0,1559572817953,4243974,303
2019-06-03 14:40:17.953,80.0,buy,259.08,ETH-27SEP19-280-P,93.38,0.234,80.0,0,1559572817953,4243975,304
2019-06-03 14:40:32.327,52.0,buy,259.15,ETH-27SEP19-280-P,93.71,0.235,52.0,0,1559572832327,4243988,305
2019-06-03 15:13:57.275,1.0,sell,257.61,ETH-27SEP19-280-P,86.91,0.225,1.0,2,1559574837275,4250577,306
2019-06-03 15:30:04.280,1.0,sell,258.68,ETH-27SEP19-280-P,87.53,0.223,1.0,2,1559575804280,4251663,307
2019-06-04 14:11:45.177,5.0,sell,250.06,ETH-27SEP19-280-P,89.71,0.257,5.0,0,1559657505177,4328446,308
2019-06-09 23:23:03.960,3.0,buy,230.48,ETH-27SEP19-280-P,90.22,0.336,3.0,0,1560122583960,4570864,309
2019-06-12 11:05:51.030,36.0,sell,248.83,ETH-27SEP19-280-P,84.2,0.251,36.0,2,1560337551030,4668711,310
2019-06-12 13:00:07.271,100.0,sell,249.6,ETH-27SEP19-280-P,83.15,0.247,100.0,2,1560344407271,4671373,311
2019-06-16 14:20:37.702,1.0,buy,273.17,ETH-27SEP19-280-P,95.26,0.193,1.0,2,1560694837702,4847142,312
2019-06-16 14:40:28.703,1.0,sell,272.81,ETH-27SEP19-280-P,89.47,0.18100000000000002,1.0,2,1560696028703,4847918,313
2019-06-19 14:26:29.283,1.0,buy,265.85,ETH-27SEP19-280-P,92.5,0.2,1.0,0,1560954389283,4985170,314
2019-06-19 23:28:00.348,2.0,buy,268.92,ETH-27SEP19-280-P,97.6,0.203,2.0,0,1560986880348,4995704,315
2019-06-19 23:28:07.366,2.0,buy,268.86,ETH-27SEP19-280-P,97.54,0.203,2.0,1,1560986887366,4995705,316
2019-06-19 23:29:17.847,2.0,sell,268.79,ETH-27SEP19-280-P,91.61,0.191,2.0,2,1560986957847,4995721,317
