date_utc,amount,direction,indexPrice,instrument,iv,price,quantity,tickDirection,timeStamp,tradeId,tradeSeq
2019-04-02 13:36:19.491,0.1,buy,4801.51,BTC-12APR19-5625-C,76.08,0.0065,0.1,1,1554212179491,17112164,1
2019-04-03 01:49:36.111,24.0,buy,4970.43,BTC-12APR19-5625-C,85.95,0.0145,24.0,0,1554256176111,17166023,2
2019-04-03 13:38:25.245,0.1,buy,5044.38,BTC-12APR19-5625-C,88.38,0.0175,0.1,0,1554298705245,17201425,3
2019-04-03 17:05:01.282,0.3,sell,5164.11,BTC-12APR19-5625-C,85.96,0.0215,0.3,0,1554311101282,17216011,4
2019-04-03 18:45:30.794,5.0,buy,5188.75,BTC-12APR19-5625-C,87.71,0.0235,5.0,0,1554317130794,17223495,5
2019-04-03 20:13:46.352,0.1,buy,5184.27,BTC-12APR19-5625-C,87.52,0.023,0.1,2,1554322426352,17228695,6
2019-04-04 01:42:17.069,1.1,buy,5052.49,BTC-12APR19-5625-C,93.48,0.019,1.1,2,1554342137069,17283873,7
2019-04-04 02:51:25.077,24.0,sell,5019.33,BTC-12APR19-5625-C,84.52,0.0135,24.0,2,1554346285077,17288244,8
2019-04-04 02:51:30.522,24.0,buy,5021.7,BTC-12APR19-5625-C,84.31,0.0135,24.0,3,1554346290522,17288279,9
2019-04-04 20:35:58.396,10.0,sell,4826.11,BTC-12APR19-5625-C,79.27,0.005,10.0,2,1554410158396,17333005,10
2019-04-04 20:35:58.396,30.0,sell,4826.11,BTC-12APR19-5625-C,79.27,0.005,30.0,3,1554410158396,17333006,11
2019-04-04 22:47:03.954,1.1,sell,4885.3,BTC-12APR19-5625-C,75.11,0.005,1.1,3,1554418023954,17340178,12
2019-04-05 00:52:43.429,1.0,buy,4963.75,BTC-12APR19-5625-C,79.5,0.008,1.0,0,1554425563429,17343647,13
2019-04-05 02:59:13.884,4.1,buy,4922.78,BTC-12APR19-5625-C,83.51,0.008,4.1,1,1554433153884,17345923,14
2019-04-05 02:59:13.889,25.0,sell,4922.78,BTC-12APR19-5625-C,83.51,0.008,25.0,1,1554433153889,17345924,15
2019-04-05 03:00:10.863,30.0,sell,4923.44,BTC-12APR19-5625-C,83.45,0.008,30.0,1,1554433210863,17345935,16
2019-04-05 03:00:13.243,30.0,sell,4923.44,BTC-12APR19-5625-C,83.45,0.008,30.0,1,1554433213243,17345936,17
2019-04-05 09:50:10.718,2.0,sell,4957.8,BTC-12APR19-5625-C,83.71,0.0085,2.0,0,1554457810718,17357087,18
2019-04-05 10:02:39.803,1.0,sell,4947.54,BTC-12APR19-5625-C,83.09,0.008,1.0,2,1554458559803,17357379,19
2019-04-05 11:39:06.196,0.4,buy,5001.06,BTC-12APR19-5625-C,86.18,0.0105,0.4,1,1554464346196,17359997,21
2019-04-05 11:39:06.196,0.1,buy,5001.06,BTC-12APR19-5625-C,86.18,0.0105,0.1,0,1554464346196,17359996,20
2019-04-05 14:40:35.067,24.0,sell,5002.71,BTC-12APR19-5625-C,79.34,0.008,24.0,2,1554475235067,17368448,22
2019-04-05 20:52:41.677,10.1,sell,4993.29,BTC-12APR19-5625-C,80.14,0.0075,10.1,2,1554497561677,17383047,23
2019-04-05 20:55:50.562,10.0,sell,4992.02,BTC-12APR19-5625-C,78.58,0.006999999999999999,10.0,2,1554497750562,17383124,24
2019-04-05 21:20:30.879,0.1,buy,5018.35,BTC-12APR19-5625-C,76.32,0.006999999999999999,0.1,3,1554499230879,17383542,25
2019-04-06 00:36:03.780,1.1,buy,5018.99,BTC-12APR19-5625-C,80.39,0.008,1.1,0,1554510963780,17386868,26
2019-04-06 09:37:26.366,0.5,sell,4987.01,BTC-12APR19-5625-C,74.85,0.005,0.5,2,1554543446366,17392287,27
2019-04-06 10:12:41.169,0.5,sell,4992.91,BTC-12APR19-5625-C,74.48,0.005,0.5,3,1554545561169,17392497,28
2019-04-06 15:57:54.206,0.2,buy,5121.82,BTC-12APR19-5625-C,73.03,0.0075,0.2,0,1554566274206,17401434,29
2019-04-06 16:00:51.965,10.0,buy,5139.87,BTC-12APR19-5625-C,72.85,0.008,10.0,0,1554566451965,17402296,30
2019-04-06 16:41:39.108,0.1,sell,5219.09,BTC-12APR19-5625-C,73.51,0.011,0.1,0,1554568899108,17408840,31
2019-04-06 22:10:24.530,0.5,buy,5022.48,BTC-12APR19-5625-C,79.12,0.006,0.5,2,1554588624530,17439165,32
2019-04-07 15:28:49.815,4.0,sell,5130.58,BTC-12APR19-5625-C,82.83,0.0085,4.0,0,1554650929815,17469232,33
2019-04-07 20:31:27.607,4.0,sell,5171.4,BTC-12APR19-5625-C,80.08,0.0085,4.0,1,1554669087607,17479635,34
2019-04-07 22:33:13.364,0.2,buy,5211.06,BTC-12APR19-5625-C,79.51,0.0095,0.2,0,1554676393364,17484886,35
2019-04-07 22:39:36.956,4.0,sell,5224.67,BTC-12APR19-5625-C,76.3,0.009000000000000001,4.0,2,1554676776956,17485620,36
2019-04-07 22:39:40.699,4.8,buy,5228.27,BTC-12APR19-5625-C,77.49,0.0095,4.8,0,1554676780699,17485640,37
2019-04-07 22:46:55.113,4.0,sell,5243.64,BTC-12APR19-5625-C,75.67,0.0095,4.0,1,1554677215113,17486337,38
2019-04-07 22:47:58.808,0.1,buy,5247.4,BTC-12APR19-5625-C,79.86,0.011,0.1,0,1554677278808,17487187,39
2019-04-07 22:52:22.458,4.2,buy,5152.79,BTC-12APR19-5625-C,81.37,0.008,4.2,2,1554677542458,17489464,40
2019-04-08 00:58:11.605,0.5,buy,5263.5,BTC-12APR19-5625-C,86.04,0.0135,0.5,0,1554685091605,17499138,41
2019-04-08 01:16:12.725,4.1,sell,5296.35,BTC-12APR19-5625-C,80.4,0.013,4.1,2,1554686172725,17501876,42
2019-04-08 01:16:12.725,19.9,sell,5296.35,BTC-12APR19-5625-C,80.4,0.013,19.9,3,1554686172725,17501877,43
2019-04-08 01:29:03.061,0.1,sell,5263.53,BTC-12APR19-5625-C,77.33,0.0105,0.1,2,1554686943061,17503427,44
2019-04-08 11:28:47.590,0.4,sell,5142.17,BTC-12APR19-5625-C,89.93,0.0085,0.4,2,1554722927590,17527205,45
2019-04-08 11:39:42.330,1.0,sell,5181.16,BTC-12APR19-5625-C,90.52,0.01,1.0,0,1554723582330,17528030,46
