date_utc,amount,direction,indexPrice,instrument,iv,price,quantity,tickDirection,timeStamp,tradeId,tradeSeq
2019-03-22 10:17:46.137,24.0,buy,135.59,ETH-28JUN19-210-C,75.97,0.032,24.0,1,1553249866137,99314,1
2019-03-22 21:52:50.316,1.0,sell,136.07,ETH-28JUN19-210-C,73.06,0.027999999999999997,1.0,2,1553291570316,105191,2
2019-03-23 18:08:10.697,1.0,sell,135.97,ETH-28JUN19-210-C,72.89,0.027999999999999997,1.0,3,1553364490697,115290,3
2019-03-24 06:33:17.024,24.0,buy,135.43,ETH-28JUN19-210-C,72.62,0.027000000000000003,24.0,2,1553409197024,118769,4
2019-03-25 02:58:00.676,1.0,sell,135.73,ETH-28JUN19-210-C,72.64,0.027000000000000003,1.0,3,1553482680676,129351,5
2019-03-26 05:06:30.573,1.0,sell,133.2,ETH-28JUN19-210-C,72.24,0.024,1.0,2,1553576790573,151382,6
2019-03-26 20:46:33.979,99.0,sell,133.42,ETH-28JUN19-210-C,69.79,0.021,99.0,2,1553633193979,160642,7
2019-03-27 06:46:40.277,1.0,sell,136.6,ETH-28JUN19-210-C,66.35,0.02,1.0,2,1553669200277,169431,8
2019-03-27 14:16:15.790,5.0,buy,137.77,ETH-28JUN19-210-C,67.25,0.022,5.0,0,1553696175790,174966,9
2019-03-27 19:47:34.706,1.0,buy,137.72,ETH-28JUN19-210-C,68.11,0.023,1.0,0,1553716054706,177309,10
2019-03-29 03:14:07.497,1.0,sell,137.93,ETH-28JUN19-210-C,63.94,0.018000000000000002,1.0,2,1553829247497,190904,11
2019-03-29 16:15:10.312,1.0,sell,140.3,ETH-28JUN19-210-C,64.65,0.021,1.0,0,1553876110312,201703,12
2019-03-31 00:18:29.457,1.0,buy,141.98,ETH-28JUN19-210-C,69.74,0.029,1.0,0,1553991509457,222383,13
2019-03-31 15:12:52.623,1.0,sell,141.47,ETH-28JUN19-210-C,64.64,0.022,1.0,2,1554045172623,229104,14
2019-04-01 01:35:13.235,84.0,sell,141.98,ETH-28JUN19-210-C,66.48,0.024,84.0,0,1554082513235,238089,15
2019-04-01 07:00:15.722,1.0,buy,142.42,ETH-28JUN19-210-C,65.37,0.023,1.0,2,1554102015722,241185,16
2019-04-02 04:33:01.814,1.0,buy,142.79,ETH-28JUN19-210-C,65.56,0.023,1.0,3,1554179581814,253848,17
2019-04-02 15:56:58.600,1.0,buy,155.48,ETH-28JUN19-210-C,73.63,0.051,1.0,0,1554220618600,306700,18
2019-04-03 01:43:58.562,10.0,sell,167.92,ETH-28JUN19-210-C,68.56,0.06,10.0,0,1554255838562,343808,19
2019-04-03 02:09:45.460,10.0,buy,169.5,ETH-28JUN19-210-C,74.37,0.073,10.0,0,1554257385460,344479,20
2019-04-03 02:52:28.791,419.0,buy,175.96,ETH-28JUN19-210-C,74.28,0.084,419.0,0,1554259948791,348306,21
2019-04-04 03:42:08.289,1.0,sell,160.49,ETH-28JUN19-210-C,79.4,0.068,1.0,2,1554349328289,432079,22
2019-04-04 12:55:03.220,157.0,buy,162.24,ETH-28JUN19-210-C,84.5,0.079,157.0,0,1554382503220,442560,23
2019-04-04 21:30:19.777,1.0,buy,158.07,ETH-28JUN19-210-C,84.35,0.073,1.0,2,1554413419777,459448,24
2019-04-05 15:42:01.975,100.0,buy,164.32,ETH-28JUN19-210-C,78.92,0.073,100.0,3,1554478921975,482826,25
2019-04-05 23:20:49.747,1.0,buy,165.87,ETH-28JUN19-210-C,75.13,0.067,1.0,2,1554506449747,490654,26
2019-04-06 14:12:56.021,48.0,buy,164.03,ETH-28JUN19-210-C,78.8,0.07,48.0,0,1554559976021,500174,27
2019-04-06 20:00:44.204,48.0,buy,170.29,ETH-28JUN19-210-C,80.95,0.086,48.0,0,1554580844204,514822,28
2019-04-06 20:05:14.923,48.0,buy,170.58,ETH-28JUN19-210-C,80.84,0.086,48.0,1,1554581114923,515359,29
2019-04-08 02:49:55.906,36.0,sell,183.73,ETH-28JUN19-210-C,80.66,0.117,36.0,0,1554691795906,601735,30
2019-04-08 02:59:42.893,36.0,sell,182.66,ETH-28JUN19-210-C,83.5,0.122,36.0,0,1554692382893,602893,31
2019-04-08 09:01:41.229,36.0,buy,180.66,ETH-28JUN19-210-C,74.54,0.098,36.0,2,1554714101229,621293,32
2019-04-08 14:22:35.126,1.0,sell,177.83,ETH-28JUN19-210-C,74.63,0.091,1.0,2,1554733355126,637208,33
2019-04-08 16:38:57.384,54.0,buy,179.17,ETH-28JUN19-210-C,83.13,0.109,54.0,0,1554741537384,645010,34
2019-04-08 16:41:47.801,33.0,buy,179.18,ETH-28JUN19-210-C,84.53,0.11199999999999999,33.0,0,1554741707801,645158,35
2019-04-08 20:55:40.448,1.0,buy,181.58,ETH-28JUN19-210-C,78.85,0.105,1.0,2,1554756940448,659925,36
2019-04-09 14:55:04.966,54.0,buy,177.23,ETH-28JUN19-210-C,76.27,0.092,54.0,2,1554821704966,701517,37
2019-04-09 15:26:39.554,54.0,buy,177.84,ETH-28JUN19-210-C,75.12,0.092,54.0,3,1554823599554,702607,38
2019-04-09 15:26:41.592,21.0,buy,177.9,ETH-28JUN19-210-C,75.11,0.092,21.0,3,1554823601592,702614,39
2019-04-09 15:26:42.719,7.0,buy,177.89,ETH-28JUN19-210-C,75.06,0.092,7.0,3,1554823602719,702625,40
2019-04-09 15:43:09.821,54.0,buy,177.15,ETH-28JUN19-210-C,74.78,0.09,54.0,2,1554824589821,703235,41
2019-04-10 00:35:46.411,1.0,buy,177.66,ETH-28JUN19-210-C,70.36,0.083,1.0,2,1554856546411,715798,42
2019-04-10 01:19:56.752,54.0,buy,178.11,ETH-28JUN19-210-C,72.44,0.08800000000000001,54.0,0,1554859196752,717459,43
2019-04-10 04:13:17.219,54.0,buy,179.9,ETH-28JUN19-210-C,73.56,0.094,54.0,0,1554869597219,722282,44
2019-04-12 20:45:39.405,1.0,sell,163.49,ETH-28JUN19-210-C,70.21,0.049,1.0,2,1555101939405,895552,45
2019-04-14 15:37:47.665,1.0,buy,163.62,ETH-28JUN19-210-C,70.54,0.048,1.0,2,1555256267665,927554,46
2019-04-17 00:28:40.156,1.0,buy,167.72,ETH-28JUN19-210-C,72.51,0.055,1.0,0,1555460920156,1029002,47
2019-04-21 08:21:09.408,10.0,sell,169.13,ETH-28JUN19-210-C,73.75,0.057,10.0,0,1555834869408,1133361,48
2019-04-21 22:44:49.165,20.0,buy,170.17,ETH-28JUN19-210-C,70.16,0.052000000000000005,20.0,2,1555886689165,1147748,49
2019-04-21 23:57:57.436,1.0,buy,169.87,ETH-28JUN19-210-C,71.11,0.053,1.0,0,1555891077436,1148488,50
2019-04-22 10:27:46.336,1.0,buy,171.33,ETH-28JUN19-210-C,73.45,0.059000000000000004,1.0,0,1555928866336,1155248,51
2019-04-22 21:01:42.388,1.0,sell,171.77,ETH-28JUN19-210-C,68.75,0.052000000000000005,1.0,2,1555966902388,1166031,52
2019-04-23 22:17:22.924,1.0,sell,171.5,ETH-28JUN19-210-C,69.75,0.052000000000000005,1.0,3,1556057842924,1191625,53
2019-04-23 22:30:06.857,10.0,sell,170.55,ETH-28JUN19-210-C,70.14,0.051,10.0,2,1556058606857,1192170,54
2019-04-24 18:54:29.520,61.0,buy,161.92,ETH-28JUN19-210-C,66.7,0.033,61.0,2,1556132069520,1220048,55
2019-04-24 23:07:32.662,1.0,buy,165.21,ETH-28JUN19-210-C,68.25,0.039,1.0,0,1556147252662,1223189,56
2019-04-25 15:04:59.493,120.0,buy,163.93,ETH-28JUN19-210-C,69.4,0.038,120.0,2,1556204699493,1233370,57
2019-04-25 21:48:09.612,20.0,sell,161.57,ETH-28JUN19-210-C,67.14,0.032,20.0,2,1556228889612,1239080,58
2019-04-25 22:55:18.800,1.0,buy,152.81,ETH-28JUN19-210-C,73.95,0.03,1.0,2,1556232918800,1257953,59
2019-04-26 03:17:54.996,80.0,buy,152.47,ETH-28JUN19-210-C,70.59,0.026000000000000002,80.0,2,1556248674996,1266591,60
2019-04-26 16:35:45.434,120.0,buy,150.41,ETH-28JUN19-210-C,70.17,0.024,120.0,2,1556296545434,1278181,61
2019-04-27 16:03:15.093,1.0,buy,153.98,ETH-28JUN19-210-C,70.86,0.027000000000000003,1.0,0,1556380995093,1289045,62
2019-04-30 01:58:04.918,2.0,buy,154.23,ETH-28JUN19-210-C,66.86,0.021,2.0,2,1556589484918,1342365,63
2019-05-01 11:18:06.556,10.0,buy,159.36,ETH-28JUN19-210-C,68.25,0.026000000000000002,10.0,0,1556709486556,1375951,64
2019-05-01 20:49:45.444,2.0,sell,157.62,ETH-28JUN19-210-C,67.32,0.023,2.0,2,1556743785444,1385286,65
2019-05-02 03:49:07.052,84.0,sell,158.45,ETH-28JUN19-210-C,70.33,0.027000000000000003,84.0,0,1556768947052,1388578,66
2019-05-02 20:34:16.114,20.0,buy,158.98,ETH-28JUN19-210-C,68.37,0.025,20.0,2,1556829256114,1403256,67
2019-05-03 08:24:11.038,28.0,buy,160.45,ETH-28JUN19-210-C,71.45,0.028999999999999998,28.0,0,1556871851038,1421511,68
2019-05-04 22:36:07.953,20.0,buy,163.17,ETH-28JUN19-210-C,72.36,0.033,20.0,0,1557009367953,1477503,69
2019-05-07 02:07:16.845,10.0,buy,178.41,ETH-28JUN19-210-C,75.77,0.06,10.0,0,1557194836845,1550827,70
2019-05-07 02:07:19.513,10.0,buy,178.39,ETH-28JUN19-210-C,75.79,0.06,10.0,1,1557194839513,1550830,71
2019-05-07 02:07:21.192,10.0,buy,178.33,ETH-28JUN19-210-C,75.85,0.06,10.0,1,1557194841192,1550833,72
2019-05-07 19:12:26.220,1.0,sell,169.53,ETH-28JUN19-210-C,74.32,0.042,1.0,3,1557256346220,1583149,74
2019-05-07 19:12:26.220,50.0,sell,169.53,ETH-28JUN19-210-C,74.32,0.042,50.0,2,1557256346220,1583148,73
2019-05-10 02:38:23.402,1.0,sell,169.89,ETH-28JUN19-210-C,75.59,0.04,1.0,2,1557455903402,1674043,75
2019-05-10 17:22:42.573,30.0,sell,172.78,ETH-28JUN19-210-C,75.81,0.044000000000000004,30.0,0,1557508962573,1699715,76
2019-05-11 02:20:29.807,2.0,buy,174.47,ETH-28JUN19-210-C,81.11,0.051,2.0,0,1557541229807,1720442,77
2019-05-11 08:24:47.521,1.0,buy,183.11,ETH-28JUN19-210-C,75.98,0.06,1.0,0,1557563087521,1745804,78
2019-05-11 09:41:46.757,1.0,sell,184.42,ETH-28JUN19-210-C,81.47,0.069,1.0,0,1557567706757,1755654,79
2019-05-11 10:01:46.768,1.0,buy,188.09,ETH-28JUN19-210-C,76.21,0.07,1.0,0,1557568906768,1757400,80
2019-05-11 10:35:42.458,1.0,buy,194.03,ETH-28JUN19-210-C,77.89,0.083,1.0,0,1557570942458,1766873,81
2019-05-11 12:26:17.586,20.0,sell,189.16,ETH-28JUN19-210-C,85.9,0.085,20.0,0,1557577577586,1777627,82
2019-05-11 15:02:21.118,1.0,buy,189.65,ETH-28JUN19-210-C,83.49,0.083,1.0,2,1557586941118,1785292,83
2019-05-11 17:40:00.424,2.0,buy,194.24,ETH-28JUN19-210-C,81.36,0.08800000000000001,2.0,0,1557596400424,1797837,84
2019-05-11 21:25:36.732,3.0,sell,195.91,ETH-28JUN19-210-C,80.51,0.08900000000000001,3.0,0,1557609936732,1816851,85
2019-05-11 21:47:43.629,3.0,buy,198.49,ETH-28JUN19-210-C,86.49,0.10300000000000001,3.0,0,1557611263629,1817688,86
2019-05-11 21:51:20.032,1.0,buy,198.64,ETH-28JUN19-210-C,86.5,0.10300000000000001,1.0,1,1557611480032,1818011,87
2019-05-12 06:12:24.393,5.0,buy,197.43,ETH-28JUN19-210-C,94.28,0.111,5.0,0,1557641544393,1900944,88
2019-05-12 07:09:14.380,60.0,buy,199.41,ETH-28JUN19-210-C,93.88,0.114,60.0,0,1557644954380,1904007,89
2019-05-12 11:38:01.356,12.0,sell,188.43,ETH-28JUN19-210-C,96.1,0.096,12.0,2,1557661081356,1947439,90
2019-05-12 19:09:59.199,10.0,sell,188.24,ETH-28JUN19-210-C,80.03,0.073,10.0,2,1557688199199,1985550,91
2019-05-12 21:53:05.647,10.0,buy,190.39,ETH-28JUN19-210-C,88.31,0.08800000000000001,10.0,0,1557697985647,1993072,92
2019-05-12 22:08:30.061,60.0,sell,189.2,ETH-28JUN19-210-C,78.75,0.07200000000000001,60.0,2,1557698910061,1993873,93
2019-05-12 22:14:54.780,10.0,sell,188.42,ETH-28JUN19-210-C,77.4,0.069,10.0,2,1557699294780,1994616,94
2019-05-13 04:55:50.647,11.0,buy,191.28,ETH-28JUN19-210-C,88.3,0.09,11.0,0,1557723350647,2010387,95
2019-05-13 15:29:40.399,10.0,buy,201.02,ETH-28JUN19-210-C,98.2,0.122,10.0,0,1557761380399,2035909,96
2019-05-13 18:06:13.801,4.0,sell,200.08,ETH-28JUN19-210-C,92.9,0.115,4.0,2,1557770773801,2056134,97
2019-05-13 21:51:17.716,102.0,sell,202.9,ETH-28JUN19-210-C,99.81,0.131,102.0,0,1557784277716,2063876,98
2019-05-13 23:08:04.098,8.0,sell,195.6,ETH-28JUN19-210-C,96.44,0.11,8.0,2,1557788884098,2072178,99
2019-05-14 01:28:45.688,38.0,buy,200.24,ETH-28JUN19-210-C,109.29,0.136,38.0,0,1557797325688,2079489,100
2019-05-14 01:41:50.036,2.0,buy,200.6,ETH-28JUN19-210-C,108.62,0.136,2.0,1,1557798110036,2079972,101
2019-05-14 02:26:58.488,38.0,sell,199.69,ETH-28JUN19-210-C,97.57,0.11900000000000001,38.0,2,1557800818488,2080942,102
2019-05-14 02:51:25.688,6.0,buy,205.04,ETH-28JUN19-210-C,111.7,0.15,6.0,0,1557802285688,2083201,103
2019-05-14 07:01:23.885,24.0,buy,211.43,ETH-28JUN19-210-C,100.35,0.15,24.0,1,1557817283885,2102499,104
2019-05-14 09:35:58.157,68.0,sell,208.45,ETH-28JUN19-210-C,101.63,0.147,68.0,2,1557826558157,2118600,105
2019-05-14 10:24:11.430,1.0,sell,205.51,ETH-28JUN19-210-C,102.54,0.14,1.0,2,1557829451430,2122963,106
2019-05-14 11:13:53.639,1.0,sell,207.12,ETH-28JUN19-210-C,103.73,0.145,1.0,0,1557832433639,2125853,107
2019-05-15 10:02:39.376,5.0,buy,236.21,ETH-28JUN19-210-C,98.93,0.2,5.0,0,1557914559376,2225629,108
2019-05-15 12:39:00.972,3.0,buy,231.91,ETH-28JUN19-210-C,106.83,0.19899999999999998,3.0,2,1557923940972,2234856,109
2019-05-15 17:28:07.529,2.0,buy,243.63,ETH-28JUN19-210-C,104.51,0.22,2.0,0,1557941287529,2262907,110
2019-05-15 20:22:40.578,40.0,sell,239.97,ETH-28JUN19-210-C,89.11,0.19399999999999998,40.0,2,1557951760578,2278135,111
2019-05-15 20:22:40.580,10.0,buy,239.97,ETH-28JUN19-210-C,89.11,0.19399999999999998,10.0,3,1557951760580,2278136,112
2019-05-15 20:48:04.328,1.0,sell,240.69,ETH-28JUN19-210-C,88.59,0.195,1.0,0,1557953284328,2280692,113
2019-05-15 21:16:29.675,60.0,sell,237.33,ETH-28JUN19-210-C,87.56,0.18600000000000005,60.0,2,1557954989675,2282733,114
2019-05-15 21:16:29.675,40.0,sell,237.33,ETH-28JUN19-210-C,86.69,0.185,40.0,2,1557954989675,2282734,115
2019-05-15 21:16:45.884,40.0,sell,237.37,ETH-28JUN19-210-C,85.75,0.184,40.0,2,1557955005884,2282752,117
2019-05-15 21:16:45.884,60.0,sell,237.37,ETH-28JUN19-210-C,87.48,0.18600000000000005,60.0,0,1557955005884,2282751,116
2019-05-15 21:17:04.483,60.0,sell,237.32,ETH-28JUN19-210-C,86.65,0.185,60.0,0,1557955024483,2282797,118
2019-05-15 21:17:15.905,8.0,sell,237.35,ETH-28JUN19-210-C,86.69,0.185,8.0,1,1557955035905,2282811,119
2019-05-16 00:43:37.876,5.0,buy,262.99,ETH-28JUN19-210-C,93.21,0.25,5.0,0,1557967417876,2305896,120
2019-05-17 06:10:23.710,40.0,sell,239.49,ETH-28JUN19-210-C,84.31,0.195,40.0,2,1558073423710,2677604,121
2019-05-17 08:27:54.240,5.0,sell,237.33,ETH-28JUN19-210-C,91.63,0.193,5.0,2,1558081674240,2698140,122
2019-05-17 19:35:11.095,28.0,sell,230.22,ETH-28JUN19-210-C,96.22,0.18,28.0,2,1558121711095,2816184,123
2019-05-18 02:15:55.103,1.0,sell,240.68,ETH-28JUN19-210-C,98.78,0.204,1.0,0,1558145755103,2867663,124
2019-05-18 02:23:33.686,1.0,buy,241.04,ETH-28JUN19-210-C,100.01,0.20600000000000002,1.0,0,1558146213686,2868569,125
2019-05-19 03:25:01.502,5.0,buy,249.99,ETH-28JUN19-210-C,98.37,0.22,5.0,0,1558236301502,2985822,126
2019-05-19 23:10:33.520,10.0,sell,262.58,ETH-28JUN19-210-C,103.18,0.254,10.0,0,1558307433520,3068642,127
2019-05-20 00:09:31.858,20.0,sell,253.46,ETH-28JUN19-210-C,102.71,0.23199999999999998,20.0,2,1558310971858,3079117,128
2019-05-23 11:32:47.500,10.0,sell,237.35,ETH-28JUN19-210-C,97.23,0.184,10.0,2,1558611167500,3388561,129
2019-05-25 15:51:50.929,11.0,sell,252.35,ETH-28JUN19-210-C,91.55,0.214,11.0,0,1558799510929,3534731,130
2019-05-26 17:23:26.774,40.0,sell,249.77,ETH-28JUN19-210-C,85.96,0.203,40.0,2,1558891406774,3574664,131
2019-05-26 20:12:42.871,1.0,buy,265.7,ETH-28JUN19-210-C,79.69,0.246,1.0,0,1558901562871,3597772,132
2019-05-27 02:47:34.281,39.0,sell,268.18,ETH-28JUN19-210-C,103.65,0.266,39.0,0,1558925254281,3645210,133
2019-05-27 04:43:20.566,1.0,buy,268.16,ETH-28JUN19-210-C,104.93,0.268,1.0,0,1558932200566,3653630,134
2019-05-27 15:53:27.605,21.0,buy,272.39,ETH-28JUN19-210-C,0.0,0.252,21.0,2,1558972407605,3686035,135
2019-05-27 15:59:30.908,1.0,sell,270.65,ETH-28JUN19-210-C,56.06,0.251,1.0,2,1558972770908,3686734,136
2019-05-27 18:30:36.311,50.0,sell,268.54,ETH-28JUN19-210-C,100.63,0.264,50.0,0,1558981836311,3709627,137
2019-05-30 18:57:13.016,23.0,sell,271.1,ETH-28JUN19-210-C,103.58,0.259,23.0,2,1559242633016,3961774,138
2019-05-30 20:36:57.848,1.0,buy,264.41,ETH-28JUN19-210-C,105.48,0.246,1.0,2,1559248617848,3972194,139
2019-05-30 23:50:58.991,3.0,sell,254.61,ETH-28JUN19-210-C,108.44,0.223,3.0,2,1559260258991,4024158,140
2019-05-30 23:58:24.562,90.0,buy,254.53,ETH-28JUN19-210-C,95.06,0.212,90.0,2,1559260704562,4024480,141
2019-05-31 00:00:52.778,59.0,buy,253.86,ETH-28JUN19-210-C,96.27,0.212,59.0,3,1559260852778,4024692,142
2019-05-31 00:00:53.196,5.0,buy,253.85,ETH-28JUN19-210-C,96.45,0.212,5.0,3,1559260853196,4024694,143
2019-05-31 00:01:56.372,36.0,buy,254.35,ETH-28JUN19-210-C,95.99,0.212,36.0,3,1559260916372,4024790,144
2019-05-31 01:34:01.872,26.0,buy,257.24,ETH-28JUN19-210-C,93.14,0.21600000000000005,26.0,0,1559266441872,4027771,145
2019-05-31 01:37:33.069,39.0,buy,256.57,ETH-28JUN19-210-C,91.5,0.213,39.0,2,1559266653069,4027834,146
2019-05-31 03:47:11.433,2.0,sell,251.46,ETH-28JUN19-210-C,103.34,0.21,2.0,2,1559274431433,4034426,147
2019-06-04 04:32:11.409,1.0,sell,246.61,ETH-28JUN19-210-C,89.51,0.18600000000000005,1.0,2,1559622731409,4305900,148
2019-06-04 23:36:08.251,48.0,buy,238.12,ETH-28JUN19-210-C,98.65,0.17,48.0,2,1559691368251,4372358,149
2019-06-05 12:51:45.206,4.0,sell,243.9,ETH-28JUN19-210-C,88.86,0.17300000000000001,4.0,0,1559739105206,4392220,150
2019-06-07 16:19:26.714,1.0,buy,250.47,ETH-28JUN19-210-C,95.4,0.191,1.0,0,1559924366714,4497154,151
2019-06-08 22:41:03.455,80.0,buy,245.08,ETH-28JUN19-210-C,87.94,0.165,80.0,2,1560033663455,4530789,152
2019-06-08 22:41:03.623,67.0,sell,245.08,ETH-28JUN19-210-C,87.94,0.165,67.0,3,1560033663623,4530791,153
2019-06-09 23:10:55.804,1.0,buy,228.64,ETH-28JUN19-210-C,78.84,0.115,1.0,2,1560121855804,4570405,154
2019-06-09 23:13:33.983,9.0,buy,228.9,ETH-28JUN19-210-C,78.99,0.11599999999999999,9.0,0,1560122013983,4570446,155
2019-06-10 12:13:38.081,80.0,sell,244.49,ETH-28JUN19-210-C,71.57,0.156,80.0,0,1560168818081,4593517,156
2019-06-10 20:21:12.133,10.0,sell,245.95,ETH-28JUN19-210-C,51.72,0.153,10.0,2,1560198072133,4605638,157
2019-06-15 16:17:03.608,7.0,sell,267.04,ETH-28JUN19-210-C,99.08,0.225,7.0,0,1560615423608,4792645,158
2019-06-15 17:13:42.711,1.0,sell,269.7,ETH-28JUN19-210-C,0.0,0.21100000000000002,1.0,2,1560618822711,4797075,159
2019-06-16 09:13:57.573,1.0,sell,270.79,ETH-28JUN19-210-C,0.0,0.225,1.0,0,1560676437573,4834763,160
2019-06-16 12:21:56.392,4.0,sell,270.21,ETH-28JUN19-210-C,102.23,0.237,4.0,0,1560687716392,4843425,161
