date_utc,amount,direction,indexPrice,instrument,iv,price,quantity,tickDirection,timeStamp,tradeId,tradeSeq
2019-03-22 10:17:46.137,24.0,buy,135.59,ETH-28JUN19-210-C,75.97,0.032,24.0,1,1553249866137,99314,1
2019-03-22 21:52:50.316,1.0,sell,136.07,ETH-28JUN19-210-C,73.06,0.027999999999999997,1.0,2,1553291570316,105191,2
2019-03-23 18:08:10.697,1.0,sell,135.97,ETH-28JUN19-210-C,72.89,0.027999999999999997,1.0,3,1553364490697,115290,3
2019-03-24 06:33:17.024,24.0,buy,135.43,ETH-28JUN19-210-C,72.62,0.027000000000000003,24.0,2,1553409197024,118769,4
2019-03-25 02:58:00.676,1.0,sell,135.73,ETH-28JUN19-210-C,72.64,0.027000000000000003,1.0,3,1553482680676,129351,5
2019-03-26 05:06:30.573,1.0,sell,133.2,ETH-28JUN19-210-C,72.24,0.024,1.0,2,1553576790573,151382,6
2019-03-26 20:46:33.979,99.0,sell,133.42,ETH-28JUN19-210-C,69.79,0.021,99.0,2,1553633193979,160642,7
2019-03-27 06:46:40.277,1.0,sell,136.6,ETH-28JUN19-210-C,66.35,0.02,1.0,2,1553669200277,169431,8
2019-03-27 14:16:15.790,5.0,buy,137.77,ETH-28JUN19-210-C,67.25,0.022,5.0,0,1553696175790,174966,9
2019-03-27 19:47:34.706,1.0,buy,137.72,ETH-28JUN19-210-C,68.11,0.023,1.0,0,1553716054706,177309,10
2019-03-29 03:14:07.497,1.0,sell,137.93,ETH-28JUN19-210-C,63.94,0.018000000000000002,1.0,2,1553829247497,190904,11
2019-03-29 16:15:10.312,1.0,sell,140.3,ETH-28JUN19-210-C,64.65,0.021,1.0,0,1553876110312,201703,12
2019-03-31 00:18:29.457,1.0,buy,141.98,ETH-28JUN19-210-C,69.74,0.029,1.0,0,1553991509457,222383,13
2019-03-31 15:12:52.623,1.0,sell,141.47,ETH-28JUN19-210-C,64.64,0.022,1.0,2,1554045172623,229104,14
2019-04-01 01:35:13.235,84.0,sell,141.98,ETH-28JUN19-210-C,66.48,0.024,84.0,0,1554082513235,238089,15
2019-04-01 07:00:15.722,1.0,buy,142.42,ETH-28JUN19-210-C,65.37,0.023,1.0,2,1554102015722,241185,16
2019-04-02 04:33:01.814,1.0,buy,142.79,ETH-28JUN19-210-C,65.56,0.023,1.0,3,1554179581814,253848,17
2019-04-02 15:56:58.600,1.0,buy,155.48,ETH-28JUN19-210-C,73.63,0.051,1.0,0,1554220618600,306700,18
2019-04-03 01:43:58.562,10.0,sell,167.92,ETH-28JUN19-210-C,68.56,0.06,10.0,0,1554255838562,343808,19
2019-04-03 02:09:45.460,10.0,buy,169.5,ETH-28JUN19-210-C,74.37,0.073,10.0,0,1554257385460,344479,20
2019-04-03 02:52:28.791,419.0,buy,175.96,ETH-28JUN19-210-C,74.28,0.084,419.0,0,1554259948791,348306,21
2019-04-04 03:42:08.289,1.0,sell,160.49,ETH-28JUN19-210-C,79.4,0.068,1.0,2,1554349328289,432079,22
2019-04-04 12:55:03.220,157.0,buy,162.24,ETH-28JUN19-210-C,84.5,0.079,157.0,0,1554382503220,442560,23
2019-04-04 21:30:19.777,1.0,buy,158.07,ETH-28JUN19-210-C,84.35,0.073,1.0,2,1554413419777,459448,24
2019-04-05 15:42:01.975,100.0,buy,164.32,ETH-28JUN19-210-C,78.92,0.073,100.0,3,1554478921975,482826,25
2019-04-05 23:20:49.747,1.0,buy,165.87,ETH-28JUN19-210-C,75.13,0.067,1.0,2,1554506449747,490654,26
2019-04-06 14:12:56.021,48.0,buy,164.03,ETH-28JUN19-210-C,78.8,0.07,48.0,0,1554559976021,500174,27
2019-04-06 20:00:44.204,48.0,buy,170.29,ETH-28JUN19-210-C,80.95,0.086,48.0,0,1554580844204,514822,28
2019-04-06 20:05:14.923,48.0,buy,170.58,ETH-28JUN19-210-C,80.84,0.086,48.0,1,1554581114923,515359,29
2019-04-08 02:49:55.906,36.0,sell,183.73,ETH-28JUN19-210-C,80.66,0.117,36.0,0,1554691795906,601735,30
2019-04-08 02:59:42.893,36.0,sell,182.66,ETH-28JUN19-210-C,83.5,0.122,36.0,0,1554692382893,602893,31
2019-04-08 09:01:41.229,36.0,buy,180.66,ETH-28JUN19-210-C,74.54,0.098,36.0,2,1554714101229,621293,32
2019-04-08 14:22:35.126,1.0,sell,177.83,ETH-28JUN19-210-C,74.63,0.091,1.0,2,1554733355126,637208,33
2019-04-08 16:38:57.384,54.0,buy,179.17,ETH-28JUN19-210-C,83.13,0.109,54.0,0,1554741537384,645010,34
2019-04-08 16:41:47.801,33.0,buy,179.18,ETH-28JUN19-210-C,84.53,0.11199999999999999,33.0,0,1554741707801,645158,35
2019-04-08 20:55:40.448,1.0,buy,181.58,ETH-28JUN19-210-C,78.85,0.105,1.0,2,1554756940448,659925,36
2019-04-09 14:55:04.966,54.0,buy,177.23,ETH-28JUN19-210-C,76.27,0.092,54.0,2,1554821704966,701517,37
2019-04-09 15:26:39.554,54.0,buy,177.84,ETH-28JUN19-210-C,75.12,0.092,54.0,3,1554823599554,702607,38
2019-04-09 15:26:41.592,21.0,buy,177.9,ETH-28JUN19-210-C,75.11,0.092,21.0,3,1554823601592,702614,39
2019-04-09 15:26:42.719,7.0,buy,177.89,ETH-28JUN19-210-C,75.06,0.092,7.0,3,1554823602719,702625,40
2019-04-09 15:43:09.821,54.0,buy,177.15,ETH-28JUN19-210-C,74.78,0.09,54.0,2,1554824589821,703235,41
2019-04-10 00:35:46.411,1.0,buy,177.66,ETH-28JUN19-210-C,70.36,0.083,1.0,2,1554856546411,715798,42
2019-04-10 01:19:56.752,54.0,buy,178.11,ETH-28JUN19-210-C,72.44,0.08800000000000001,54.0,0,1554859196752,717459,43
2019-04-10 04:13:17.219,54.0,buy,179.9,ETH-28JUN19-210-C,73.56,0.094,54.0,0,1554869597219,722282,44
2019-04-12 20:45:39.405,1.0,sell,163.49,ETH-28JUN19-210-C,70.21,0.049,1.0,2,1555101939405,895552,45
2019-04-14 15:37:47.665,1.0,buy,163.62,ETH-28JUN19-210-C,70.54,0.048,1.0,2,1555256267665,927554,46
2019-04-17 00:28:40.156,1.0,buy,167.72,ETH-28JUN19-210-C,72.51,0.055,1.0,0,1555460920156,1029002,47
2019-04-21 08:21:09.408,10.0,sell,169.13,ETH-28JUN19-210-C,73.75,0.057,10.0,0,1555834869408,1133361,48
2019-04-21 22:44:49.165,20.0,buy,170.17,ETH-28JUN19-210-C,70.16,0.052000000000000005,20.0,2,1555886689165,1147748,49
2019-04-21 23:57:57.436,1.0,buy,169.87,ETH-28JUN19-210-C,71.11,0.053,1.0,0,1555891077436,1148488,50
2019-04-22 10:27:46.336,1.0,buy,171.33,ETH-28JUN19-210-C,73.45,0.059000000000000004,1.0,0,1555928866336,1155248,51
2019-04-22 21:01:42.388,1.0,sell,171.77,ETH-28JUN19-210-C,68.75,0.052000000000000005,1.0,2,1555966902388,1166031,52
2019-04-23 22:17:22.924,1.0,sell,171.5,ETH-28JUN19-210-C,69.75,0.052000000000000005,1.0,3,1556057842924,1191625,53
2019-04-23 22:30:06.857,10.0,sell,170.55,ETH-28JUN19-210-C,70.14,0.051,10.0,2,1556058606857,1192170,54
2019-04-24 18:54:29.520,61.0,buy,161.92,ETH-28JUN19-210-C,66.7,0.033,61.0,2,1556132069520,1220048,55
2019-04-24 23:07:32.662,1.0,buy,165.21,ETH-28JUN19-210-C,68.25,0.039,1.0,0,1556147252662,1223189,56
2019-04-25 15:04:59.493,120.0,buy,163.93,ETH-28JUN19-210-C,69.4,0.038,120.0,2,1556204699493,1233370,57
2019-04-25 21:48:09.612,20.0,sell,161.57,ETH-28JUN19-210-C,67.14,0.032,20.0,2,1556228889612,1239080,58
2019-04-25 22:55:18.800,1.0,buy,152.81,ETH-28JUN19-210-C,73.95,0.03,1.0,2,1556232918800,1257953,59
2019-04-26 03:17:54.996,80.0,buy,152.47,ETH-28JUN19-210-C,70.59,0.026000000000000002,80.0,2,1556248674996,1266591,60
2019-04-26 16:35:45.434,120.0,buy,150.41,ETH-28JUN19-210-C,70.17,0.024,120.0,2,1556296545434,1278181,61
2019-04-27 16:03:15.093,1.0,buy,153.98,ETH-28JUN19-210-C,70.86,0.027000000000000003,1.0,0,1556380995093,1289045,62
2019-04-30 01:58:04.918,2.0,buy,154.23,ETH-28JUN19-210-C,66.86,0.021,2.0,2,1556589484918,1342365,63
2019-05-01 11:18:06.556,10.0,buy,159.36,ETH-28JUN19-210-C,68.25,0.026000000000000002,10.0,0,1556709486556,1375951,64
2019-05-01 20:49:45.444,2.0,sell,157.62,ETH-28JUN19-210-C,67.32,0.023,2.0,2,1556743785444,1385286,65
2019-05-02 03:49:07.052,84.0,sell,158.45,ETH-28JUN19-210-C,70.33,0.027000000000000003,84.0,0,1556768947052,1388578,66
2019-05-02 20:34:16.114,20.0,buy,158.98,ETH-28JUN19-210-C,68.37,0.025,20.0,2,1556829256114,1403256,67
2019-05-03 08:24:11.038,28.0,buy,160.45,ETH-28JUN19-210-C,71.45,0.028999999999999998,28.0,0,1556871851038,1421511,68
2019-05-04 22:36:07.953,20.0,buy,163.17,ETH-28JUN19-210-C,72.36,0.033,20.0,0,1557009367953,1477503,69
2019-05-07 02:07:16.845,10.0,buy,178.41,ETH-28JUN19-210-C,75.77,0.06,10.0,0,1557194836845,1550827,70
2019-05-07 02:07:19.513,10.0,buy,178.39,ETH-28JUN19-210-C,75.79,0.06,10.0,1,1557194839513,1550830,71
2019-05-07 02:07:21.192,10.0,buy,178.33,ETH-28JUN19-210-C,75.85,0.06,10.0,1,1557194841192,1550833,72
2019-05-07 19:12:26.220,50.0,sell,169.53,ETH-28JUN19-210-C,74.32,0.042,50.0,2,1557256346220,1583148,73
2019-05-07 19:12:26.220,1.0,sell,169.53,ETH-28JUN19-210-C,74.32,0.042,1.0,3,1557256346220,1583149,74
2019-05-10 02:38:23.402,1.0,sell,169.89,ETH-28JUN19-210-C,75.59,0.04,1.0,2,1557455903402,1674043,75
2019-05-10 17:22:42.573,30.0,sell,172.78,ETH-28JUN19-210-C,75.81,0.044000000000000004,30.0,0,1557508962573,1699715,76
2019-05-11 02:20:29.807,2.0,buy,174.47,ETH-28JUN19-210-C,81.11,0.051,2.0,0,1557541229807,1720442,77
2019-05-11 08:24:47.521,1.0,buy,183.11,ETH-28JUN19-210-C,75.98,0.06,1.0,0,1557563087521,1745804,78
2019-05-11 09:41:46.757,1.0,sell,184.42,ETH-28JUN19-210-C,81.47,0.069,1.0,0,1557567706757,1755654,79
2019-05-11 10:01:46.768,1.0,buy,188.09,ETH-28JUN19-210-C,76.21,0.07,1.0,0,1557568906768,1757400,80
2019-05-11 10:35:42.458,1.0,buy,194.03,ETH-28JUN19-210-C,77.89,0.083,1.0,0,1557570942458,1766873,81
2019-05-11 12:26:17.586,20.0,sell,189.16,ETH-28JUN19-210-C,85.9,0.085,20.0,0,1557577577586,1777627,82
2019-05-11 15:02:21.118,1.0,buy,189.65,ETH-28JUN19-210-C,83.49,0.083,1.0,2,1557586941118,1785292,83
2019-05-11 17:40:00.424,2.0,buy,194.24,ETH-28JUN19-210-C,81.36,0.08800000000000001,2.0,0,1557596400424,1797837,84
2019-05-11 21:25:36.732,3.0,sell,195.91,ETH-28JUN19-210-C,80.51,0.08900000000000001,3.0,0,1557609936732,1816851,85
2019-05-11 21:47:43.629,3.0,buy,198.49,ETH-28JUN19-210-C,86.49,0.10300000000000001,3.0,0,1557611263629,1817688,86
2019-05-11 21:51:20.032,1.0,buy,198.64,ETH-28JUN19-210-C,86.5,0.10300000000000001,1.0,1,1557611480032,1818011,87
2019-05-12 06:12:24.393,5.0,buy,197.43,ETH-28JUN19-210-C,94.28,0.111,5.0,0,1557641544393,1900944,88
2019-05-12 07:09:14.380,60.0,buy,199.41,ETH-28JUN19-210-C,93.88,0.114,60.0,0,1557644954380,1904007,89
2019-05-12 11:38:01.356,12.0,sell,188.43,ETH-28JUN19-210-C,96.1,0.096,12.0,2,1557661081356,1947439,90
