date_utc,amount,direction,indexPrice,instrument,iv,price,quantity,tickDirection,timeStamp,tradeId,tradeSeq
2019-05-03 08:19:25.530,0.1,sell,5574.38,BTC-17MAY19-5750-C,47.52,0.024,0.1,1,1556871565530,18618922,1
2019-05-03 08:40:02.840,0.5,buy,5613.0,BTC-17MAY19-5750-C,53.94,0.0315,0.5,0,1556872802840,18622962,2
2019-05-03 08:47:40.367,0.3,buy,5623.97,BTC-17MAY19-5750-C,50.33,0.0295,0.3,2,1556873260367,18625140,3
2019-05-03 08:47:50.640,0.3,buy,5635.87,BTC-17MAY19-5750-C,51.82,0.0315,0.3,0,1556873270640,18625335,4
2019-05-03 09:55:58.273,0.3,sell,5776.39,BTC-17MAY19-5750-C,53.0,0.0435,0.3,0,1556877358273,18653399,5
2019-05-03 09:56:14.179,0.2,buy,5782.49,BTC-17MAY19-5750-C,60.07,0.0495,0.2,0,1556877374179,18653464,6
2019-05-03 09:59:07.643,0.1,sell,5775.62,BTC-17MAY19-5750-C,53.09,0.0435,0.1,2,1556877547643,18654397,7
2019-05-03 11:26:40.555,6.0,sell,5679.33,BTC-17MAY19-5750-C,56.85,0.0385,6.0,2,1556882800555,18669447,8
2019-05-03 16:30:51.446,1.0,buy,5725.32,BTC-17MAY19-5750-C,61.65,0.0455,1.0,0,1556901051446,18692967,9
2019-05-03 17:02:42.318,2.0,buy,5700.41,BTC-17MAY19-5750-C,61.69,0.0435,2.0,2,1556902962318,18694301,10
2019-05-04 03:42:28.750,3.0,buy,5735.89,BTC-17MAY19-5750-C,60.93,0.045,3.0,0,1556941348750,18742098,11
2019-05-04 03:42:28.750,4.0,buy,5735.89,BTC-17MAY19-5750-C,60.93,0.045,4.0,1,1556941348750,18742099,12
2019-05-04 13:36:57.797,1.0,sell,5675.06,BTC-17MAY19-5750-C,61.02,0.0395,1.0,2,1556977017797,18765352,13
2019-05-04 15:04:02.516,12.0,sell,5568.14,BTC-17MAY19-5750-C,61.53,0.032,12.0,2,1556982242516,18784012,14
2019-05-04 16:00:27.555,4.0,sell,5548.92,BTC-17MAY19-5750-C,63.42,0.032,4.0,3,1556985627555,18785889,15
2019-05-04 16:00:34.342,4.0,sell,5547.18,BTC-17MAY19-5750-C,63.59,0.032,4.0,3,1556985634342,18785951,16
2019-05-04 21:03:54.199,0.2,sell,5713.96,BTC-17MAY19-5750-C,52.19,0.0355,0.2,0,1557003834199,18801238,17
2019-05-04 21:04:09.055,0.2,buy,5712.28,BTC-17MAY19-5750-C,53.73,0.0365,0.2,0,1557003849055,18801340,18
2019-05-04 21:05:32.414,0.5,sell,5727.7,BTC-17MAY19-5750-C,52.05,0.0365,0.5,1,1557003932414,18801772,19
2019-05-04 21:07:10.053,0.2,buy,5746.75,BTC-17MAY19-5750-C,52.63,0.0385,0.2,0,1557004030053,18802701,20
2019-05-04 22:18:15.962,0.5,buy,5824.61,BTC-17MAY19-5750-C,55.14,0.047,0.5,0,1557008295962,18822415,21
2019-05-05 18:54:25.142,0.3,buy,5705.19,BTC-17MAY19-5750-C,62.25,0.0405,0.3,2,1557082465142,18892893,22
2019-05-05 21:46:38.261,1.5,sell,5735.61,BTC-17MAY19-5750-C,56.26,0.0385,1.5,2,1557092798261,18903320,23
2019-05-06 01:16:10.483,1.0,sell,5645.34,BTC-17MAY19-5750-C,55.94,0.031,1.0,2,1557105370483,18917241,24
2019-05-06 01:55:36.088,0.1,sell,5622.75,BTC-17MAY19-5750-C,58.38,0.031,0.1,3,1557107736088,18926520,25
2019-05-06 10:12:29.854,1.0,buy,5646.09,BTC-17MAY19-5750-C,66.3,0.0375,1.0,0,1557137549854,18946988,26
2019-05-06 16:03:06.162,0.1,buy,5674.81,BTC-17MAY19-5750-C,60.91,0.0355,0.1,2,1557158586162,18958052,27
2019-05-06 16:05:46.067,0.1,buy,5686.96,BTC-17MAY19-5750-C,61.01,0.0365,0.1,0,1557158746067,18958589,28
2019-05-06 16:26:02.745,0.1,buy,5698.48,BTC-17MAY19-5750-C,61.19,0.0375,0.1,0,1557159962745,18960873,29
2019-05-06 16:43:51.271,0.1,buy,5711.92,BTC-17MAY19-5750-C,61.13,0.0385,0.1,0,1557161031271,18963064,30
2019-05-06 16:43:54.062,2.0,sell,5712.34,BTC-17MAY19-5750-C,61.08,0.0385,2.0,1,1557161034062,18963118,31
2019-05-06 17:04:48.262,0.1,buy,5718.05,BTC-17MAY19-5750-C,61.92,0.0395,0.1,0,1557162288262,18965089,32
2019-05-06 18:38:48.590,0.1,buy,5735.79,BTC-17MAY19-5750-C,61.46,0.0405,0.1,0,1557167928590,18969838,33
2019-05-06 18:53:17.064,0.1,buy,5742.01,BTC-17MAY19-5750-C,62.2,0.0415,0.1,0,1557168797064,18971428,34
2019-05-06 20:11:05.330,1.0,sell,5726.16,BTC-17MAY19-5750-C,60.59,0.039,1.0,2,1557173465330,18976257,35
2019-05-06 20:57:24.899,0.5,sell,5699.58,BTC-17MAY19-5750-C,60.13,0.0365,0.5,2,1557176244899,18982804,36
2019-05-07 00:15:18.661,0.1,buy,5737.1,BTC-17MAY19-5750-C,60.49,0.0395,0.1,0,1557188118661,18988810,37
2019-05-07 00:44:59.236,0.1,buy,5744.01,BTC-17MAY19-5750-C,61.2,0.0405,0.1,0,1557189899236,18990276,38
2019-05-07 00:56:49.836,0.1,buy,5754.48,BTC-17MAY19-5750-C,60.66,0.041,0.1,0,1557190609836,18991081,39
2019-05-07 02:37:45.417,0.5,sell,5840.36,BTC-17MAY19-5750-C,61.61,0.049,0.5,0,1557196665417,19002832,40
2019-05-07 03:03:36.773,6.0,buy,5885.02,BTC-17MAY19-5750-C,65.33,0.0555,6.0,0,1557198216773,19013580,41
2019-05-07 03:03:39.900,6.0,buy,5886.74,BTC-17MAY19-5750-C,65.86,0.055999999999999994,6.0,0,1557198219900,19013687,42
2019-05-07 15:24:05.889,0.1,sell,5840.77,BTC-17MAY19-5750-C,62.43,0.0485,0.1,2,1557242645889,19063747,43
2019-05-07 16:00:04.399,0.1,buy,5867.26,BTC-17MAY19-5750-C,64.19,0.052000000000000005,0.1,0,1557244804399,19065123,44
2019-05-07 16:28:38.341,0.1,buy,5890.61,BTC-17MAY19-5750-C,63.95,0.054000000000000006,0.1,0,1557246518341,19066436,45
2019-05-07 23:57:25.240,17.0,sell,5765.37,BTC-17MAY19-5750-C,63.04,0.0415,17.0,2,1557273445240,19099989,46
2019-05-07 23:57:25.359,1.0,sell,5765.37,BTC-17MAY19-5750-C,63.04,0.0415,1.0,3,1557273445359,19100017,47
2019-05-08 00:40:00.593,5.1000000000000005,sell,5777.87,BTC-17MAY19-5750-C,63.83,0.043,5.1000000000000005,0,1557276000593,19118429,48
2019-05-08 01:04:41.507,2.4,buy,5783.64,BTC-17MAY19-5750-C,63.1,0.043,2.4,1,1557277481507,19120440,49
2019-05-08 08:16:02.978,5.0,buy,5827.3,BTC-17MAY19-5750-C,68.43,0.0495,5.0,0,1557303362978,19135795,50
2019-05-08 10:50:36.478,0.1,sell,5831.04,BTC-17MAY19-5750-C,62.58,0.046,0.1,2,1557312636478,19141455,51
2019-05-08 11:31:48.232,0.2,buy,5850.04,BTC-17MAY19-5750-C,63.1,0.048,0.2,0,1557315108232,19143130,52
2019-05-08 11:41:39.426,0.1,buy,5857.57,BTC-17MAY19-5750-C,62.8,0.0485,0.1,0,1557315699426,19144009,53
2019-05-08 11:48:51.051,0.1,buy,5871.32,BTC-17MAY19-5750-C,62.33,0.0495,0.1,0,1557316131051,19144287,54
2019-05-08 11:56:29.254,0.1,buy,5850.58,BTC-17MAY19-5750-C,67.2,0.0505,0.1,0,1557316589254,19145378,55
2019-05-08 12:07:06.162,0.1,buy,5861.79,BTC-17MAY19-5750-C,66.35,0.051,0.1,0,1557317226162,19145724,56
2019-05-08 13:32:27.866,1.0,buy,5853.41,BTC-17MAY19-5750-C,67.86,0.051,1.0,1,1557322347866,19147801,57
2019-05-08 13:33:09.770,1.0,buy,5852.66,BTC-17MAY19-5750-C,67.97,0.051,1.0,1,1557322389770,19147817,58
2019-05-08 15:26:21.766,0.1,buy,5888.44,BTC-17MAY19-5750-C,61.8,0.0505,0.1,2,1557329181766,19152896,59
2019-05-08 15:26:57.028,0.2,buy,5890.82,BTC-17MAY19-5750-C,62.26,0.051,0.2,0,1557329217028,19152991,60
2019-05-08 19:35:42.587,6.0,buy,5899.12,BTC-17MAY19-5750-C,58.92,0.0495,6.0,2,1557344142587,19166563,61
2019-05-08 19:40:38.722,0.2,buy,5904.55,BTC-17MAY19-5750-C,56.25,0.0485,0.2,2,1557344438722,19166756,62
2019-05-08 19:44:38.202,0.2,sell,5908.37,BTC-17MAY19-5750-C,55.59,0.0485,0.2,3,1557344678202,19166959,63
2019-05-08 19:44:45.461,0.2,sell,5908.43,BTC-17MAY19-5750-C,55.58,0.0485,0.2,3,1557344685461,19166961,64
2019-05-08 19:50:39.675,0.4,sell,5908.04,BTC-17MAY19-5750-C,55.67,0.0485,0.4,3,1557345039675,19167310,65
2019-05-08 20:29:31.357,2.0,sell,5879.74,BTC-17MAY19-5750-C,56.27,0.046,2.0,2,1557347371357,19169734,66
2019-05-08 20:30:06.359,1.0,sell,5881.0,BTC-17MAY19-5750-C,56.06,0.046,1.0,3,1557347406359,19169739,67
2019-05-08 20:31:10.983,0.5,sell,5883.76,BTC-17MAY19-5750-C,56.46,0.0465,0.5,0,1557347470983,19169784,68
2019-05-08 20:31:15.344,0.5,buy,5883.8,BTC-17MAY19-5750-C,59.04,0.048,0.5,0,1557347475344,19169785,69
2019-05-08 20:32:04.620,0.5,buy,5886.54,BTC-17MAY19-5750-C,58.58,0.048,0.5,1,1557347524620,19169811,70
2019-05-08 20:39:36.681,0.2,buy,5893.78,BTC-17MAY19-5750-C,58.24,0.0485,0.2,0,1557347976681,19170157,71
2019-05-08 20:46:34.882,0.4,buy,5895.13,BTC-17MAY19-5750-C,58.9,0.049,0.4,0,1557348394882,19170355,72
2019-05-08 20:47:35.044,0.4,buy,5896.92,BTC-17MAY19-5750-C,58.6,0.049,0.4,1,1557348455044,19170389,73
2019-05-08 20:49:32.487,0.5,buy,5897.57,BTC-17MAY19-5750-C,58.49,0.049,0.5,1,1557348572487,19170479,74
2019-05-08 20:49:49.172,0.5,buy,5900.59,BTC-17MAY19-5750-C,57.97,0.049,0.5,1,1557348589172,19170486,75
2019-05-08 20:50:39.927,0.2,buy,5899.74,BTC-17MAY19-5750-C,58.12,0.049,0.2,1,1557348639927,19170679,76
2019-05-08 20:53:21.838,0.2,buy,5897.51,BTC-17MAY19-5750-C,58.51,0.049,0.2,1,1557348801838,19170698,77
2019-05-08 21:01:45.879,0.2,buy,5901.39,BTC-17MAY19-5750-C,58.73,0.0495,0.2,0,1557349305879,19170834,78
2019-05-08 22:31:19.940,0.2,buy,5910.4,BTC-17MAY19-5750-C,59.14,0.0505,0.2,0,1557354679940,19173410,79
2019-05-08 22:31:24.424,0.2,buy,5915.65,BTC-17MAY19-5750-C,59.1,0.051,0.2,0,1557354684424,19173478,80
2019-05-08 22:53:40.953,0.2,sell,5937.19,BTC-17MAY19-5750-C,54.34,0.0505,0.2,2,1557356020953,19177147,81
2019-05-08 23:57:25.028,0.1,sell,5935.55,BTC-17MAY19-5750-C,57.51,0.052000000000000005,0.1,0,1557359845028,19191732,82
2019-05-09 01:17:30.121,1.6,sell,6046.37,BTC-17MAY19-5750-C,58.08,0.064,1.6,0,1557364650121,19210768,83
2019-05-09 13:11:40.834,0.1,buy,5969.13,BTC-17MAY19-5750-C,64.32,0.057999999999999996,0.1,2,1557407500834,19245700,84
2019-05-09 14:03:04.021,0.1,sell,5997.52,BTC-17MAY19-5750-C,56.68,0.057,0.1,2,1557410584021,19249069,85
2019-05-09 14:03:05.638,0.1,buy,5997.57,BTC-17MAY19-5750-C,63.58,0.0605,0.1,0,1557410585638,19249070,86
2019-05-09 14:03:16.446,0.1,buy,5997.63,BTC-17MAY19-5750-C,63.57,0.0605,0.1,1,1557410596446,19249072,87
2019-05-09 19:46:44.667,0.1,buy,6062.23,BTC-17MAY19-5750-C,63.64,0.067,0.1,0,1557431204667,19260361,88
2019-05-09 22:07:26.098,0.1,buy,6112.51,BTC-17MAY19-5750-C,57.99,0.07,0.1,0,1557439646098,19271647,89
2019-05-09 22:35:35.267,1.0,buy,6143.46,BTC-17MAY19-5750-C,53.86,0.07200000000000001,1.0,0,1557441335267,19273537,90
2019-05-09 22:56:17.089,6.0,sell,6150.47,BTC-17MAY19-5750-C,59.48,0.075,6.0,0,1557442577089,19275925,91
2019-05-10 00:01:22.943,5.0,buy,6155.46,BTC-17MAY19-5750-C,49.99,0.07200000000000001,5.0,2,1557446482943,19281338,92
2019-05-10 02:07:45.062,2.0,buy,6177.97,BTC-17MAY19-5750-C,56.62,0.077,2.0,0,1557454065062,19289513,93
2019-05-10 02:22:51.494,6.0,buy,6214.71,BTC-17MAY19-5750-C,52.05,0.08,6.0,0,1557454971494,19292482,94
2019-05-10 02:26:21.663,6.0,buy,6216.56,BTC-17MAY19-5750-C,51.29,0.08,6.0,1,1557455181663,19293575,95
2019-05-10 02:26:21.755,1.0,buy,6216.56,BTC-17MAY19-5750-C,51.29,0.08,1.0,1,1557455181755,19293576,96
2019-05-10 02:26:21.831,6.0,buy,6216.56,BTC-17MAY19-5750-C,51.29,0.08,6.0,1,1557455181831,19293577,97
2019-05-10 02:26:21.847,1.0,buy,6216.56,BTC-17MAY19-5750-C,51.29,0.08,1.0,1,1557455181847,19293578,98
2019-05-10 02:26:22.530,1.0,buy,6216.56,BTC-17MAY19-5750-C,57.53,0.08199999999999999,1.0,0,1557455182530,19293579,99
2019-05-10 02:45:51.639,4.0,buy,6249.33,BTC-17MAY19-5750-C,57.5,0.086,4.0,0,1557456351639,19297846,100
2019-05-10 03:04:18.466,1.0,buy,6242.8,BTC-17MAY19-5750-C,55.34,0.0845,1.0,2,1557457458466,19300617,101
2019-05-10 07:03:53.255,2.0,buy,6310.78,BTC-17MAY19-5750-C,51.68,0.092,2.0,0,1557471833255,19328643,102
2019-05-10 09:13:34.936,0.1,sell,6282.44,BTC-17MAY19-5750-C,0.0,0.081,0.1,2,1557479614936,19344579,103
2019-05-10 09:52:13.745,0.6,sell,6291.16,BTC-17MAY19-5750-C,64.75,0.09300000000000001,0.6,0,1557481933745,19347031,104
2019-05-10 12:14:59.661,1.0,buy,6247.87,BTC-17MAY19-5750-C,54.67,0.0845,1.0,2,1557490499661,19354946,105
2019-05-10 14:03:56.831,5.1000000000000005,buy,6247.47,BTC-17MAY19-5750-C,51.45,0.0835,5.1000000000000005,2,1557497036831,19359773,106
2019-05-10 14:16:04.613,0.1,buy,6257.93,BTC-17MAY19-5750-C,94.56,0.1,0.1,0,1557497764613,19360954,107
2019-05-10 14:47:22.711,3.3000000000000003,sell,6242.53,BTC-17MAY19-5750-C,52.09,0.083,3.3000000000000003,2,1557499642711,19363210,108
2019-05-10 16:46:01.162,1.9,buy,6390.88,BTC-17MAY19-5750-C,0.0,0.1,1.9,0,1557506761162,19375945,109
2019-05-10 20:05:48.589,0.1,buy,6370.43,BTC-17MAY19-5750-C,195.79,0.155,0.1,0,1557518748589,19395520,110
2019-05-10 22:21:32.648,0.1,sell,6355.28,BTC-17MAY19-5750-C,64.24,0.1,0.1,2,1557526892648,19412155,111
2019-05-10 22:21:32.648,0.1,sell,6355.28,BTC-17MAY19-5750-C,64.24,0.1,0.1,3,1557526892648,19412156,112
2019-05-11 01:44:21.399,0.1,sell,6436.92,BTC-17MAY19-5750-C,64.1,0.11,0.1,0,1557539061399,19422101,113
2019-05-11 02:56:12.333,0.1,buy,6500.94,BTC-17MAY19-5750-C,0.0,0.115,0.1,0,1557543372333,19431785,114
2019-05-11 03:07:48.552,0.1,buy,6542.16,BTC-17MAY19-5750-C,0.0,0.11900000000000001,0.1,0,1557544068552,19435376,115
2019-05-11 03:10:50.793,0.9,buy,6543.93,BTC-17MAY19-5750-C,0.0,0.11900000000000001,0.9,1,1557544250793,19435794,116
2019-05-11 03:13:17.505,2.0,buy,6533.88,BTC-17MAY19-5750-C,0.0,0.115,2.0,2,1557544397505,19436195,117
2019-05-11 03:14:59.993,0.1,buy,6540.61,BTC-17MAY19-5750-C,0.0,0.12,0.1,0,1557544499993,19436279,118
2019-05-11 03:15:06.004,0.2,buy,6540.53,BTC-17MAY19-5750-C,51.14,0.1215,0.2,0,1557544506004,19436289,119
2019-05-11 03:50:35.351,0.4,sell,6564.48,BTC-17MAY19-5750-C,0.0,0.121,0.4,2,1557546635351,19440549,120
2019-05-11 03:50:50.414,0.4,sell,6564.07,BTC-17MAY19-5750-C,0.0,0.121,0.4,3,1557546650414,19440559,121
2019-05-11 03:51:08.687,0.4,sell,6564.32,BTC-17MAY19-5750-C,0.0,0.121,0.4,3,1557546668687,19440591,122
2019-05-11 04:43:04.939,0.4,buy,6610.84,BTC-17MAY19-5750-C,0.0,0.129,0.4,0,1557549784939,19447763,123
2019-05-11 04:43:07.957,0.2,buy,6612.51,BTC-17MAY19-5750-C,0.0,0.129,0.2,1,1557549787957,19447817,124
2019-05-11 06:03:40.284,0.4,buy,6734.27,BTC-17MAY19-5750-C,0.0,0.1445,0.4,0,1557554620284,19476456,125
2019-05-11 06:03:52.654,0.4,buy,6734.99,BTC-17MAY19-5750-C,0.0,0.145,0.4,0,1557554632654,19476466,126
2019-05-11 06:18:49.548,0.3,sell,6847.57,BTC-17MAY19-5750-C,0.0,0.156,0.3,0,1557555529548,19489593,127
2019-05-11 06:19:40.722,0.4,buy,6837.04,BTC-17MAY19-5750-C,0.0,0.1575,0.4,0,1557555580722,19489919,128
2019-05-11 06:19:54.767,0.4,buy,6840.0,BTC-17MAY19-5750-C,0.0,0.158,0.4,0,1557555594767,19489979,129
2019-05-11 06:21:06.041,0.4,sell,6853.99,BTC-17MAY19-5750-C,0.0,0.1605,0.4,0,1557555666041,19490508,130
2019-05-11 06:22:35.581,0.4,buy,6880.5,BTC-17MAY19-5750-C,0.0,0.1635,0.4,0,1557555755581,19491305,131
2019-05-11 06:22:39.835,0.4,buy,6888.98,BTC-17MAY19-5750-C,0.0,0.16399999999999998,0.4,0,1557555759835,19491366,132
2019-05-11 06:22:41.304,0.4,buy,6890.03,BTC-17MAY19-5750-C,0.0,0.16399999999999998,0.4,1,1557555761304,19491398,133
2019-05-11 06:24:23.856,0.3,buy,6928.32,BTC-17MAY19-5750-C,0.0,0.1685,0.3,0,1557555863856,19493392,134
2019-05-11 06:24:52.434,0.4,buy,6940.0,BTC-17MAY19-5750-C,0.0,0.171,0.4,0,1557555892434,19494213,135
2019-05-11 06:24:56.845,0.4,buy,6942.34,BTC-17MAY19-5750-C,0.0,0.1705,0.4,2,1557555896845,19494316,136
2019-05-11 06:25:30.547,0.4,buy,6920.57,BTC-17MAY19-5750-C,0.0,0.16899999999999998,0.4,2,1557555930547,19494687,137
2019-05-11 06:35:03.968,0.4,buy,6882.88,BTC-17MAY19-5750-C,0.0,0.1625,0.4,2,1557556503968,19503507,138
2019-05-11 06:35:56.710,0.3,sell,6863.05,BTC-17MAY19-5750-C,0.0,0.1615,0.3,2,1557556556710,19504039,139
2019-05-11 06:37:23.914,0.3,buy,6869.65,BTC-17MAY19-5750-C,0.0,0.1615,0.3,3,1557556643914,19504782,140
2019-05-11 06:40:17.330,0.3,buy,6873.04,BTC-17MAY19-5750-C,0.0,0.162,0.3,0,1557556817330,19505784,141
2019-05-11 06:40:21.276,0.4,sell,6872.25,BTC-17MAY19-5750-C,0.0,0.162,0.4,1,1557556821276,19505808,142
2019-05-11 06:40:38.186,0.4,buy,6862.17,BTC-17MAY19-5750-C,0.0,0.1615,0.4,2,1557556838186,19505933,143
2019-05-11 06:45:12.795,0.1,sell,6795.82,BTC-17MAY19-5750-C,0.0,0.1515,0.1,2,1557557112795,19509444,144
2019-05-11 06:48:56.248,0.4,buy,6784.2,BTC-17MAY19-5750-C,79.12,0.1545,0.4,0,1557557336248,19513764,145
2019-05-11 06:48:56.248,0.2,buy,6784.2,BTC-17MAY19-5750-C,146.25,0.1705,0.2,0,1557557336248,19513765,146
2019-05-11 06:56:51.322,0.4,buy,6829.44,BTC-17MAY19-5750-C,0.0,0.1575,0.4,2,1557557811322,19516831,147
2019-05-11 07:33:10.721,0.2,buy,6845.39,BTC-17MAY19-5750-C,0.0,0.16,0.2,0,1557559990721,19525769,148
2019-05-11 07:41:30.865,0.4,sell,6825.4,BTC-17MAY19-5750-C,84.68,0.16,0.4,1,1557560490865,19526900,149
2019-05-11 07:41:38.764,0.1,sell,6820.8,BTC-17MAY19-5750-C,88.38,0.16,0.1,1,1557560498764,19526940,150
2019-05-11 07:45:16.248,0.4,buy,6824.53,BTC-17MAY19-5750-C,77.23,0.159,0.4,2,1557560716248,19527336,151
2019-05-11 07:47:08.398,0.4,buy,6816.18,BTC-17MAY19-5750-C,85.18,0.159,0.4,3,1557560828398,19527506,152
2019-05-11 07:47:21.845,0.4,buy,6812.13,BTC-17MAY19-5750-C,84.95,0.1585,0.4,2,1557560841845,19527519,153
2019-05-11 07:47:52.004,0.4,buy,6800.26,BTC-17MAY19-5750-C,93.51,0.1585,0.4,3,1557560872004,19527827,154
2019-05-11 07:49:36.707,0.4,buy,6796.7,BTC-17MAY19-5750-C,95.74,0.1585,0.4,3,1557560976707,19528232,155
2019-05-11 07:50:05.273,0.4,buy,6787.6,BTC-17MAY19-5750-C,95.86,0.1575,0.4,2,1557561005273,19528324,156
2019-05-11 07:51:49.460,0.4,buy,6781.93,BTC-17MAY19-5750-C,93.94,0.1565,0.4,2,1557561109460,19528921,157
2019-05-11 07:51:53.370,0.4,buy,6777.36,BTC-17MAY19-5750-C,99.16,0.157,0.4,0,1557561113370,19528950,158
2019-05-11 07:51:54.372,0.4,buy,6776.14,BTC-17MAY19-5750-C,99.82,0.157,0.4,1,1557561114372,19528966,159
2019-05-11 07:52:43.590,0.4,buy,6772.64,BTC-17MAY19-5750-C,99.29,0.1565,0.4,2,1557561163590,19529231,160
2019-05-11 07:52:45.749,0.4,buy,6770.66,BTC-17MAY19-5750-C,100.35,0.1565,0.4,3,1557561165749,19529237,161
2019-05-11 07:59:13.420,0.3,buy,6796.61,BTC-17MAY19-5750-C,95.84,0.1585,0.3,0,1557561553420,19530032,162
2019-05-11 08:10:08.838,0.3,buy,6787.83,BTC-17MAY19-5750-C,105.58,0.1595,0.3,0,1557562208838,19530703,163
2019-05-11 08:27:03.998,0.4,sell,6771.79,BTC-17MAY19-5750-C,94.91,0.1555,0.4,2,1557563223998,19533559,164
2019-05-11 12:16:51.616,4.0,sell,6759.42,BTC-17MAY19-5750-C,92.96,0.1535,4.0,2,1557577011616,19562330,165
2019-05-11 12:20:04.327,4.0,sell,6761.97,BTC-17MAY19-5750-C,94.13,0.154,4.0,0,1557577204327,19562742,166
2019-05-11 12:35:57.678,1.0,sell,6764.83,BTC-17MAY19-5750-C,79.02,0.152,1.0,2,1557578157678,19563891,167
2019-05-11 12:44:22.414,0.8,buy,6748.47,BTC-17MAY19-5750-C,78.58,0.15,0.8,2,1557578662414,19564619,168
2019-05-11 12:57:24.732,0.2,sell,6786.38,BTC-17MAY19-5750-C,78.68,0.1545,0.2,0,1557579444732,19565814,169
2019-05-12 05:11:08.408,0.1,sell,7223.42,BTC-17MAY19-5750-C,105.94,0.2055,0.1,0,1557637868408,19808990,170
2019-05-12 07:22:47.226,0.2,buy,7523.72,BTC-17MAY19-5750-C,94.73,0.23600000000000002,0.2,0,1557645767226,19834723,171
2019-05-12 07:22:47.287,0.2,buy,7523.72,BTC-17MAY19-5750-C,94.73,0.23600000000000002,0.2,1,1557645767287,19834726,172
2019-05-12 07:22:55.122,0.2,buy,7529.11,BTC-17MAY19-5750-C,0.0,0.23600000000000002,0.2,1,1557645775122,19834773,173
2019-05-12 07:23:00.882,0.2,buy,7533.86,BTC-17MAY19-5750-C,0.0,0.23600000000000002,0.2,1,1557645780882,19834827,174
2019-05-12 07:23:01.218,0.1,buy,7533.86,BTC-17MAY19-5750-C,0.0,0.236,0.1,1,1557645781218,19834833,175
