date_utc,amount,direction,indexPrice,instrument,iv,price,quantity,tickDirection,timeStamp,tradeId,tradeSeq
2019-05-12 07:32:39.112,50.0,sell,202.37,ETH-17MAY19-230-P,95.32,0.14400000000000002,50.0,1,1557646359112,1908021,1
2019-05-13 16:06:45.128,50.0,sell,207.69,ETH-17MAY19-230-P,118.83,0.121,50.0,2,1557763605128,2041522,2
2019-05-13 22:50:59.815,50.0,buy,202.52,ETH-17MAY19-230-P,132.31,0.147,50.0,0,1557787859815,2067351,3
2019-05-13 23:09:47.314,50.0,buy,192.92,ETH-17MAY19-230-P,129.28,0.19699999999999998,50.0,0,1557788987314,2072528,4
2019-05-13 23:09:48.092,50.0,buy,192.92,ETH-17MAY19-230-P,135.5,0.198,50.0,0,1557788988092,2072580,5
2019-05-15 08:27:02.945,10.0,buy,229.64,ETH-17MAY19-230-P,123.14,0.037000000000000005,10.0,2,1557908822945,2219331,6
2019-05-15 08:27:10.405,10.0,buy,229.8,ETH-17MAY19-230-P,127.79,0.038,10.0,0,1557908830405,2219337,7
2019-05-15 08:27:32.552,10.0,buy,229.97,ETH-17MAY19-230-P,129.13,0.038,10.0,1,1557908852552,2219349,8
2019-05-15 08:27:36.264,10.0,buy,230.03,ETH-17MAY19-230-P,129.59,0.038,10.0,1,1557908856264,2219350,9
2019-05-15 08:27:44.162,10.0,buy,230.01,ETH-17MAY19-230-P,129.43,0.038,10.0,1,1557908864162,2219365,10
2019-05-15 10:47:38.378,67.0,sell,235.48,ETH-17MAY19-230-P,125.13,0.025,67.0,2,1557917258378,2229049,11
2019-05-15 10:56:44.223,85.0,sell,233.59,ETH-17MAY19-230-P,116.69,0.026000000000000002,85.0,0,1557917804223,2229660,12
2019-05-15 12:36:56.407,10.0,sell,232.41,ETH-17MAY19-230-P,121.53,0.028999999999999998,10.0,0,1557923816407,2234753,13
2019-05-15 15:32:20.825,47.0,sell,233.57,ETH-17MAY19-230-P,119.2,0.025,47.0,2,1557934340825,2247120,14
2019-05-15 15:32:41.180,200.0,sell,233.71,ETH-17MAY19-230-P,116.41,0.024,200.0,2,1557934361180,2247123,15
2019-05-15 15:32:41.180,43.0,sell,233.71,ETH-17MAY19-230-P,116.41,0.024,43.0,3,1557934361180,2247124,16
2019-05-15 15:32:41.180,10.0,sell,233.71,ETH-17MAY19-230-P,41.62,0.005,10.0,2,1557934361180,2247125,17
2019-05-15 16:09:07.124,36.0,sell,240.79,ETH-17MAY19-230-P,119.65,0.013999999999999999,36.0,0,1557936547124,2253597,18
2019-05-15 16:09:20.971,200.0,sell,240.2,ETH-17MAY19-230-P,116.5,0.014,200.0,1,1557936560971,2253654,19
2019-05-15 17:50:11.595,66.0,sell,242.22,ETH-17MAY19-230-P,125.19,0.013,66.0,2,1557942611595,2265597,20
2019-05-15 17:54:35.427,50.0,sell,243.03,ETH-17MAY19-230-P,124.65,0.012,50.0,2,1557942875427,2265815,21
2019-05-15 17:54:35.427,4.0,sell,243.03,ETH-17MAY19-230-P,119.71,0.011,4.0,2,1557942875427,2265816,22
2019-05-15 17:54:47.690,37.0,sell,242.72,ETH-17MAY19-230-P,123.08,0.012,37.0,0,1557942887690,2265839,23
2019-05-15 17:54:47.690,163.0,sell,242.72,ETH-17MAY19-230-P,118.17,0.011,163.0,2,1557942887690,2265840,24
2019-05-15 17:54:57.986,200.0,sell,242.66,ETH-17MAY19-230-P,117.87,0.011,200.0,3,1557942897986,2265853,25
2019-05-15 17:55:06.050,50.0,sell,242.6,ETH-17MAY19-230-P,117.57,0.011,50.0,3,1557942906050,2265854,26
2019-05-15 17:55:06.050,150.0,sell,242.6,ETH-17MAY19-230-P,112.56,0.01,150.0,2,1557942906050,2265855,27
2019-05-15 17:58:58.410,50.0,sell,242.77,ETH-17MAY19-230-P,113.5,0.01,50.0,3,1557943138410,2266035,28
2019-05-15 17:59:51.832,40.0,buy,242.78,ETH-17MAY19-230-P,128.36,0.013000000000000001,40.0,0,1557943191832,2266049,29
2019-05-15 18:12:22.704,37.0,sell,243.06,ETH-17MAY19-230-P,115.24,0.01,37.0,2,1557943942704,2266916,30
2019-05-15 18:14:12.208,200.0,sell,242.24,ETH-17MAY19-230-P,111.26,0.01,200.0,3,1557944052208,2267030,31
2019-05-15 19:04:36.945,38.0,sell,240.2,ETH-17MAY19-230-P,111.72,0.012,38.0,0,1557947076945,2270700,32
2019-05-15 19:19:16.279,200.0,sell,240.67,ETH-17MAY19-230-P,104.89,0.01,200.0,2,1557947956279,2272182,33
2019-05-15 19:19:16.279,31.0,sell,240.67,ETH-17MAY19-230-P,104.89,0.01,31.0,3,1557947956279,2272183,34
2019-05-15 19:58:52.095,58.0,sell,242.41,ETH-17MAY19-230-P,104.16,0.008,58.0,2,1557950332095,2274066,35
2019-05-15 20:59:52.684,43.0,buy,239.6,ETH-17MAY19-230-P,120.85,0.013999999999999999,43.0,0,1557953992684,2281351,36
2019-05-15 22:53:59.392,30.0,buy,246.0,ETH-17MAY19-230-P,119.95,0.006999999999999999,30.0,2,1557960839392,2288857,37
2019-05-15 22:54:41.264,25.0,sell,246.59,ETH-17MAY19-230-P,129.05,0.008,25.0,0,1557960881264,2288893,38
2019-05-15 22:54:51.366,25.0,sell,246.82,ETH-17MAY19-230-P,130.13,0.008,25.0,1,1557960891366,2288951,39
2019-05-15 22:55:10.037,26.0,sell,247.06,ETH-17MAY19-230-P,131.26,0.008,26.0,1,1557960910037,2288982,40
2019-05-15 22:57:01.055,52.0,buy,246.68,ETH-17MAY19-230-P,135.66,0.009000000000000001,52.0,0,1557961021055,2289329,41
2019-05-15 22:57:01.324,52.0,sell,246.67,ETH-17MAY19-230-P,135.61,0.009000000000000001,52.0,1,1557961021324,2289332,42
2019-05-15 22:57:01.350,53.0,sell,246.67,ETH-17MAY19-230-P,135.61,0.009000000000000001,53.0,1,1557961021350,2289333,43
2019-05-15 22:58:09.376,26.0,sell,246.96,ETH-17MAY19-230-P,137.04,0.009000000000000001,26.0,1,1557961089376,2289453,44
2019-05-15 22:59:07.056,200.0,buy,246.81,ETH-17MAY19-230-P,142.3,0.01,200.0,0,1557961147056,2289634,45
2019-05-15 22:59:45.632,11.0,buy,246.83,ETH-17MAY19-230-P,142.44,0.01,11.0,1,1557961185632,2289657,46
2019-05-15 23:02:06.841,41.0,sell,247.71,ETH-17MAY19-230-P,140.78,0.009000000000000001,41.0,2,1557961326841,2289907,47
2019-05-15 23:28:03.957,30.0,buy,248.68,ETH-17MAY19-230-P,146.34,0.009000000000000001,30.0,3,1557962883957,2293581,48
2019-05-15 23:28:34.313,250.0,buy,249.1,ETH-17MAY19-230-P,148.36,0.009000000000000001,250.0,3,1557962914313,2293617,49
2019-05-16 00:27:58.696,250.0,sell,255.98,ETH-17MAY19-230-P,150.98,0.005,250.0,2,1557966478696,2301611,50
2019-05-16 03:20:41.302,2.0,sell,269.29,ETH-17MAY19-230-P,199.32,0.004,2.0,2,1557976841302,2323841,51
2019-05-16 03:54:00.597,50.0,sell,269.92,ETH-17MAY19-230-P,174.08,0.002,50.0,2,1557978840597,2326176,52
2019-05-16 04:55:45.456,2.0,sell,257.92,ETH-17MAY19-230-P,117.79,0.001,2.0,2,1557982545456,2353068,53
2019-05-16 04:55:45.456,10.0,sell,257.92,ETH-17MAY19-230-P,117.79,0.001,10.0,3,1557982545456,2353069,54
2019-05-16 08:21:01.993,60.0,buy,262.16,ETH-17MAY19-230-P,190.23,0.004,60.0,0,1557994861993,2379776,55
2019-05-16 10:14:44.849,58.0,buy,247.97,ETH-17MAY19-230-P,150.68,0.006,58.0,0,1558001684849,2397398,56
2019-05-16 13:05:06.149,30.0,sell,247.78,ETH-17MAY19-230-P,129.38,0.003,30.0,2,1558011906149,2424528,57
2019-05-16 14:10:04.856,5.0,buy,256.31,ETH-17MAY19-230-P,159.97,0.002,5.0,2,1558015804856,2429258,58
2019-05-16 14:10:47.904,51.0,sell,257.04,ETH-17MAY19-230-P,141.61,0.001,51.0,2,1558015847904,2429335,59
2019-05-16 14:31:43.610,30.0,buy,260.72,ETH-17MAY19-230-P,157.95,0.001,30.0,3,1558017103610,2433634,60
2019-05-16 14:33:28.274,50.0,buy,259.54,ETH-17MAY19-230-P,176.31,0.002,50.0,0,1558017208274,2433931,61
2019-05-16 14:33:36.081,20.0,buy,259.46,ETH-17MAY19-230-P,176.04,0.002,20.0,1,1558017216081,2433943,62
2019-05-17 03:01:30.984,41.0,buy,239.24,ETH-17MAY19-230-P,117.63,0.001,41.0,2,1558062090984,2602100,63
2019-05-17 03:20:21.517,2.0,sell,241.33,ETH-17MAY19-230-P,141.67,0.001,2.0,3,1558063221517,2633168,64
2019-05-17 03:48:56.109,10.0,sell,240.49,ETH-17MAY19-230-P,246.08,0.006,10.0,0,1558064936109,2649254,65
