date_utc,amount,direction,indexPrice,instrument,iv,price,quantity,tickDirection,timeStamp,tradeId,tradeSeq
2019-02-16 23:27:21.350,5.0,buy,3582.67,BTC-28JUN19-8000-C,63.91,0.0035,5.0,0,1550359641350,15424520,273
2019-02-16 23:27:21.350,3.9,buy,3582.67,BTC-28JUN19-8000-C,63.91,0.0035,3.9,1,1550359641350,15424522,275
2019-02-16 23:27:21.350,11.1,buy,3582.67,BTC-28JUN19-8000-C,63.91,0.0035,11.1,1,1550359641350,15424523,276
2019-02-16 23:27:21.350,5.0,buy,3582.67,BTC-28JUN19-8000-C,63.91,0.0035,5.0,1,1550359641350,15424521,274
2019-02-17 00:09:55.648,5.0,buy,3585.77,BTC-28JUN19-8000-C,63.86,0.0035,5.0,1,1550362195648,15425295,277
2019-02-17 00:09:55.648,20.0,buy,3585.77,BTC-28JUN19-8000-C,63.86,0.0035,20.0,1,1550362195648,15425296,278
2019-02-18 14:42:05.966,0.2,sell,3807.79,BTC-28JUN19-8000-C,58.88,0.003,0.2,2,1550500925966,15542638,279
2019-02-18 14:42:05.966,0.8,sell,3807.79,BTC-28JUN19-8000-C,58.88,0.003,0.8,3,1550500925966,15542639,280
2019-02-18 15:36:11.231,10.8,sell,3795.75,BTC-28JUN19-8000-C,59.09,0.003,10.8,3,1550504171231,15546431,282
2019-02-18 15:36:11.231,4.2,sell,3795.75,BTC-28JUN19-8000-C,59.09,0.003,4.2,3,1550504171231,15546430,281
2019-02-18 16:40:25.726,2.0,buy,3894.24,BTC-28JUN19-8000-C,60.97,0.0045,2.0,0,1550508025726,15558899,283
2019-02-18 17:05:38.776,3.4,sell,3841.05,BTC-28JUN19-8000-C,60.67,0.004,3.4,2,1550509538776,15566923,284
2019-02-18 18:30:15.250,2.0,buy,3892.35,BTC-28JUN19-8000-C,62.07,0.005,2.0,0,1550514615250,15573369,285
2019-02-19 22:47:13.026,19.1,sell,3910.84,BTC-28JUN19-8000-C,63.79,0.006,19.1,0,1550616433026,15667621,286
2019-02-19 22:48:11.314,19.2,buy,3909.67,BTC-28JUN19-8000-C,63.81,0.006,19.2,1,1550616491314,15667647,287
2019-02-19 22:48:27.243,19.1,buy,3910.2,BTC-28JUN19-8000-C,63.8,0.006,19.1,1,1550616507243,15667649,288
2019-02-19 22:48:27.339,0.1,sell,3910.2,BTC-28JUN19-8000-C,63.8,0.006,0.1,1,1550616507339,15667650,289
2019-02-19 22:49:13.970,15.0,buy,3909.21,BTC-28JUN19-8000-C,64.68,0.0065,15.0,0,1550616553970,15667651,290
2019-02-19 22:49:22.297,22.0,sell,3909.22,BTC-28JUN19-8000-C,64.68,0.0065,22.0,1,1550616562297,15667652,291
2019-02-19 23:16:32.425,20.7,buy,3904.57,BTC-28JUN19-8000-C,63.97,0.006,20.7,2,1550618192425,15668144,292
2019-02-19 23:16:43.676,19.1,sell,3905.53,BTC-28JUN19-8000-C,63.95,0.006,19.1,3,1550618203676,15668154,293
2019-02-19 23:16:46.653,19.2,sell,3904.21,BTC-28JUN19-8000-C,63.96,0.006,19.2,3,1550618206653,15668160,294
2019-02-19 23:16:52.452,19.0,sell,3904.3,BTC-28JUN19-8000-C,63.97,0.006,19.0,3,1550618212452,15668161,295
2019-02-19 23:17:02.030,18.2,sell,3904.69,BTC-28JUN19-8000-C,63.96,0.006,18.2,3,1550618222030,15668167,296
2019-02-19 23:17:07.247,3.8,sell,3904.73,BTC-28JUN19-8000-C,63.95,0.006,3.8,3,1550618227247,15668173,297
2019-02-20 10:31:48.990,4.0,buy,3943.7,BTC-28JUN19-8000-C,62.36,0.0055,4.0,2,1550658708990,15686862,298
2019-02-20 19:15:10.958,5.0,buy,3915.13,BTC-28JUN19-8000-C,63.04,0.0055,5.0,3,1550690110958,15708771,299
2019-02-21 02:08:27.497,1.0,buy,3924.36,BTC-28JUN19-8000-C,63.82,0.006,1.0,0,1550714907497,15718443,300
2019-02-21 02:29:59.126,1.0,buy,3922.78,BTC-28JUN19-8000-C,63.91,0.006,1.0,1,1550716199126,15718569,301
2019-02-21 03:19:26.545,4.0,buy,3921.17,BTC-28JUN19-8000-C,63.97,0.006,4.0,1,1550719166545,15718843,303
2019-02-21 03:19:26.545,6.0,buy,3921.17,BTC-28JUN19-8000-C,63.97,0.006,6.0,1,1550719166545,15718842,302
2019-02-21 10:07:26.991,0.1,sell,3898.21,BTC-28JUN19-8000-C,62.29,0.005,0.1,2,1550743646991,15737899,304
2019-02-21 10:07:27.410,0.1,buy,3898.21,BTC-28JUN19-8000-C,62.29,0.005,0.1,3,1550743647410,15737900,305
2019-02-21 10:07:43.146,0.1,buy,3897.7,BTC-28JUN19-8000-C,62.3,0.005,0.1,3,1550743663146,15737910,306
2019-02-21 10:07:57.835,0.1,buy,3897.7,BTC-28JUN19-8000-C,62.3,0.005,0.1,3,1550743677835,15737917,307
2019-02-21 10:08:13.358,0.1,buy,3897.71,BTC-28JUN19-8000-C,62.29,0.005,0.1,3,1550743693358,15737924,308
2019-02-21 10:08:28.914,0.1,buy,3897.71,BTC-28JUN19-8000-C,62.29,0.005,0.1,3,1550743708914,15737931,309
2019-02-21 10:17:16.397,10.0,sell,3890.99,BTC-28JUN19-8000-C,61.35,0.0045,10.0,3,1550744236397,15738262,312
2019-02-21 10:17:16.397,10.0,sell,3890.99,BTC-28JUN19-8000-C,61.35,0.0045,10.0,3,1550744236397,15738261,311
2019-02-21 10:17:16.397,1.0,sell,3890.99,BTC-28JUN19-8000-C,61.35,0.0045,1.0,2,1550744236397,15738260,310
2019-02-21 12:11:51.297,1.4,buy,3893.27,BTC-28JUN19-8000-C,62.32,0.005,1.4,0,1550751111297,15742134,313
2019-02-21 12:11:51.297,8.6,buy,3893.27,BTC-28JUN19-8000-C,62.32,0.005,8.6,1,1550751111297,15742135,314
2019-02-21 12:36:22.938,0.1,sell,3895.86,BTC-28JUN19-8000-C,54.37,0.002,0.1,2,1550752582938,15742836,315
2019-02-21 12:36:22.938,9.9,sell,3895.86,BTC-28JUN19-8000-C,54.37,0.002,9.9,3,1550752582938,15742837,316
2019-02-22 08:10:38.211,5.0,sell,3893.16,BTC-28JUN19-8000-C,61.56,0.0045,5.0,0,1550823038211,15760366,317
2019-02-22 10:46:53.964,0.3,buy,3924.89,BTC-28JUN19-8000-C,63.0,0.0055,0.3,0,1550832413964,15767285,318
2019-02-22 12:38:01.339,1.6,buy,3937.29,BTC-28JUN19-8000-C,62.78,0.0055,1.6,1,1550839081339,15770740,319
2019-02-23 12:19:38.903,2.0,buy,3931.5,BTC-28JUN19-8000-C,64.42,0.006,2.0,0,1550924378903,15802400,320
2019-02-23 14:08:42.235,5.1000000000000005,sell,3932.46,BTC-28JUN19-8000-C,64.38,0.006,5.1000000000000005,1,1550930922235,15803638,321
2019-02-23 16:59:10.784,4.7,sell,3969.92,BTC-28JUN19-8000-C,62.89,0.0055,4.7,2,1550941150784,15807901,322
2019-02-23 17:36:11.786,0.5,buy,4030.25,BTC-28JUN19-8000-C,62.86,0.006,0.5,0,1550943371786,15821332,323
2019-02-24 09:47:05.283,1.0,buy,4130.86,BTC-28JUN19-8000-C,64.28,0.008,1.0,0,1551001625283,15875319,324
2019-02-24 09:49:30.924,0.5,buy,4131.93,BTC-28JUN19-8000-C,64.2,0.008,0.5,1,1551001770924,15875340,325
2019-02-24 09:51:04.936,0.2,buy,4132.35,BTC-28JUN19-8000-C,64.21,0.008,0.2,1,1551001864936,15875357,326
2019-02-24 09:51:21.566,0.3,buy,4132.49,BTC-28JUN19-8000-C,64.22,0.008,0.3,1,1551001881566,15875363,327
2019-02-24 09:58:33.789,1.0,buy,4132.42,BTC-28JUN19-8000-C,64.28,0.008,1.0,1,1551002313789,15875470,328
2019-02-24 10:07:23.992,0.1,buy,4137.5,BTC-28JUN19-8000-C,64.17,0.008,0.1,1,1551002843992,15875774,329
2019-02-24 11:05:08.724,0.4,buy,4136.72,BTC-28JUN19-8000-C,64.15,0.008,0.4,1,1551006308724,15877072,330
2019-02-24 11:13:14.227,1.0,buy,4137.47,BTC-28JUN19-8000-C,64.14,0.008,1.0,1,1551006794227,15877196,331
2019-02-24 12:56:34.928,1.5,sell,4108.82,BTC-28JUN19-8000-C,62.98,0.006999999999999999,1.5,2,1551012994928,15880911,332
2019-02-24 14:49:58.057,5.0,buy,3816.92,BTC-28JUN19-8000-C,69.98,0.0075,5.0,0,1551019798057,15925486,333
2019-02-25 01:30:08.621,0.5,buy,3768.28,BTC-28JUN19-8000-C,68.28,0.006,0.5,2,1551058208621,15970180,334
2019-02-25 08:56:41.799,1.0,sell,3772.73,BTC-28JUN19-8000-C,66.12,0.005,1.0,2,1551085001799,15980898,335
2019-02-25 10:48:21.948,0.5,buy,3782.22,BTC-28JUN19-8000-C,67.03,0.0055,0.5,0,1551091701948,15985079,336
2019-02-25 11:00:28.419,2.0,buy,3781.58,BTC-28JUN19-8000-C,67.08,0.0055,2.0,1,1551092428419,15985456,337
