date_utc,amount,direction,indexPrice,instrument,iv,price,quantity,tickDirection,timeStamp,tradeId,tradeSeq
2019-02-16 23:27:21.350,5.0,buy,3582.67,BTC-28JUN19-8000-C,63.91,0.0035,5.0,0,1550359641350,15424520,273
2019-02-16 23:27:21.350,3.9,buy,3582.67,BTC-28JUN19-8000-C,63.91,0.0035,3.9,1,1550359641350,15424522,275
2019-02-16 23:27:21.350,11.1,buy,3582.67,BTC-28JUN19-8000-C,63.91,0.0035,11.1,1,1550359641350,15424523,276
2019-02-16 23:27:21.350,5.0,buy,3582.67,BTC-28JUN19-8000-C,63.91,0.0035,5.0,1,1550359641350,15424521,274
2019-02-17 00:09:55.648,5.0,buy,3585.77,BTC-28JUN19-8000-C,63.86,0.0035,5.0,1,1550362195648,15425295,277
2019-02-17 00:09:55.648,20.0,buy,3585.77,BTC-28JUN19-8000-C,63.86,0.0035,20.0,1,1550362195648,15425296,278
2019-02-18 14:42:05.966,0.2,sell,3807.79,BTC-28JUN19-8000-C,58.88,0.003,0.2,2,1550500925966,15542638,279
2019-02-18 14:42:05.966,0.8,sell,3807.79,BTC-28JUN19-8000-C,58.88,0.003,0.8,3,1550500925966,15542639,280
2019-02-18 15:36:11.231,4.2,sell,3795.75,BTC-28JUN19-8000-C,59.09,0.003,4.2,3,1550504171231,15546430,281
2019-02-18 15:36:11.231,10.8,sell,3795.75,BTC-28JUN19-8000-C,59.09,0.003,10.8,3,1550504171231,15546431,282
2019-02-18 16:40:25.726,2.0,buy,3894.24,BTC-28JUN19-8000-C,60.97,0.0045,2.0,0,1550508025726,15558899,283
2019-02-18 17:05:38.776,3.4,sell,3841.05,BTC-28JUN19-8000-C,60.67,0.004,3.4,2,1550509538776,15566923,284
2019-02-18 18:30:15.250,2.0,buy,3892.35,BTC-28JUN19-8000-C,62.07,0.005,2.0,0,1550514615250,15573369,285
2019-02-19 22:47:13.026,19.1,sell,3910.84,BTC-28JUN19-8000-C,63.79,0.006,19.1,0,1550616433026,15667621,286
2019-02-19 22:48:11.314,19.2,buy,3909.67,BTC-28JUN19-8000-C,63.81,0.006,19.2,1,1550616491314,15667647,287
2019-02-19 22:48:27.243,19.1,buy,3910.2,BTC-28JUN19-8000-C,63.8,0.006,19.1,1,1550616507243,15667649,288
2019-02-19 22:48:27.339,0.1,sell,3910.2,BTC-28JUN19-8000-C,63.8,0.006,0.1,1,1550616507339,15667650,289
2019-02-19 22:49:13.970,15.0,buy,3909.21,BTC-28JUN19-8000-C,64.68,0.0065,15.0,0,1550616553970,15667651,290
2019-02-19 22:49:22.297,22.0,sell,3909.22,BTC-28JUN19-8000-C,64.68,0.0065,22.0,1,1550616562297,15667652,291
2019-02-19 23:16:32.425,20.7,buy,3904.57,BTC-28JUN19-8000-C,63.97,0.006,20.7,2,1550618192425,15668144,292
2019-02-19 23:16:43.676,19.1,sell,3905.53,BTC-28JUN19-8000-C,63.95,0.006,19.1,3,1550618203676,15668154,293
2019-02-19 23:16:46.653,19.2,sell,3904.21,BTC-28JUN19-8000-C,63.96,0.006,19.2,3,1550618206653,15668160,294
2019-02-19 23:16:52.452,19.0,sell,3904.3,BTC-28JUN19-8000-C,63.97,0.006,19.0,3,1550618212452,15668161,295
2019-02-19 23:17:02.030,18.2,sell,3904.69,BTC-28JUN19-8000-C,63.96,0.006,18.2,3,1550618222030,15668167,296
2019-02-19 23:17:07.247,3.8,sell,3904.73,BTC-28JUN19-8000-C,63.95,0.006,3.8,3,1550618227247,15668173,297
2019-02-20 10:31:48.990,4.0,buy,3943.7,BTC-28JUN19-8000-C,62.36,0.0055,4.0,2,1550658708990,15686862,298
2019-02-20 19:15:10.958,5.0,buy,3915.13,BTC-28JUN19-8000-C,63.04,0.0055,5.0,3,1550690110958,15708771,299
2019-02-21 02:08:27.497,1.0,buy,3924.36,BTC-28JUN19-8000-C,63.82,0.006,1.0,0,1550714907497,15718443,300
2019-02-21 02:29:59.126,1.0,buy,3922.78,BTC-28JUN19-8000-C,63.91,0.006,1.0,1,1550716199126,15718569,301
2019-02-21 03:19:26.545,6.0,buy,3921.17,BTC-28JUN19-8000-C,63.97,0.006,6.0,1,1550719166545,15718842,302
2019-02-21 03:19:26.545,4.0,buy,3921.17,BTC-28JUN19-8000-C,63.97,0.006,4.0,1,1550719166545,15718843,303
2019-02-21 10:07:26.991,0.1,sell,3898.21,BTC-28JUN19-8000-C,62.29,0.005,0.1,2,1550743646991,15737899,304
2019-02-21 10:07:27.410,0.1,buy,3898.21,BTC-28JUN19-8000-C,62.29,0.005,0.1,3,1550743647410,15737900,305
2019-02-21 10:07:43.146,0.1,buy,3897.7,BTC-28JUN19-8000-C,62.3,0.005,0.1,3,1550743663146,15737910,306
2019-02-21 10:07:57.835,0.1,buy,3897.7,BTC-28JUN19-8000-C,62.3,0.005,0.1,3,1550743677835,15737917,307
2019-02-21 10:08:13.358,0.1,buy,3897.71,BTC-28JUN19-8000-C,62.29,0.005,0.1,3,1550743693358,15737924,308
2019-02-21 10:08:28.914,0.1,buy,3897.71,BTC-28JUN19-8000-C,62.29,0.005,0.1,3,1550743708914,15737931,309
2019-02-21 10:17:16.397,10.0,sell,3890.99,BTC-28JUN19-8000-C,61.35,0.0045,10.0,3,1550744236397,15738262,312
2019-02-21 10:17:16.397,1.0,sell,3890.99,BTC-28JUN19-8000-C,61.35,0.0045,1.0,2,1550744236397,15738260,310
2019-02-21 10:17:16.397,10.0,sell,3890.99,BTC-28JUN19-8000-C,61.35,0.0045,10.0,3,1550744236397,15738261,311
2019-02-21 12:11:51.297,8.6,buy,3893.27,BTC-28JUN19-8000-C,62.32,0.005,8.6,1,1550751111297,15742135,314
2019-02-21 12:11:51.297,1.4,buy,3893.27,BTC-28JUN19-8000-C,62.32,0.005,1.4,0,1550751111297,15742134,313
2019-02-21 12:36:22.938,9.9,sell,3895.86,BTC-28JUN19-8000-C,54.37,0.002,9.9,3,1550752582938,15742837,316
2019-02-21 12:36:22.938,0.1,sell,3895.86,BTC-28JUN19-8000-C,54.37,0.002,0.1,2,1550752582938,15742836,315
2019-02-22 08:10:38.211,5.0,sell,3893.16,BTC-28JUN19-8000-C,61.56,0.0045,5.0,0,1550823038211,15760366,317
2019-02-22 10:46:53.964,0.3,buy,3924.89,BTC-28JUN19-8000-C,63.0,0.0055,0.3,0,1550832413964,15767285,318
2019-02-22 12:38:01.339,1.6,buy,3937.29,BTC-28JUN19-8000-C,62.78,0.0055,1.6,1,1550839081339,15770740,319
2019-02-23 12:19:38.903,2.0,buy,3931.5,BTC-28JUN19-8000-C,64.42,0.006,2.0,0,1550924378903,15802400,320
2019-02-23 14:08:42.235,5.1000000000000005,sell,3932.46,BTC-28JUN19-8000-C,64.38,0.006,5.1000000000000005,1,1550930922235,15803638,321
2019-02-23 16:59:10.784,4.7,sell,3969.92,BTC-28JUN19-8000-C,62.89,0.0055,4.7,2,1550941150784,15807901,322
2019-02-23 17:36:11.786,0.5,buy,4030.25,BTC-28JUN19-8000-C,62.86,0.006,0.5,0,1550943371786,15821332,323
2019-02-24 09:47:05.283,1.0,buy,4130.86,BTC-28JUN19-8000-C,64.28,0.008,1.0,0,1551001625283,15875319,324
2019-02-24 09:49:30.924,0.5,buy,4131.93,BTC-28JUN19-8000-C,64.2,0.008,0.5,1,1551001770924,15875340,325
2019-02-24 09:51:04.936,0.2,buy,4132.35,BTC-28JUN19-8000-C,64.21,0.008,0.2,1,1551001864936,15875357,326
2019-02-24 09:51:21.566,0.3,buy,4132.49,BTC-28JUN19-8000-C,64.22,0.008,0.3,1,1551001881566,15875363,327
2019-02-24 09:58:33.789,1.0,buy,4132.42,BTC-28JUN19-8000-C,64.28,0.008,1.0,1,1551002313789,15875470,328
2019-02-24 10:07:23.992,0.1,buy,4137.5,BTC-28JUN19-8000-C,64.17,0.008,0.1,1,1551002843992,15875774,329
2019-02-24 11:05:08.724,0.4,buy,4136.72,BTC-28JUN19-8000-C,64.15,0.008,0.4,1,1551006308724,15877072,330
2019-02-24 11:13:14.227,1.0,buy,4137.47,BTC-28JUN19-8000-C,64.14,0.008,1.0,1,1551006794227,15877196,331
2019-02-24 12:56:34.928,1.5,sell,4108.82,BTC-28JUN19-8000-C,62.98,0.006999999999999999,1.5,2,1551012994928,15880911,332
2019-02-24 14:49:58.057,5.0,buy,3816.92,BTC-28JUN19-8000-C,69.98,0.0075,5.0,0,1551019798057,15925486,333
2019-02-25 01:30:08.621,0.5,buy,3768.28,BTC-28JUN19-8000-C,68.28,0.006,0.5,2,1551058208621,15970180,334
2019-02-25 08:56:41.799,1.0,sell,3772.73,BTC-28JUN19-8000-C,66.12,0.005,1.0,2,1551085001799,15980898,335
2019-02-25 10:48:21.948,0.5,buy,3782.22,BTC-28JUN19-8000-C,67.03,0.0055,0.5,0,1551091701948,15985079,336
2019-02-25 11:00:28.419,2.0,buy,3781.58,BTC-28JUN19-8000-C,67.08,0.0055,2.0,1,1551092428419,15985456,337
2019-02-25 17:54:48.635,4.0,buy,3814.07,BTC-28JUN19-8000-C,68.57,0.0065,4.0,0,1551117288635,16001555,338
2019-02-26 07:18:57.797,0.1,sell,3778.3,BTC-28JUN19-8000-C,67.34,0.0055,0.1,2,1551165537797,16022772,339
2019-02-26 07:18:57.922,0.5,buy,3778.3,BTC-28JUN19-8000-C,67.34,0.0055,0.5,3,1551165537922,16022773,340
2019-02-26 07:19:13.193,0.5,sell,3778.3,BTC-28JUN19-8000-C,67.34,0.0055,0.5,3,1551165553193,16022787,341
2019-02-26 07:19:16.723,0.5,sell,3778.3,BTC-28JUN19-8000-C,67.34,0.0055,0.5,3,1551165556723,16022793,342
2019-02-26 07:19:23.106,0.5,sell,3777.46,BTC-28JUN19-8000-C,67.36,0.0055,0.5,3,1551165563106,16022794,343
2019-02-26 07:50:43.142,0.5,sell,3783.55,BTC-28JUN19-8000-C,67.26,0.0055,0.5,3,1551167443142,16023492,344
2019-02-26 07:50:46.243,0.5,sell,3784.05,BTC-28JUN19-8000-C,67.25,0.0055,0.5,3,1551167446243,16023493,345
2019-02-26 07:50:47.280,0.5,buy,3784.05,BTC-28JUN19-8000-C,67.25,0.0055,0.5,3,1551167447280,16023494,346
2019-02-26 07:51:03.637,0.5,sell,3783.91,BTC-28JUN19-8000-C,67.26,0.0055,0.5,3,1551167463637,16023497,347
2019-02-26 07:51:06.810,0.5,sell,3783.94,BTC-28JUN19-8000-C,67.26,0.0055,0.5,3,1551167466810,16023498,348
2019-02-26 07:51:07.009,0.5,buy,3783.94,BTC-28JUN19-8000-C,67.26,0.0055,0.5,3,1551167467009,16023499,349
2019-02-26 10:15:22.119,5.0,buy,3797.54,BTC-28JUN19-8000-C,68.03,0.006,5.0,0,1551176122119,16026809,350
2019-02-26 13:37:32.747,3.0,buy,3786.75,BTC-28JUN19-8000-C,67.33,0.0055,3.0,2,1551188252747,16031150,351
2019-02-26 16:52:37.727,1.0,sell,3795.08,BTC-28JUN19-8000-C,67.29,0.0055,1.0,3,1551199957727,16036559,352
2019-02-27 08:43:53.380,2.0,sell,3814.39,BTC-28JUN19-8000-C,67.04,0.0055,2.0,3,1551257033380,16051774,353
2019-02-27 19:32:21.108,2.0,sell,3799.23,BTC-28JUN19-8000-C,66.4,0.005,2.0,2,1551295941108,16064502,354
2019-02-27 21:41:59.446,2.0,sell,3739.91,BTC-28JUN19-8000-C,65.13,0.004,2.0,2,1551303719446,16079836,355
2019-02-28 15:31:37.436,5.0,sell,3800.67,BTC-28JUN19-8000-C,66.49,0.005,5.0,0,1551367897436,16107538,356
2019-03-01 18:18:15.357,5.0,buy,3830.97,BTC-28JUN19-8000-C,66.17,0.005,5.0,1,1551464295357,16154836,357
2019-03-01 19:32:00.235,5.0,buy,3831.9,BTC-28JUN19-8000-C,66.2,0.005,5.0,1,1551468720235,16155511,358
2019-03-01 19:32:00.235,5.0,buy,3831.9,BTC-28JUN19-8000-C,66.2,0.005,5.0,1,1551468720235,16155512,359
2019-03-01 19:41:03.695,4.0,buy,3831.39,BTC-28JUN19-8000-C,66.21,0.005,4.0,1,1551469263695,16155543,360
2019-03-01 19:41:17.291,11.0,buy,3831.39,BTC-28JUN19-8000-C,66.21,0.005,11.0,1,1551469277291,16155544,361
2019-03-01 19:43:42.284,15.0,buy,3831.21,BTC-28JUN19-8000-C,66.21,0.005,15.0,1,1551469422284,16155565,362
2019-03-01 23:01:13.767,10.0,sell,3810.79,BTC-28JUN19-8000-C,65.51,0.0045,10.0,2,1551481273767,16159788,363
2019-03-04 10:34:16.608,5.0,sell,3686.61,BTC-28JUN19-8000-C,66.02,0.0035,5.0,2,1551695656608,16228700,364
2019-03-05 13:21:34.887,10.0,buy,3765.12,BTC-28JUN19-8000-C,67.3,0.0045,10.0,0,1551792094887,16261692,365
2019-03-05 13:58:33.902,5.0,buy,3834.95,BTC-28JUN19-8000-C,67.14,0.005,5.0,0,1551794313902,16272187,366
2019-03-05 17:08:45.234,12.0,buy,3832.69,BTC-28JUN19-8000-C,68.18,0.0055,12.0,0,1551805725234,16291042,367
2019-03-05 17:08:45.234,4.5,buy,3832.69,BTC-28JUN19-8000-C,68.18,0.0055,4.5,1,1551805725234,16291043,368
2019-03-05 17:08:45.234,8.5,buy,3832.69,BTC-28JUN19-8000-C,68.18,0.0055,8.5,1,1551805725234,16291044,369
2019-03-05 17:09:57.606,15.0,sell,3826.3,BTC-28JUN19-8000-C,67.23,0.005,15.0,2,1551805797606,16291155,370
2019-03-06 02:31:59.044,10.0,sell,3827.55,BTC-28JUN19-8000-C,67.29,0.005,10.0,3,1551839519044,16302401,371
2019-03-06 12:09:26.112,10.0,sell,3853.48,BTC-28JUN19-8000-C,66.85,0.005,10.0,3,1551874166112,16318564,372
2019-03-06 12:14:29.066,5.0,sell,3851.51,BTC-28JUN19-8000-C,66.88,0.005,5.0,3,1551874469066,16318682,373
2019-03-08 13:52:54.201,4.0,buy,3879.53,BTC-28JUN19-8000-C,64.82,0.004,4.0,2,1552053174201,16385054,374
2019-03-08 15:53:54.930,5.0,sell,3886.22,BTC-28JUN19-8000-C,64.74,0.004,5.0,3,1552060434930,16388780,375
2019-03-08 19:46:00.190,1.0,sell,3890.62,BTC-28JUN19-8000-C,64.59,0.004,1.0,3,1552074360190,16391678,376
2019-03-08 19:46:00.190,12.0,sell,3890.62,BTC-28JUN19-8000-C,64.59,0.004,12.0,3,1552074360190,16391679,377
2019-03-09 17:12:53.707,4.0,sell,3893.94,BTC-28JUN19-8000-C,63.7,0.0035,4.0,2,1552151573707,16442532,378
2019-03-14 02:07:55.926,0.5,buy,3857.82,BTC-28JUN19-8000-C,67.09,0.004,0.5,0,1552529275926,16548524,379
