date_utc,amount,direction,indexPrice,instrument,iv,price,quantity,tickDirection,timeStamp,tradeId,tradeSeq
2019-02-16 23:27:21.350,5.0,buy,3582.67,BTC-28JUN19-8000-C,63.91,0.0035,5.0,0,1550359641350,15424520,273
2019-02-16 23:27:21.350,3.9,buy,3582.67,BTC-28JUN19-8000-C,63.91,0.0035,3.9,1,1550359641350,15424522,275
2019-02-16 23:27:21.350,11.1,buy,3582.67,BTC-28JUN19-8000-C,63.91,0.0035,11.1,1,1550359641350,15424523,276
2019-02-16 23:27:21.350,5.0,buy,3582.67,BTC-28JUN19-8000-C,63.91,0.0035,5.0,1,1550359641350,15424521,274
2019-02-17 00:09:55.648,5.0,buy,3585.77,BTC-28JUN19-8000-C,63.86,0.0035,5.0,1,1550362195648,15425295,277
2019-02-17 00:09:55.648,20.0,buy,3585.77,BTC-28JUN19-8000-C,63.86,0.0035,20.0,1,1550362195648,15425296,278
2019-02-18 14:42:05.966,0.2,sell,3807.79,BTC-28JUN19-8000-C,58.88,0.003,0.2,2,1550500925966,15542638,279
2019-02-18 14:42:05.966,0.8,sell,3807.79,BTC-28JUN19-8000-C,58.88,0.003,0.8,3,1550500925966,15542639,280
2019-02-18 15:36:11.231,4.2,sell,3795.75,BTC-28JUN19-8000-C,59.09,0.003,4.2,3,1550504171231,15546430,281
2019-02-18 15:36:11.231,10.8,sell,3795.75,BTC-28JUN19-8000-C,59.09,0.003,10.8,3,1550504171231,15546431,282
2019-02-18 16:40:25.726,2.0,buy,3894.24,BTC-28JUN19-8000-C,60.97,0.0045,2.0,0,1550508025726,15558899,283
2019-02-18 17:05:38.776,3.4,sell,3841.05,BTC-28JUN19-8000-C,60.67,0.004,3.4,2,1550509538776,15566923,284
2019-02-18 18:30:15.250,2.0,buy,3892.35,BTC-28JUN19-8000-C,62.07,0.005,2.0,0,1550514615250,15573369,285
2019-02-19 22:47:13.026,19.1,sell,3910.84,BTC-28JUN19-8000-C,63.79,0.006,19.1,0,1550616433026,15667621,286
2019-02-19 22:48:11.314,19.2,buy,3909.67,BTC-28JUN19-8000-C,63.81,0.006,19.2,1,1550616491314,15667647,287
2019-02-19 22:48:27.243,19.1,buy,3910.2,BTC-28JUN19-8000-C,63.8,0.006,19.1,1,1550616507243,15667649,288
2019-02-19 22:48:27.339,0.1,sell,3910.2,BTC-28JUN19-8000-C,63.8,0.006,0.1,1,1550616507339,15667650,289
2019-02-19 22:49:13.970,15.0,buy,3909.21,BTC-28JUN19-8000-C,64.68,0.0065,15.0,0,1550616553970,15667651,290
2019-02-19 22:49:22.297,22.0,sell,3909.22,BTC-28JUN19-8000-C,64.68,0.0065,22.0,1,1550616562297,15667652,291
2019-02-19 23:16:32.425,20.7,buy,3904.57,BTC-28JUN19-8000-C,63.97,0.006,20.7,2,1550618192425,15668144,292
2019-02-19 23:16:43.676,19.1,sell,3905.53,BTC-28JUN19-8000-C,63.95,0.006,19.1,3,1550618203676,15668154,293
2019-02-19 23:16:46.653,19.2,sell,3904.21,BTC-28JUN19-8000-C,63.96,0.006,19.2,3,1550618206653,15668160,294
2019-02-19 23:16:52.452,19.0,sell,3904.3,BTC-28JUN19-8000-C,63.97,0.006,19.0,3,1550618212452,15668161,295
2019-02-19 23:17:02.030,18.2,sell,3904.69,BTC-28JUN19-8000-C,63.96,0.006,18.2,3,1550618222030,15668167,296
2019-02-19 23:17:07.247,3.8,sell,3904.73,BTC-28JUN19-8000-C,63.95,0.006,3.8,3,1550618227247,15668173,297
2019-02-20 10:31:48.990,4.0,buy,3943.7,BTC-28JUN19-8000-C,62.36,0.0055,4.0,2,1550658708990,15686862,298
2019-02-20 19:15:10.958,5.0,buy,3915.13,BTC-28JUN19-8000-C,63.04,0.0055,5.0,3,1550690110958,15708771,299
2019-02-21 02:08:27.497,1.0,buy,3924.36,BTC-28JUN19-8000-C,63.82,0.006,1.0,0,1550714907497,15718443,300
2019-02-21 02:29:59.126,1.0,buy,3922.78,BTC-28JUN19-8000-C,63.91,0.006,1.0,1,1550716199126,15718569,301
2019-02-21 03:19:26.545,6.0,buy,3921.17,BTC-28JUN19-8000-C,63.97,0.006,6.0,1,1550719166545,15718842,302
2019-02-21 03:19:26.545,4.0,buy,3921.17,BTC-28JUN19-8000-C,63.97,0.006,4.0,1,1550719166545,15718843,303
2019-02-21 10:07:26.991,0.1,sell,3898.21,BTC-28JUN19-8000-C,62.29,0.005,0.1,2,1550743646991,15737899,304
2019-02-21 10:07:27.410,0.1,buy,3898.21,BTC-28JUN19-8000-C,62.29,0.005,0.1,3,1550743647410,15737900,305
2019-02-21 10:07:43.146,0.1,buy,3897.7,BTC-28JUN19-8000-C,62.3,0.005,0.1,3,1550743663146,15737910,306
2019-02-21 10:07:57.835,0.1,buy,3897.7,BTC-28JUN19-8000-C,62.3,0.005,0.1,3,1550743677835,15737917,307
2019-02-21 10:08:13.358,0.1,buy,3897.71,BTC-28JUN19-8000-C,62.29,0.005,0.1,3,1550743693358,15737924,308
2019-02-21 10:08:28.914,0.1,buy,3897.71,BTC-28JUN19-8000-C,62.29,0.005,0.1,3,1550743708914,15737931,309
2019-02-21 10:17:16.397,1.0,sell,3890.99,BTC-28JUN19-8000-C,61.35,0.0045,1.0,2,1550744236397,15738260,310
2019-02-21 10:17:16.397,10.0,sell,3890.99,BTC-28JUN19-8000-C,61.35,0.0045,10.0,3,1550744236397,15738261,311
2019-02-21 10:17:16.397,10.0,sell,3890.99,BTC-28JUN19-8000-C,61.35,0.0045,10.0,3,1550744236397,15738262,312
2019-02-21 12:11:51.297,1.4,buy,3893.27,BTC-28JUN19-8000-C,62.32,0.005,1.4,0,1550751111297,15742134,313
2019-02-21 12:11:51.297,8.6,buy,3893.27,BTC-28JUN19-8000-C,62.32,0.005,8.6,1,1550751111297,15742135,314
2019-02-21 12:36:22.938,9.9,sell,3895.86,BTC-28JUN19-8000-C,54.37,0.002,9.9,3,1550752582938,15742837,316
2019-02-21 12:36:22.938,0.1,sell,3895.86,BTC-28JUN19-8000-C,54.37,0.002,0.1,2,1550752582938,15742836,315
2019-02-22 08:10:38.211,5.0,sell,3893.16,BTC-28JUN19-8000-C,61.56,0.0045,5.0,0,1550823038211,15760366,317
2019-02-22 10:46:53.964,0.3,buy,3924.89,BTC-28JUN19-8000-C,63.0,0.0055,0.3,0,1550832413964,15767285,318
2019-02-22 12:38:01.339,1.6,buy,3937.29,BTC-28JUN19-8000-C,62.78,0.0055,1.6,1,1550839081339,15770740,319
2019-02-23 12:19:38.903,2.0,buy,3931.5,BTC-28JUN19-8000-C,64.42,0.006,2.0,0,1550924378903,15802400,320
2019-02-23 14:08:42.235,5.1000000000000005,sell,3932.46,BTC-28JUN19-8000-C,64.38,0.006,5.1000000000000005,1,1550930922235,15803638,321
2019-02-23 16:59:10.784,4.7,sell,3969.92,BTC-28JUN19-8000-C,62.89,0.0055,4.7,2,1550941150784,15807901,322
2019-02-23 17:36:11.786,0.5,buy,4030.25,BTC-28JUN19-8000-C,62.86,0.006,0.5,0,1550943371786,15821332,323
2019-02-24 09:47:05.283,1.0,buy,4130.86,BTC-28JUN19-8000-C,64.28,0.008,1.0,0,1551001625283,15875319,324
2019-02-24 09:49:30.924,0.5,buy,4131.93,BTC-28JUN19-8000-C,64.2,0.008,0.5,1,1551001770924,15875340,325
2019-02-24 09:51:04.936,0.2,buy,4132.35,BTC-28JUN19-8000-C,64.21,0.008,0.2,1,1551001864936,15875357,326
2019-02-24 09:51:21.566,0.3,buy,4132.49,BTC-28JUN19-8000-C,64.22,0.008,0.3,1,1551001881566,15875363,327
2019-02-24 09:58:33.789,1.0,buy,4132.42,BTC-28JUN19-8000-C,64.28,0.008,1.0,1,1551002313789,15875470,328
2019-02-24 10:07:23.992,0.1,buy,4137.5,BTC-28JUN19-8000-C,64.17,0.008,0.1,1,1551002843992,15875774,329
2019-02-24 11:05:08.724,0.4,buy,4136.72,BTC-28JUN19-8000-C,64.15,0.008,0.4,1,1551006308724,15877072,330
2019-02-24 11:13:14.227,1.0,buy,4137.47,BTC-28JUN19-8000-C,64.14,0.008,1.0,1,1551006794227,15877196,331
2019-02-24 12:56:34.928,1.5,sell,4108.82,BTC-28JUN19-8000-C,62.98,0.006999999999999999,1.5,2,1551012994928,15880911,332
2019-02-24 14:49:58.057,5.0,buy,3816.92,BTC-28JUN19-8000-C,69.98,0.0075,5.0,0,1551019798057,15925486,333
2019-02-25 01:30:08.621,0.5,buy,3768.28,BTC-28JUN19-8000-C,68.28,0.006,0.5,2,1551058208621,15970180,334
2019-02-25 08:56:41.799,1.0,sell,3772.73,BTC-28JUN19-8000-C,66.12,0.005,1.0,2,1551085001799,15980898,335
2019-02-25 10:48:21.948,0.5,buy,3782.22,BTC-28JUN19-8000-C,67.03,0.0055,0.5,0,1551091701948,15985079,336
2019-02-25 11:00:28.419,2.0,buy,3781.58,BTC-28JUN19-8000-C,67.08,0.0055,2.0,1,1551092428419,15985456,337
2019-02-25 17:54:48.635,4.0,buy,3814.07,BTC-28JUN19-8000-C,68.57,0.0065,4.0,0,1551117288635,16001555,338
2019-02-26 07:18:57.797,0.1,sell,3778.3,BTC-28JUN19-8000-C,67.34,0.0055,0.1,2,1551165537797,16022772,339
2019-02-26 07:18:57.922,0.5,buy,3778.3,BTC-28JUN19-8000-C,67.34,0.0055,0.5,3,1551165537922,16022773,340
2019-02-26 07:19:13.193,0.5,sell,3778.3,BTC-28JUN19-8000-C,67.34,0.0055,0.5,3,1551165553193,16022787,341
2019-02-26 07:19:16.723,0.5,sell,3778.3,BTC-28JUN19-8000-C,67.34,0.0055,0.5,3,1551165556723,16022793,342
2019-02-26 07:19:23.106,0.5,sell,3777.46,BTC-28JUN19-8000-C,67.36,0.0055,0.5,3,1551165563106,16022794,343
2019-02-26 07:50:43.142,0.5,sell,3783.55,BTC-28JUN19-8000-C,67.26,0.0055,0.5,3,1551167443142,16023492,344
2019-02-26 07:50:46.243,0.5,sell,3784.05,BTC-28JUN19-8000-C,67.25,0.0055,0.5,3,1551167446243,16023493,345
2019-02-26 07:50:47.280,0.5,buy,3784.05,BTC-28JUN19-8000-C,67.25,0.0055,0.5,3,1551167447280,16023494,346
2019-02-26 07:51:03.637,0.5,sell,3783.91,BTC-28JUN19-8000-C,67.26,0.0055,0.5,3,1551167463637,16023497,347
2019-02-26 07:51:06.810,0.5,sell,3783.94,BTC-28JUN19-8000-C,67.26,0.0055,0.5,3,1551167466810,16023498,348
2019-02-26 07:51:07.009,0.5,buy,3783.94,BTC-28JUN19-8000-C,67.26,0.0055,0.5,3,1551167467009,16023499,349
2019-02-26 10:15:22.119,5.0,buy,3797.54,BTC-28JUN19-8000-C,68.03,0.006,5.0,0,1551176122119,16026809,350
2019-02-26 13:37:32.747,3.0,buy,3786.75,BTC-28JUN19-8000-C,67.33,0.0055,3.0,2,1551188252747,16031150,351
2019-02-26 16:52:37.727,1.0,sell,3795.08,BTC-28JUN19-8000-C,67.29,0.0055,1.0,3,1551199957727,16036559,352
2019-02-27 08:43:53.380,2.0,sell,3814.39,BTC-28JUN19-8000-C,67.04,0.0055,2.0,3,1551257033380,16051774,353
2019-02-27 19:32:21.108,2.0,sell,3799.23,BTC-28JUN19-8000-C,66.4,0.005,2.0,2,1551295941108,16064502,354
2019-02-27 21:41:59.446,2.0,sell,3739.91,BTC-28JUN19-8000-C,65.13,0.004,2.0,2,1551303719446,16079836,355
2019-02-28 15:31:37.436,5.0,sell,3800.67,BTC-28JUN19-8000-C,66.49,0.005,5.0,0,1551367897436,16107538,356
2019-03-01 18:18:15.357,5.0,buy,3830.97,BTC-28JUN19-8000-C,66.17,0.005,5.0,1,1551464295357,16154836,357
2019-03-01 19:32:00.235,5.0,buy,3831.9,BTC-28JUN19-8000-C,66.2,0.005,5.0,1,1551468720235,16155512,359
2019-03-01 19:32:00.235,5.0,buy,3831.9,BTC-28JUN19-8000-C,66.2,0.005,5.0,1,1551468720235,16155511,358
2019-03-01 19:41:03.695,4.0,buy,3831.39,BTC-28JUN19-8000-C,66.21,0.005,4.0,1,1551469263695,16155543,360
2019-03-01 19:41:17.291,11.0,buy,3831.39,BTC-28JUN19-8000-C,66.21,0.005,11.0,1,1551469277291,16155544,361
2019-03-01 19:43:42.284,15.0,buy,3831.21,BTC-28JUN19-8000-C,66.21,0.005,15.0,1,1551469422284,16155565,362
2019-03-01 23:01:13.767,10.0,sell,3810.79,BTC-28JUN19-8000-C,65.51,0.0045,10.0,2,1551481273767,16159788,363
2019-03-04 10:34:16.608,5.0,sell,3686.61,BTC-28JUN19-8000-C,66.02,0.0035,5.0,2,1551695656608,16228700,364
2019-03-05 13:21:34.887,10.0,buy,3765.12,BTC-28JUN19-8000-C,67.3,0.0045,10.0,0,1551792094887,16261692,365
2019-03-05 13:58:33.902,5.0,buy,3834.95,BTC-28JUN19-8000-C,67.14,0.005,5.0,0,1551794313902,16272187,366
2019-03-05 17:08:45.234,12.0,buy,3832.69,BTC-28JUN19-8000-C,68.18,0.0055,12.0,0,1551805725234,16291042,367
2019-03-05 17:08:45.234,4.5,buy,3832.69,BTC-28JUN19-8000-C,68.18,0.0055,4.5,1,1551805725234,16291043,368
2019-03-05 17:08:45.234,8.5,buy,3832.69,BTC-28JUN19-8000-C,68.18,0.0055,8.5,1,1551805725234,16291044,369
2019-03-05 17:09:57.606,15.0,sell,3826.3,BTC-28JUN19-8000-C,67.23,0.005,15.0,2,1551805797606,16291155,370
2019-03-06 02:31:59.044,10.0,sell,3827.55,BTC-28JUN19-8000-C,67.29,0.005,10.0,3,1551839519044,16302401,371
2019-03-06 12:09:26.112,10.0,sell,3853.48,BTC-28JUN19-8000-C,66.85,0.005,10.0,3,1551874166112,16318564,372
2019-03-06 12:14:29.066,5.0,sell,3851.51,BTC-28JUN19-8000-C,66.88,0.005,5.0,3,1551874469066,16318682,373
2019-03-08 13:52:54.201,4.0,buy,3879.53,BTC-28JUN19-8000-C,64.82,0.004,4.0,2,1552053174201,16385054,374
2019-03-08 15:53:54.930,5.0,sell,3886.22,BTC-28JUN19-8000-C,64.74,0.004,5.0,3,1552060434930,16388780,375
2019-03-08 19:46:00.190,12.0,sell,3890.62,BTC-28JUN19-8000-C,64.59,0.004,12.0,3,1552074360190,16391679,377
2019-03-08 19:46:00.190,1.0,sell,3890.62,BTC-28JUN19-8000-C,64.59,0.004,1.0,3,1552074360190,16391678,376
2019-03-09 17:12:53.707,4.0,sell,3893.94,BTC-28JUN19-8000-C,63.7,0.0035,4.0,2,1552151573707,16442532,378
2019-03-14 02:07:55.926,0.5,buy,3857.82,BTC-28JUN19-8000-C,67.09,0.004,0.5,0,1552529275926,16548524,379
2019-03-18 10:33:15.194,10.0,sell,3946.97,BTC-28JUN19-8000-C,65.26,0.0035,10.0,2,1552905195194,16686428,380
2019-03-18 18:50:35.426,6.6000000000000005,sell,3962.12,BTC-28JUN19-8000-C,63.62,0.003,6.6000000000000005,2,1552935035426,16692711,381
2019-03-18 19:00:37.558,3.4,sell,3961.73,BTC-28JUN19-8000-C,63.63,0.003,3.4,3,1552935637558,16692738,382
2019-03-19 10:38:38.030,10.0,sell,3975.17,BTC-28JUN19-8000-C,65.01,0.0035,10.0,0,1552991918030,16703354,383
2019-03-20 08:50:20.194,50.0,sell,3989.4,BTC-28JUN19-8000-C,63.62,0.003,50.0,2,1553071820194,16727076,384
2019-03-20 08:50:28.156,50.0,buy,3989.38,BTC-28JUN19-8000-C,65.1,0.0035,50.0,0,1553071828156,16727077,385
2019-03-21 03:37:04.193,0.5,sell,4030.15,BTC-28JUN19-8000-C,63.26,0.003,0.5,2,1553139424193,16748162,386
2019-03-21 12:15:36.927,10.0,buy,4037.38,BTC-28JUN19-8000-C,66.06,0.004,10.0,0,1553170536927,16751789,387
2019-03-21 16:09:54.085,3.4,buy,3964.07,BTC-28JUN19-8000-C,67.66,0.004,3.4,1,1553184594085,16768223,388
2019-03-22 07:29:05.980,10.0,sell,3965.06,BTC-28JUN19-8000-C,66.43,0.0035,10.0,2,1553239745980,16775079,389
2019-03-22 07:30:37.966,10.0,buy,3965.7,BTC-28JUN19-8000-C,67.8,0.004,10.0,0,1553239837966,16775103,390
2019-03-22 12:01:36.186,7.7,buy,3982.16,BTC-28JUN19-8000-C,67.55,0.004,7.7,1,1553256096186,16777313,391
2019-03-22 12:01:36.186,37.8,buy,3982.16,BTC-28JUN19-8000-C,67.55,0.004,37.8,1,1553256096186,16777314,392
2019-03-23 13:24:41.107,6.0,sell,3963.26,BTC-28JUN19-8000-C,66.68,0.0035,6.0,2,1553347481107,16793299,393
2019-03-25 18:54:00.559,0.2,sell,3908.04,BTC-28JUN19-8000-C,65.36,0.0025,0.2,2,1553540040559,16819353,394
2019-03-27 00:50:59.997,0.3,buy,3924.61,BTC-28JUN19-8000-C,68.92,0.0035,0.3,0,1553647859997,16843977,395
2019-03-27 08:25:31.146,5.0,sell,3983.55,BTC-28JUN19-8000-C,62.65,0.002,5.0,2,1553675131146,16855028,396
2019-03-28 00:01:19.489,0.1,buy,4022.43,BTC-28JUN19-8000-C,67.32,0.0035,0.1,0,1553731279489,16879019,397
2019-03-28 17:38:24.930,2.8000000000000003,sell,4008.76,BTC-28JUN19-8000-C,66.28,0.003,2.8000000000000003,2,1553794704930,16927406,398
2019-03-29 04:14:30.123,0.1,buy,4031.82,BTC-28JUN19-8000-C,67.54,0.0035,0.1,0,1553832870123,16933272,399
2019-03-29 08:06:24.049,5.3,buy,4026.37,BTC-28JUN19-8000-C,67.95,0.0035,5.3,1,1553846784049,16941101,400
2019-03-29 08:06:24.052,15.0,sell,4026.37,BTC-28JUN19-8000-C,81.35,0.01,15.0,0,1553846784052,16941102,401
2019-03-29 08:06:24.055,4.7,sell,4026.37,BTC-28JUN19-8000-C,81.35,0.01,4.7,1,1553846784055,16941103,402
2019-03-29 14:05:51.944,1.0,buy,4079.19,BTC-28JUN19-8000-C,68.0,0.004,1.0,2,1553868351944,16958542,403
2019-04-01 09:16:52.465,3.0,buy,4123.39,BTC-28JUN19-8000-C,68.35,0.004,3.0,3,1554110212465,17003017,404
2019-04-02 04:40:55.850,10.0,buy,4476.5,BTC-28JUN19-8000-C,63.07,0.0045,10.0,0,1554180055850,17030861,405
2019-04-02 04:53:56.780,0.2,buy,4754.98,BTC-28JUN19-8000-C,57.49,0.0045,0.2,1,1554180836780,17039306,406
2019-04-02 04:53:57.002,3.9,buy,4754.98,BTC-28JUN19-8000-C,57.49,0.0045,3.9,1,1554180837002,17039323,407
2019-04-02 04:56:17.743,6.9,buy,4766.68,BTC-28JUN19-8000-C,57.35,0.0045,6.9,1,1554180977743,17042151,408
2019-04-02 04:56:20.596,4.0,buy,4767.96,BTC-28JUN19-8000-C,57.21,0.0045,4.0,1,1554180980596,17042201,409
2019-04-02 05:26:04.546,10.0,buy,4980.89,BTC-28JUN19-8000-C,57.13,0.0065,10.0,0,1554182764546,17063675,410
2019-04-02 05:48:23.828,0.2,buy,4856.76,BTC-28JUN19-8000-C,59.4,0.0065,0.2,1,1554184103828,17072402,411
2019-04-02 08:25:21.778,0.5,buy,4714.68,BTC-28JUN19-8000-C,68.5,0.0105,0.5,0,1554193521778,17094521,412
2019-04-02 09:52:07.744,1.0,buy,4785.69,BTC-28JUN19-8000-C,67.79,0.011,1.0,0,1554198727744,17101735,413
2019-04-02 09:58:18.174,2.0,buy,4799.8,BTC-28JUN19-8000-C,67.51,0.011,2.0,1,1554199098174,17102303,414
2019-04-03 00:44:57.804,1.0,buy,4955.04,BTC-28JUN19-8000-C,64.26,0.0105,1.0,2,1554252297804,17161215,415
2019-04-03 00:49:40.444,3.5,buy,4952.5,BTC-28JUN19-8000-C,64.92,0.011,3.5,0,1554252580444,17161772,416
2019-04-03 01:52:00.993,3.5,buy,4974.29,BTC-28JUN19-8000-C,64.48,0.011,3.5,1,1554256320993,17166155,417
2019-04-03 01:52:00.993,14.5,buy,4974.29,BTC-28JUN19-8000-C,64.48,0.011,14.5,1,1554256320993,17166156,418
2019-04-03 01:52:41.652,5.5,buy,4978.9,BTC-28JUN19-8000-C,64.38,0.011,5.5,1,1554256361652,17166177,419
2019-04-03 02:29:44.839,10.0,sell,5022.73,BTC-28JUN19-8000-C,67.09,0.014,10.0,0,1554258584839,17170172,420
2019-04-03 13:20:46.001,0.1,buy,5019.73,BTC-28JUN19-8000-C,67.85,0.0145,0.1,0,1554297646001,17200660,421
2019-04-03 16:19:43.393,1.0,buy,5107.82,BTC-28JUN19-8000-C,67.61,0.016,1.0,0,1554308383393,17210904,422
2019-04-03 20:45:56.937,1.0,sell,5242.17,BTC-28JUN19-8000-C,67.07,0.018000000000000002,1.0,0,1554324356937,17236987,423
2019-04-03 21:44:23.853,1.0,buy,5296.85,BTC-28JUN19-8000-C,70.82,0.023,1.0,0,1554327863853,17242332,424
2019-04-04 01:31:12.588,1.0,sell,5045.1,BTC-28JUN19-8000-C,74.42,0.021,1.0,2,1554341472588,17283621,425
2019-04-04 01:31:59.832,3.5,sell,5046.59,BTC-28JUN19-8000-C,73.47,0.02,3.5,2,1554341519832,17283634,426
2019-04-04 11:11:31.386,10.0,sell,4948.34,BTC-28JUN19-8000-C,74.55,0.019,10.0,2,1554376291386,17302726,427
2019-04-05 09:58:28.341,0.1,sell,4951.88,BTC-28JUN19-8000-C,71.53,0.016,0.1,2,1554458308341,17357326,428
2019-04-05 12:37:41.712,0.4,buy,5019.36,BTC-28JUN19-8000-C,72.95,0.0185,0.4,0,1554467861712,17362462,429
2019-04-05 19:05:57.970,1.0,buy,5026.34,BTC-28JUN19-8000-C,74.13,0.0195,1.0,0,1554491157970,17379692,430
2019-04-06 14:59:47.101,1.0,buy,5047.29,BTC-28JUN19-8000-C,71.67,0.0175,1.0,2,1554562787101,17396130,431
2019-04-06 15:28:39.326,0.1,buy,5049.53,BTC-28JUN19-8000-C,72.07,0.018000000000000002,0.1,0,1554564519326,17399467,432
2019-04-06 15:57:18.095,11.0,buy,5095.38,BTC-28JUN19-8000-C,71.64,0.0185,11.0,0,1554566238095,17400994,433
2019-04-06 15:57:42.120,7.4,buy,5107.23,BTC-28JUN19-8000-C,71.27,0.0185,7.4,1,1554566262120,17401301,434
2019-04-06 16:42:40.556,2.6,sell,5211.07,BTC-28JUN19-8000-C,71.01,0.0205,2.6,0,1554568960556,17409276,435
2019-04-06 19:25:18.586,1.0,buy,5191.14,BTC-28JUN19-8000-C,70.79,0.02,1.0,2,1554578718586,17419832,436
2019-04-07 09:07:42.153,10.0,buy,5178.52,BTC-28JUN19-8000-C,73.69,0.0225,10.0,0,1554628062153,17462044,437
2019-04-07 09:08:52.982,8.0,buy,5170.74,BTC-28JUN19-8000-C,74.26,0.023,8.0,0,1554628132982,17462054,438
2019-04-07 21:06:59.017,6.9,sell,5160.55,BTC-28JUN19-8000-C,71.19,0.019,6.9,2,1554671219017,17481497,439
2019-04-08 00:23:15.791,0.1,sell,5206.88,BTC-28JUN19-8000-C,70.24,0.019,0.1,3,1554682995791,17496514,440
2019-04-08 00:43:33.660,5.8,sell,5239.31,BTC-28JUN19-8000-C,71.45,0.021,5.8,0,1554684213660,17498369,441
2019-04-08 01:30:33.080,0.1,sell,5274.59,BTC-28JUN19-8000-C,69.51,0.02,0.1,2,1554687033080,17503528,442
2019-04-08 01:31:26.814,0.1,sell,5276.62,BTC-28JUN19-8000-C,69.48,0.02,0.1,3,1554687086814,17503576,443
2019-04-08 02:05:41.834,0.1,sell,5300.34,BTC-28JUN19-8000-C,69.32,0.0205,0.1,0,1554689141834,17504678,444
2019-04-08 05:55:36.420,73.10000000000002,buy,5274.91,BTC-28JUN19-8000-C,72.24,0.023,73.10000000000002,0,1554702936420,17514631,445
2019-04-08 05:58:36.612,400.0,buy,5288.52,BTC-28JUN19-8000-C,71.52,0.0225,400.0,2,1554703116612,17514681,446
2019-04-08 06:51:41.745,25.0,sell,5271.74,BTC-28JUN19-8000-C,70.45,0.021,25.0,2,1554706301745,17516147,447
2019-04-08 09:23:16.348,1.0,buy,5229.9,BTC-28JUN19-8000-C,72.68,0.022000000000000002,1.0,0,1554715396348,17522638,448
2019-04-08 15:10:11.798,1.0,sell,5233.62,BTC-28JUN19-8000-C,69.29,0.0185,1.0,2,1554736211798,17534163,449
2019-04-08 15:56:55.247,1.0,buy,5236.85,BTC-28JUN19-8000-C,73.08,0.0225,1.0,0,1554739015247,17535107,450
2019-04-08 20:01:09.155,8.0,buy,5195.67,BTC-28JUN19-8000-C,72.74,0.021,8.0,2,1554753669155,17540678,451
2019-04-08 22:02:21.695,0.1,sell,5285.19,BTC-28JUN19-8000-C,71.8,0.022000000000000002,0.1,1,1554760941695,17545027,453
2019-04-08 22:02:21.695,0.3,sell,5285.19,BTC-28JUN19-8000-C,71.8,0.022000000000000002,0.3,0,1554760941695,17545026,452
2019-04-09 00:01:03.489,0.2,sell,5280.85,BTC-28JUN19-8000-C,70.0,0.02,0.2,2,1554768063489,17549785,454
2019-04-09 14:53:07.503,0.1,sell,5205.46,BTC-28JUN19-8000-C,71.62,0.0195,0.1,2,1554821587503,17576826,455
2019-04-10 19:27:47.674,12.0,sell,5407.74,BTC-28JUN19-8000-C,68.77,0.0205,12.0,0,1554924467674,17624709,456
2019-04-10 20:43:12.305,20.0,sell,5274.4,BTC-28JUN19-8000-C,70.92,0.02,20.0,2,1554928992305,17637148,457
2019-04-10 20:43:36.046,20.0,sell,5266.36,BTC-28JUN19-8000-C,71.16,0.02,20.0,3,1554929016046,17637410,458
2019-04-10 20:48:19.961,10.2,sell,5286.3,BTC-28JUN19-8000-C,70.93,0.02,10.2,3,1554929299961,17639054,459
2019-04-10 20:49:13.272,10.0,sell,5288.05,BTC-28JUN19-8000-C,70.9,0.02,10.0,3,1554929353272,17639325,460
2019-04-11 00:55:54.861,0.2,sell,5303.3,BTC-28JUN19-8000-C,70.56,0.02,0.2,3,1554944154861,17654692,461
2019-04-11 03:32:13.346,39.6,sell,5259.22,BTC-28JUN19-8000-C,71.83,0.02,39.6,3,1554953533346,17660138,462
2019-04-11 03:32:13.346,40.4,sell,5259.22,BTC-28JUN19-8000-C,71.83,0.02,40.4,3,1554953533346,17660139,463
2019-04-11 03:37:26.245,50.0,sell,5231.3,BTC-28JUN19-8000-C,72.59,0.02,50.0,3,1554953846245,17662091,464
2019-04-11 03:46:56.853,1.0,sell,5212.64,BTC-28JUN19-8000-C,73.03,0.02,1.0,3,1554954416853,17665507,465
2019-04-11 03:46:57.722,8.6,sell,5211.49,BTC-28JUN19-8000-C,73.05,0.02,8.6,3,1554954417722,17665529,466
2019-04-12 05:42:51.709,2.0,sell,5007.5,BTC-28JUN19-8000-C,69.38,0.0125,2.0,3,1555047771709,17738249,468
2019-04-12 05:42:51.709,1.0,sell,5007.5,BTC-28JUN19-8000-C,69.38,0.0125,1.0,2,1555047771709,17738248,467
2019-04-12 17:17:10.954,0.1,buy,5079.5,BTC-28JUN19-8000-C,68.91,0.013,0.1,0,1555089430954,17752568,469
2019-04-12 20:03:42.312,4.9,sell,5049.63,BTC-28JUN19-8000-C,69.7,0.013,4.9,1,1555099422312,17758885,470
2019-04-13 15:14:26.291,1.0,buy,5106.39,BTC-28JUN19-8000-C,68.72,0.0125,1.0,2,1555168466291,17779846,471
2019-04-14 07:26:15.673,10.0,sell,5041.04,BTC-28JUN19-8000-C,68.21,0.011,10.0,2,1555226775673,17792901,472
2019-04-14 07:30:40.761,90.0,sell,5040.23,BTC-28JUN19-8000-C,68.21,0.011,90.0,3,1555227040761,17792907,473
2019-04-14 13:01:52.211,0.1,buy,5070.71,BTC-28JUN19-8000-C,68.37,0.0115,0.1,0,1555246912211,17795906,474
2019-04-14 13:02:10.690,0.1,buy,5070.71,BTC-28JUN19-8000-C,68.37,0.0115,0.1,1,1555246930690,17795907,475
2019-04-14 13:02:15.878,0.1,buy,5070.67,BTC-28JUN19-8000-C,69.03,0.012,0.1,0,1555246935878,17795909,476
2019-04-14 21:20:10.847,0.1,buy,5102.93,BTC-28JUN19-8000-C,68.55,0.012,0.1,1,1555276810847,17801791,477
2019-04-14 22:09:15.993,0.1,buy,5141.65,BTC-28JUN19-8000-C,66.95,0.0115,0.1,2,1555279755993,17803005,478
2019-04-15 01:26:40.831,6.5,sell,5178.68,BTC-28JUN19-8000-C,68.16,0.013,6.5,0,1555291600831,17811381,479
2019-04-15 10:43:08.350,1.8,sell,5149.62,BTC-28JUN19-8000-C,65.68,0.0105,1.8,2,1555324988350,17816899,480
2019-04-15 20:08:23.822,0.3,sell,4977.05,BTC-28JUN19-8000-C,68.48,0.01,0.3,2,1555358903822,17840385,481
2019-04-16 06:55:42.363,0.1,buy,5065.52,BTC-28JUN19-8000-C,68.97,0.0115,0.1,0,1555397742363,17853900,482
2019-04-16 17:51:53.654,12.0,buy,5205.29,BTC-28JUN19-8000-C,65.97,0.0115,12.0,1,1555437113654,17873975,483
2019-04-16 17:54:02.129,12.0,buy,5217.27,BTC-28JUN19-8000-C,66.34,0.012,12.0,0,1555437242129,17874275,484
2019-04-17 09:55:43.340,5.0,buy,5209.75,BTC-28JUN19-8000-C,65.98,0.0115,5.0,2,1555494943340,17895012,485
2019-04-17 10:04:43.400,7.8,buy,5205.4,BTC-28JUN19-8000-C,66.04,0.0115,7.8,3,1555495483400,17895082,486
2019-04-17 10:04:43.408,4.2,buy,5205.4,BTC-28JUN19-8000-C,66.04,0.0115,4.2,3,1555495483408,17895083,487
2019-04-17 10:04:43.408,10.0,buy,5205.4,BTC-28JUN19-8000-C,66.71,0.012,10.0,0,1555495483408,17895084,488
2019-04-17 10:04:43.408,2.3000000000000003,buy,5205.4,BTC-28JUN19-8000-C,66.71,0.012,2.3000000000000003,1,1555495483408,17895086,490
2019-04-17 10:04:43.408,0.1,buy,5205.4,BTC-28JUN19-8000-C,66.71,0.012,0.1,1,1555495483408,17895085,489
2019-04-17 10:04:43.410,2.1,buy,5205.4,BTC-28JUN19-8000-C,66.71,0.012,2.1,1,1555495483410,17895087,491
2019-04-17 10:04:43.410,3.7,buy,5205.4,BTC-28JUN19-8000-C,67.36,0.0125,3.7,0,1555495483410,17895088,492
2019-04-17 10:04:43.413,3.2,buy,5205.4,BTC-28JUN19-8000-C,67.36,0.0125,3.2,1,1555495483413,17895089,493
2019-04-17 10:04:43.414,4.3,buy,5205.4,BTC-28JUN19-8000-C,67.36,0.0125,4.3,1,1555495483414,17895090,494
2019-04-17 10:04:43.415,5.7,buy,5205.4,BTC-28JUN19-8000-C,67.36,0.0125,5.7,1,1555495483415,17895091,495
2019-04-17 10:04:43.416,4.7,buy,5205.4,BTC-28JUN19-8000-C,67.36,0.0125,4.7,1,1555495483416,17895092,496
2019-04-17 10:04:43.417,4.2,buy,5205.4,BTC-28JUN19-8000-C,67.36,0.0125,4.2,1,1555495483417,17895093,497
2019-04-17 10:04:43.418,10.9,buy,5205.4,BTC-28JUN19-8000-C,67.36,0.0125,10.9,1,1555495483418,17895094,498
2019-04-17 10:04:43.419,4.8,buy,5205.4,BTC-28JUN19-8000-C,67.36,0.0125,4.8,1,1555495483419,17895095,499
2019-04-17 10:04:43.420,4.0,buy,5205.4,BTC-28JUN19-8000-C,67.36,0.0125,4.0,1,1555495483420,17895096,500
2019-04-17 10:04:43.421,6.9,buy,5205.4,BTC-28JUN19-8000-C,67.36,0.0125,6.9,1,1555495483421,17895097,501
2019-04-17 10:04:43.910,0.1,buy,5205.23,BTC-28JUN19-8000-C,66.71,0.012,0.1,2,1555495483910,17895098,502
2019-04-17 10:04:43.910,1.1,buy,5205.23,BTC-28JUN19-8000-C,67.36,0.0125,1.1,0,1555495483910,17895099,503
2019-04-17 10:04:43.911,11.6,buy,5205.23,BTC-28JUN19-8000-C,67.36,0.0125,11.6,1,1555495483911,17895100,504
2019-04-17 10:04:43.913,9.1,buy,5205.23,BTC-28JUN19-8000-C,67.36,0.0125,9.1,1,1555495483913,17895101,505
2019-04-17 10:05:09.813,2.8000000000000003,buy,5204.95,BTC-28JUN19-8000-C,66.71,0.012,2.8000000000000003,2,1555495509813,17895120,506
2019-04-17 10:05:09.820,3.9,buy,5204.95,BTC-28JUN19-8000-C,66.71,0.012,3.9,3,1555495509820,17895121,507
2019-04-17 10:05:09.822,2.9,buy,5204.95,BTC-28JUN19-8000-C,66.71,0.012,2.9,3,1555495509822,17895122,508
2019-04-17 10:05:09.823,2.0,buy,5204.95,BTC-28JUN19-8000-C,66.71,0.012,2.0,3,1555495509823,17895123,509
2019-04-17 10:05:09.824,3.0,buy,5204.95,BTC-28JUN19-8000-C,67.36,0.0125,3.0,0,1555495509824,17895125,511
2019-04-17 10:05:09.824,0.4,buy,5204.95,BTC-28JUN19-8000-C,66.71,0.012,0.4,3,1555495509824,17895124,510
2019-04-17 10:05:09.827,5.8,buy,5204.95,BTC-28JUN19-8000-C,67.36,0.0125,5.8,1,1555495509827,17895126,512
2019-04-17 10:05:09.830,1.6,buy,5204.95,BTC-28JUN19-8000-C,67.36,0.0125,1.6,1,1555495509830,17895127,513
2019-04-17 10:05:09.832,4.5,buy,5204.95,BTC-28JUN19-8000-C,67.36,0.0125,4.5,1,1555495509832,17895128,514
2019-04-17 10:05:09.833,0.6,buy,5204.95,BTC-28JUN19-8000-C,67.36,0.0125,0.6,1,1555495509833,17895129,515
2019-04-17 10:05:09.834,2.2,buy,5204.95,BTC-28JUN19-8000-C,67.36,0.0125,2.2,1,1555495509834,17895130,516
2019-04-17 10:05:09.835,2.3000000000000003,buy,5204.95,BTC-28JUN19-8000-C,67.36,0.0125,2.3000000000000003,1,1555495509835,17895131,517
2019-04-17 10:05:09.836,5.8,buy,5204.95,BTC-28JUN19-8000-C,67.36,0.0125,5.8,1,1555495509836,17895132,518
2019-04-17 10:05:09.836,2.4,buy,5204.95,BTC-28JUN19-8000-C,67.36,0.0125,2.4,1,1555495509836,17895134,520
2019-04-17 10:05:09.836,0.1,buy,5204.95,BTC-28JUN19-8000-C,67.36,0.0125,0.1,1,1555495509836,17895133,519
2019-04-17 10:05:09.840,2.4,buy,5204.95,BTC-28JUN19-8000-C,67.36,0.0125,2.4,1,1555495509840,17895135,521
2019-04-17 10:05:09.841,2.1,buy,5204.95,BTC-28JUN19-8000-C,67.36,0.0125,2.1,1,1555495509841,17895136,522
2019-04-17 10:05:10.348,3.1,buy,5204.95,BTC-28JUN19-8000-C,67.36,0.0125,3.1,1,1555495510348,17895138,523
2019-04-17 10:05:10.359,2.3000000000000003,sell,5204.95,BTC-28JUN19-8000-C,67.36,0.0125,2.3000000000000003,1,1555495510359,17895139,524
2019-04-17 10:10:32.370,12.0,buy,5202.27,BTC-28JUN19-8000-C,67.45,0.0125,12.0,1,1555495832370,17895233,525
2019-04-17 10:10:32.370,8.0,buy,5202.27,BTC-28JUN19-8000-C,67.45,0.0125,8.0,1,1555495832370,17895234,526
2019-04-17 19:25:17.285,0.3,sell,5216.11,BTC-28JUN19-8000-C,66.07,0.0115,0.3,2,1555529117285,17906806,527
2019-04-17 19:53:09.769,3.0,sell,5223.35,BTC-28JUN19-8000-C,65.9,0.0115,3.0,3,1555530789769,17907032,528
2019-04-17 19:54:00.663,10.0,sell,5223.3,BTC-28JUN19-8000-C,65.21,0.011,10.0,2,1555530840663,17907033,529
2019-04-17 19:54:12.515,5.0,sell,5223.23,BTC-28JUN19-8000-C,63.8,0.01,5.0,2,1555530852515,17907034,530
2019-04-18 08:16:56.205,1.0,buy,5257.25,BTC-28JUN19-8000-C,66.83,0.0125,1.0,0,1555575416205,17919303,531
2019-04-18 14:52:03.073,12.0,sell,5247.13,BTC-28JUN19-8000-C,63.73,0.01,12.0,2,1555599123073,17924052,532
2019-04-18 14:52:03.073,10.0,sell,5247.13,BTC-28JUN19-8000-C,63.73,0.01,10.0,3,1555599123073,17924053,533
2019-04-18 17:48:57.712,5.7,buy,5282.92,BTC-28JUN19-8000-C,65.81,0.012,5.7,0,1555609737712,17929962,534
2019-04-18 21:34:48.767,2.0,buy,5309.89,BTC-28JUN19-8000-C,66.6,0.013,2.0,0,1555623288767,17936208,535
2019-04-19 10:27:55.262,5.8,sell,5253.87,BTC-28JUN19-8000-C,63.31,0.0095,5.8,2,1555669675262,17949360,536
2019-04-21 12:24:22.646,4.0,sell,5244.13,BTC-28JUN19-8000-C,65.4,0.01,4.0,0,1555849462646,18012015,537
2019-04-22 21:34:28.968,3.0,buy,5380.36,BTC-28JUN19-8000-C,66.33,0.0125,3.0,0,1555968868968,18069736,538
2019-04-23 05:42:05.870,0.1,buy,5542.05,BTC-28JUN19-8000-C,66.07,0.015,0.1,0,1555998125870,18097518,539
2019-04-23 05:42:05.870,1.9,buy,5542.05,BTC-28JUN19-8000-C,66.07,0.015,1.9,1,1555998125870,18097519,540
2019-04-23 05:50:29.011,5.1000000000000005,sell,5553.07,BTC-28JUN19-8000-C,65.83,0.015,5.1000000000000005,1,1555998629011,18098023,541
2019-04-23 06:22:33.434,8.4,sell,5536.35,BTC-28JUN19-8000-C,66.21,0.015,8.4,1,1556000553434,18098846,542
2019-04-23 09:35:32.663,0.1,sell,5533.75,BTC-28JUN19-8000-C,65.06,0.013999999999999999,0.1,2,1556012132663,18104458,543
2019-04-23 09:41:43.638,0.2,sell,5524.93,BTC-28JUN19-8000-C,65.83,0.0145,0.2,0,1556012503638,18104680,544
2019-04-23 15:11:06.070,0.1,sell,5580.66,BTC-28JUN19-8000-C,64.79,0.0145,0.1,1,1556032266070,18112801,545
2019-04-23 15:11:06.070,4.9,sell,5580.66,BTC-28JUN19-8000-C,64.2,0.013999999999999999,4.9,2,1556032266070,18112802,546
2019-04-23 17:29:53.270,2.0,buy,5596.44,BTC-28JUN19-8000-C,65.14,0.015,2.0,0,1556040593270,18117579,547
2019-04-23 18:12:34.990,5.7,sell,5589.62,BTC-28JUN19-8000-C,64.73,0.0145,5.7,2,1556043154990,18120148,548
2019-04-23 18:12:34.990,0.1,sell,5589.62,BTC-28JUN19-8000-C,64.73,0.0145,0.1,3,1556043154990,18120149,549
2019-04-23 18:14:58.464,4.2,sell,5591.85,BTC-28JUN19-8000-C,64.03,0.013999999999999999,4.2,2,1556043298464,18120177,550
2019-04-23 21:32:15.793,4.0,buy,5584.74,BTC-28JUN19-8000-C,66.06,0.0155,4.0,0,1556055135793,18123905,551
2019-04-24 07:47:47.027,5.0,buy,5513.41,BTC-28JUN19-8000-C,67.57,0.015,5.0,2,1556092067027,18151833,552
2019-04-24 10:55:03.051,1.0,sell,5438.77,BTC-28JUN19-8000-C,67.06,0.013000000000000001,1.0,2,1556103303051,18170128,553
2019-04-24 18:10:00.822,8.1,sell,5419.61,BTC-28JUN19-8000-C,64.2,0.0105,8.1,2,1556129400822,18188122,554
2019-04-25 21:13:22.365,4.0,buy,5496.03,BTC-28JUN19-8000-C,66.0,0.0125,4.0,0,1556226802365,18231209,555
2019-04-25 21:34:09.026,5.0,sell,5468.69,BTC-28JUN19-8000-C,64.53,0.011000000000000001,5.0,2,1556228049026,18231899,556
2019-04-25 22:01:18.435,10.0,sell,5361.76,BTC-28JUN19-8000-C,67.03,0.011000000000000001,10.0,3,1556229678435,18239148,557
2019-04-25 22:01:18.788,10.5,sell,5360.94,BTC-28JUN19-8000-C,67.04,0.011000000000000001,10.5,3,1556229678788,18239157,558
2019-04-25 22:01:21.965,18.0,sell,5354.53,BTC-28JUN19-8000-C,67.25,0.011000000000000001,18.0,3,1556229681965,18239285,559
2019-04-26 08:40:18.170,1.0,sell,5187.7,BTC-28JUN19-8000-C,66.08,0.008,1.0,2,1556268018170,18320471,560
2019-04-26 09:22:53.838,0.6,buy,5181.19,BTC-28JUN19-8000-C,71.19,0.011000000000000001,0.6,0,1556270573838,18321268,561
2019-04-26 15:16:19.487,0.1,buy,5133.71,BTC-28JUN19-8000-C,70.3,0.0095,0.1,2,1556291779487,18332463,562
2019-04-26 22:28:38.951,100.0,buy,5156.3,BTC-28JUN19-8000-C,68.13,0.0085,100.0,2,1556317718951,18352392,563
2019-04-27 01:10:17.637,2.0,sell,5145.01,BTC-28JUN19-8000-C,67.58,0.008,2.0,2,1556327417637,18355158,564
2019-04-27 01:11:09.140,2.0,sell,5144.16,BTC-28JUN19-8000-C,67.55,0.008,2.0,3,1556327469140,18355162,565
2019-04-27 08:02:52.278,0.1,buy,5173.35,BTC-28JUN19-8000-C,69.24,0.009000000000000001,0.1,0,1556352172278,18360681,566
2019-04-27 08:03:18.387,0.1,buy,5173.35,BTC-28JUN19-8000-C,69.24,0.009000000000000001,0.1,1,1556352198387,18360682,567
2019-04-27 09:42:53.077,0.2,sell,5145.97,BTC-28JUN19-8000-C,67.94,0.008,0.2,2,1556358173077,18361980,568
2019-04-27 11:56:51.819,4.8,buy,5158.92,BTC-28JUN19-8000-C,69.43,0.009000000000000001,4.8,0,1556366211819,18363107,569
2019-04-27 11:56:51.819,5.2,buy,5158.92,BTC-28JUN19-8000-C,69.43,0.009000000000000001,5.2,1,1556366211819,18363108,570
2019-04-28 01:29:09.220,0.1,sell,5178.94,BTC-28JUN19-8000-C,67.7,0.008,0.1,2,1556414949220,18377468,571
2019-04-28 01:29:32.227,0.1,sell,5178.94,BTC-28JUN19-8000-C,67.69,0.008,0.1,3,1556414972227,18377471,572
2019-04-28 11:13:12.432,8.0,buy,5191.56,BTC-28JUN19-8000-C,69.38,0.009000000000000001,8.0,0,1556449992432,18383687,573
2019-04-30 01:15:48.520,0.1,buy,5157.02,BTC-28JUN19-8000-C,70.5,0.0085,0.1,2,1556586948520,18445725,574
2019-04-30 01:15:53.372,0.1,buy,5157.05,BTC-28JUN19-8000-C,70.5,0.0085,0.1,3,1556586953372,18445726,575
2019-05-02 14:09:27.294,1.0,buy,5366.75,BTC-28JUN19-8000-C,68.49,0.009000000000000001,1.0,0,1556806167294,18552302,576
2019-05-03 00:45:36.490,10.0,sell,5394.98,BTC-28JUN19-8000-C,67.42,0.0085,10.0,2,1556844336490,18579092,577
2019-05-03 06:34:31.684,1.0,buy,5556.3,BTC-28JUN19-8000-C,64.78,0.0095,1.0,0,1556865271684,18604755,578
2019-05-03 06:35:39.281,1.0,buy,5548.31,BTC-28JUN19-8000-C,65.02,0.0095,1.0,1,1556865339281,18605366,579
2019-05-03 07:59:49.973,0.1,sell,5584.36,BTC-28JUN19-8000-C,64.08,0.0095,0.1,1,1556870389973,18616791,580
2019-05-03 09:54:58.766,10.0,buy,5781.84,BTC-28JUN19-8000-C,64.3,0.013000000000000001,10.0,0,1556877298766,18653230,581
2019-05-03 09:55:29.668,1.0,sell,5780.41,BTC-28JUN19-8000-C,63.07,0.012,1.0,2,1556877329668,18653313,582
2019-05-03 11:47:31.187,10.0,sell,5720.41,BTC-28JUN19-8000-C,64.88,0.0125,10.0,0,1556884051187,18672205,583
2019-05-03 15:26:34.640,1.0,buy,5715.92,BTC-28JUN19-8000-C,67.61,0.0145,1.0,0,1556897194640,18689280,584
2019-05-04 06:29:20.215,1.0,sell,5709.63,BTC-28JUN19-8000-C,64.31,0.0115,1.0,2,1556951360215,18752680,585
2019-05-04 14:42:23.629,1.0,buy,5571.7,BTC-28JUN19-8000-C,67.02,0.011000000000000001,1.0,2,1556980943629,18783330,586
2019-05-04 22:15:55.869,1.0,sell,5803.23,BTC-28JUN19-8000-C,63.55,0.0125,1.0,0,1557008155869,18821358,587
2019-05-04 22:52:09.127,2.0,sell,5806.56,BTC-28JUN19-8000-C,63.74,0.0125,2.0,1,1557010329127,18827904,588
2019-05-04 23:04:48.899,1.0,sell,5817.05,BTC-28JUN19-8000-C,63.38,0.0125,1.0,1,1557011088899,18828875,589
2019-05-05 06:02:07.065,0.2,buy,5747.91,BTC-28JUN19-8000-C,68.43,0.015,0.2,0,1557036127065,18855182,590
2019-05-05 06:02:07.065,1.8,buy,5747.91,BTC-28JUN19-8000-C,69.05,0.0155,1.8,0,1557036127065,18855183,591
2019-05-05 06:02:19.949,10.0,buy,5748.23,BTC-28JUN19-8000-C,69.66,0.016,10.0,0,1557036139949,18855184,592
2019-05-05 06:03:34.085,16.0,sell,5751.48,BTC-28JUN19-8000-C,65.09,0.0125,16.0,2,1557036214085,18855224,593
2019-05-05 06:03:45.869,4.0,buy,5751.9,BTC-28JUN19-8000-C,68.91,0.0155,4.0,0,1557036225869,18855225,594
2019-05-06 16:39:42.261,0.1,buy,5699.94,BTC-28JUN19-8000-C,69.08,0.013999999999999999,0.1,2,1557160782261,18962682,595
2019-05-06 18:22:54.991,3.0,sell,5704.34,BTC-28JUN19-8000-C,67.69,0.013000000000000001,3.0,2,1557166974991,18968425,596
2019-05-07 02:28:36.831,0.1,buy,5819.52,BTC-28JUN19-8000-C,67.03,0.0145,0.1,0,1557196116831,18998064,597
2019-05-07 02:29:50.785,0.1,buy,5844.45,BTC-28JUN19-8000-C,66.9,0.015,0.1,0,1557196190785,18998924,598
2019-05-07 02:58:37.542,0.2,buy,5899.37,BTC-28JUN19-8000-C,66.67,0.016,0.2,1,1557197917542,19008739,600
2019-05-07 02:58:37.542,0.1,buy,5899.37,BTC-28JUN19-8000-C,66.67,0.016,0.1,0,1557197917542,19008738,599
2019-05-07 12:55:24.618,9.9,buy,5905.16,BTC-28JUN19-8000-C,69.24,0.018000000000000002,9.9,0,1557233724618,19040942,602
2019-05-07 12:55:24.618,0.1,buy,5905.16,BTC-28JUN19-8000-C,68.08,0.017,0.1,0,1557233724618,19040941,601
2019-05-07 13:56:56.783,0.3,buy,5927.83,BTC-28JUN19-8000-C,69.32,0.0185,0.3,0,1557237416783,19044998,603
2019-05-07 14:01:43.238,0.2,buy,5961.17,BTC-28JUN19-8000-C,68.91,0.019,0.2,0,1557237703238,19046114,604
2019-05-07 14:02:07.646,1.9,buy,5943.55,BTC-28JUN19-8000-C,69.39,0.019,1.9,1,1557237727646,19046354,605
2019-05-07 14:02:07.647,2.7,buy,5943.55,BTC-28JUN19-8000-C,69.39,0.019,2.7,1,1557237727647,19046355,606
2019-05-07 14:02:07.650,7.1000000000000005,buy,5943.55,BTC-28JUN19-8000-C,69.39,0.019,7.1000000000000005,1,1557237727650,19046356,607
2019-05-07 14:02:07.652,0.5,buy,5943.55,BTC-28JUN19-8000-C,69.39,0.019,0.5,1,1557237727652,19046357,608
2019-05-07 14:02:07.654,1.3,buy,5943.55,BTC-28JUN19-8000-C,69.39,0.019,1.3,1,1557237727654,19046358,609
2019-05-07 14:02:07.656,2.3000000000000003,buy,5943.55,BTC-28JUN19-8000-C,69.39,0.019,2.3000000000000003,1,1557237727656,19046359,610
2019-05-07 14:02:07.658,5.4,buy,5943.55,BTC-28JUN19-8000-C,69.39,0.019,5.4,1,1557237727658,19046360,611
2019-05-07 14:02:07.665,2.6,buy,5943.55,BTC-28JUN19-8000-C,69.39,0.019,2.6,1,1557237727665,19046361,612
2019-05-07 14:02:07.668,0.2,buy,5943.55,BTC-28JUN19-8000-C,69.39,0.019,0.2,1,1557237727668,19046362,613
2019-05-07 14:02:09.538,2.6,sell,5943.03,BTC-28JUN19-8000-C,70.49,0.02,2.6,1,1557237729538,19046379,616
2019-05-07 14:02:09.538,1.1,sell,5943.03,BTC-28JUN19-8000-C,70.49,0.02,1.1,1,1557237729538,19046381,618
2019-05-07 14:02:09.538,3.6,sell,5943.03,BTC-28JUN19-8000-C,70.49,0.02,3.6,1,1557237729538,19046378,615
2019-05-07 14:02:09.538,8.5,sell,5943.03,BTC-28JUN19-8000-C,70.49,0.02,8.5,1,1557237729538,19046380,617
2019-05-07 14:02:09.538,8.2,sell,5943.03,BTC-28JUN19-8000-C,70.49,0.02,8.2,0,1557237729538,19046377,614
2019-05-07 14:02:11.038,1.6,sell,5942.17,BTC-28JUN19-8000-C,70.52,0.02,1.6,1,1557237731038,19046384,620
2019-05-07 14:02:11.038,0.8,sell,5942.17,BTC-28JUN19-8000-C,70.52,0.02,0.8,1,1557237731038,19046383,619
2019-05-07 14:02:11.038,3.7,sell,5942.17,BTC-28JUN19-8000-C,70.52,0.02,3.7,1,1557237731038,19046385,621
2019-05-07 14:02:11.038,1.9,sell,5942.17,BTC-28JUN19-8000-C,70.52,0.02,1.9,1,1557237731038,19046386,622
2019-05-07 17:03:53.501,0.1,sell,5894.85,BTC-28JUN19-8000-C,67.61,0.016,0.1,2,1557248633501,19067985,623
2019-05-07 19:24:20.607,4.0,sell,5807.49,BTC-28JUN19-8000-C,67.16,0.013999999999999999,4.0,2,1557257060607,19076360,624
2019-05-08 03:35:33.393,5.4,sell,5777.38,BTC-28JUN19-8000-C,68.15,0.0135,5.4,2,1557286533393,19128348,625
2019-05-08 17:17:02.639,2.0,sell,5869.22,BTC-28JUN19-8000-C,68.42,0.015,2.0,0,1557335822639,19161439,626
2019-05-09 00:57:56.748,0.1,buy,6022.48,BTC-28JUN19-8000-C,67.12,0.017,0.1,0,1557363476748,19199748,627
2019-05-09 00:58:25.378,0.1,buy,6044.22,BTC-28JUN19-8000-C,67.12,0.0175,0.1,0,1557363505378,19200384,628
2019-05-09 01:11:45.305,0.1,buy,6091.11,BTC-28JUN19-8000-C,67.26,0.0185,0.1,0,1557364305305,19207578,629
2019-05-09 08:19:25.108,0.2,sell,6063.83,BTC-28JUN19-8000-C,67.72,0.018000000000000002,0.2,2,1557389965108,19227806,630
2019-05-09 08:41:56.434,2.0,buy,6059.69,BTC-28JUN19-8000-C,70.66,0.0205,2.0,1,1557391316434,19228669,633
2019-05-09 08:41:56.434,0.1,buy,6059.69,BTC-28JUN19-8000-C,70.66,0.0205,0.1,0,1557391316434,19228668,632
2019-05-09 08:41:56.434,0.1,buy,6059.69,BTC-28JUN19-8000-C,69.01,0.019,0.1,0,1557391316434,19228667,631
2019-05-09 08:41:56.434,2.8000000000000003,buy,6059.69,BTC-28JUN19-8000-C,70.66,0.0205,2.8000000000000003,1,1557391316434,19228670,634
2019-05-09 12:25:21.955,2.0,buy,5995.09,BTC-28JUN19-8000-C,68.62,0.017,2.0,2,1557404721955,19240602,635
2019-05-09 16:43:33.668,1.0,buy,6034.36,BTC-28JUN19-8000-C,70.05,0.019,1.0,0,1557420213668,19253735,636
2019-05-09 18:32:00.747,10.0,sell,6042.88,BTC-28JUN19-8000-C,66.93,0.0165,10.0,2,1557426720747,19258621,637
2019-05-09 18:32:00.747,10.0,sell,6042.88,BTC-28JUN19-8000-C,66.93,0.0165,10.0,3,1557426720747,19258622,638
2019-05-09 23:55:06.423,2.1,buy,6150.62,BTC-28JUN19-8000-C,69.7,0.021,2.1,1,1557446106423,19280964,640
2019-05-09 23:55:06.423,0.1,buy,6150.62,BTC-28JUN19-8000-C,69.7,0.021,0.1,0,1557446106423,19280963,639
2019-05-09 23:55:06.429,5.0,buy,6150.62,BTC-28JUN19-8000-C,69.7,0.021,5.0,1,1557446106429,19280965,641
2019-05-09 23:55:06.438,1.5,buy,6150.62,BTC-28JUN19-8000-C,69.7,0.021,1.5,1,1557446106438,19280966,642
2019-05-09 23:55:06.439,1.4,buy,6150.62,BTC-28JUN19-8000-C,69.7,0.021,1.4,1,1557446106439,19280967,643
2019-05-09 23:55:06.441,2.8000000000000003,sell,6150.62,BTC-28JUN19-8000-C,69.7,0.021,2.8000000000000003,1,1557446106441,19280968,644
2019-05-09 23:55:06.467,1.6,sell,6150.62,BTC-28JUN19-8000-C,69.7,0.021,1.6,1,1557446106467,19280970,646
2019-05-09 23:55:06.467,1.1,sell,6150.62,BTC-28JUN19-8000-C,69.7,0.021,1.1,1,1557446106467,19280972,648
2019-05-09 23:55:06.467,1.3,sell,6150.62,BTC-28JUN19-8000-C,69.7,0.021,1.3,1,1557446106467,19280971,647
2019-05-09 23:55:06.467,1.1,sell,6150.62,BTC-28JUN19-8000-C,69.7,0.021,1.1,1,1557446106467,19280969,645
2019-05-09 23:55:06.476,0.3,sell,6150.62,BTC-28JUN19-8000-C,69.7,0.021,0.3,1,1557446106476,19280973,649
2019-05-09 23:55:06.476,0.9,sell,6150.62,BTC-28JUN19-8000-C,69.7,0.021,0.9,1,1557446106476,19280974,650
2019-05-09 23:55:06.488,1.5,sell,6150.62,BTC-28JUN19-8000-C,69.7,0.021,1.5,1,1557446106488,19280977,653
2019-05-09 23:55:06.488,1.1,sell,6150.62,BTC-28JUN19-8000-C,69.7,0.021,1.1,1,1557446106488,19280976,652
2019-05-09 23:55:06.488,0.8,sell,6150.62,BTC-28JUN19-8000-C,69.7,0.021,0.8,1,1557446106488,19280978,654
2019-05-09 23:55:06.488,3.2,sell,6150.62,BTC-28JUN19-8000-C,69.7,0.021,3.2,1,1557446106488,19280975,651
2019-05-09 23:55:06.503,2.2,sell,6150.62,BTC-28JUN19-8000-C,69.7,0.021,2.2,1,1557446106503,19280979,655
2019-05-09 23:55:06.983,5.0,sell,6150.62,BTC-28JUN19-8000-C,69.7,0.021,5.0,1,1557446106983,19280980,656
2019-05-09 23:55:37.877,2.7,buy,6150.85,BTC-28JUN19-8000-C,70.24,0.0215,2.7,0,1557446137877,19281027,657
2019-05-09 23:55:37.888,5.2,buy,6150.85,BTC-28JUN19-8000-C,70.24,0.0215,5.2,1,1557446137888,19281028,658
2019-05-09 23:55:37.895,5.3,buy,6150.85,BTC-28JUN19-8000-C,70.24,0.0215,5.3,1,1557446137895,19281030,660
2019-05-09 23:55:37.895,11.4,buy,6150.85,BTC-28JUN19-8000-C,70.24,0.0215,11.4,1,1557446137895,19281029,659
2019-05-09 23:55:37.896,3.8,buy,6150.85,BTC-28JUN19-8000-C,70.24,0.0215,3.8,1,1557446137896,19281031,661
2019-05-09 23:55:37.900,0.1,buy,6150.85,BTC-28JUN19-8000-C,70.24,0.0215,0.1,1,1557446137900,19281033,663
2019-05-09 23:55:37.900,0.9,buy,6150.85,BTC-28JUN19-8000-C,70.24,0.0215,0.9,1,1557446137900,19281032,662
2019-05-09 23:55:37.902,5.5,buy,6150.85,BTC-28JUN19-8000-C,70.24,0.0215,5.5,1,1557446137902,19281034,664
2019-05-09 23:55:37.905,5.0,buy,6150.85,BTC-28JUN19-8000-C,70.24,0.0215,5.0,1,1557446137905,19281035,665
2019-05-09 23:55:37.906,7.4,buy,6150.85,BTC-28JUN19-8000-C,70.24,0.0215,7.4,1,1557446137906,19281036,666
2019-05-09 23:55:37.907,3.8,buy,6150.85,BTC-28JUN19-8000-C,70.24,0.0215,3.8,1,1557446137907,19281037,667
2019-05-09 23:55:37.913,16.7,buy,6150.85,BTC-28JUN19-8000-C,70.24,0.0215,16.7,1,1557446137913,19281038,668
2019-05-09 23:55:37.914,13.9,buy,6150.85,BTC-28JUN19-8000-C,70.24,0.0215,13.9,1,1557446137914,19281039,669
2019-05-09 23:55:37.919,3.8,buy,6150.85,BTC-28JUN19-8000-C,70.24,0.0215,3.8,1,1557446137919,19281040,670
2019-05-09 23:55:37.941,3.2,buy,6150.85,BTC-28JUN19-8000-C,70.24,0.0215,3.2,1,1557446137941,19281041,671
2019-05-09 23:55:38.650,7.4,sell,6150.85,BTC-28JUN19-8000-C,70.24,0.0215,7.4,1,1557446138650,19281042,672
2019-05-09 23:55:38.650,7.2,sell,6150.85,BTC-28JUN19-8000-C,70.24,0.0215,7.2,1,1557446138650,19281044,674
2019-05-09 23:55:38.650,0.2,sell,6150.85,BTC-28JUN19-8000-C,70.24,0.0215,0.2,1,1557446138650,19281045,675
2019-05-09 23:55:38.650,4.5,sell,6150.85,BTC-28JUN19-8000-C,70.24,0.0215,4.5,1,1557446138650,19281043,673
2019-05-09 23:55:56.923,2.9,sell,6149.13,BTC-28JUN19-8000-C,70.27,0.0215,2.9,1,1557446156923,19281076,676
2019-05-10 00:01:37.708,1.0,buy,6155.73,BTC-28JUN19-8000-C,70.64,0.022000000000000002,1.0,0,1557446497708,19281343,677
2019-05-10 00:01:43.654,1.0,buy,6155.48,BTC-28JUN19-8000-C,70.65,0.022000000000000002,1.0,1,1557446503654,19281353,678
2019-05-10 00:01:56.731,0.1,buy,6157.3,BTC-28JUN19-8000-C,71.14,0.0225,0.1,0,1557446516731,19281366,679
2019-05-10 00:01:56.731,0.9,buy,6157.3,BTC-28JUN19-8000-C,71.14,0.0225,0.9,1,1557446516731,19281367,680
2019-05-10 00:02:02.364,1.0,buy,6156.7,BTC-28JUN19-8000-C,71.16,0.0225,1.0,1,1557446522364,19281371,681
2019-05-10 00:02:09.473,1.0,buy,6156.9,BTC-28JUN19-8000-C,71.16,0.0225,1.0,1,1557446529473,19281378,682
2019-05-10 00:02:15.549,1.0,buy,6157.2,BTC-28JUN19-8000-C,71.14,0.0225,1.0,1,1557446535549,19281405,683
2019-05-10 00:02:24.036,1.0,buy,6157.95,BTC-28JUN19-8000-C,71.12,0.0225,1.0,1,1557446544036,19281407,684
2019-05-10 00:02:36.126,1.0,buy,6156.58,BTC-28JUN19-8000-C,71.13,0.0225,1.0,1,1557446556126,19281417,685
2019-05-10 00:02:41.381,1.0,buy,6156.88,BTC-28JUN19-8000-C,71.12,0.0225,1.0,1,1557446561381,19281418,686
2019-05-10 00:02:58.597,2.0,buy,6160.1,BTC-28JUN19-8000-C,71.05,0.0225,2.0,1,1557446578597,19281482,687
2019-05-10 00:03:53.240,0.5,buy,6159.45,BTC-28JUN19-8000-C,71.05,0.0225,0.5,1,1557446633240,19281546,688
2019-05-10 00:04:00.473,0.1,buy,6159.79,BTC-28JUN19-8000-C,71.04,0.0225,0.1,1,1557446640473,19281547,689
2019-05-10 00:04:05.187,0.1,buy,6159.78,BTC-28JUN19-8000-C,71.05,0.0225,0.1,1,1557446645187,19281551,690
2019-05-10 00:04:09.920,0.1,buy,6160.38,BTC-28JUN19-8000-C,71.04,0.0225,0.1,1,1557446649920,19281579,691
2019-05-10 01:59:16.581,0.1,buy,6170.55,BTC-28JUN19-8000-C,68.41,0.02,0.1,2,1557453556581,19288227,692
2019-05-10 02:35:59.306,5.0,buy,6215.18,BTC-28JUN19-8000-C,70.62,0.0235,5.0,1,1557455759306,19295870,694
2019-05-10 02:35:59.306,19.3,buy,6215.18,BTC-28JUN19-8000-C,70.62,0.0235,19.3,0,1557455759306,19295869,693
2019-05-10 02:35:59.306,5.7,buy,6215.18,BTC-28JUN19-8000-C,70.62,0.0235,5.7,1,1557455759306,19295871,695
2019-05-10 03:30:26.533,1.0,buy,6263.92,BTC-28JUN19-8000-C,69.92,0.024,1.0,0,1557459026533,19308454,696
2019-05-10 03:34:27.263,0.7000000000000001,buy,6279.78,BTC-28JUN19-8000-C,70.05,0.0245,0.7000000000000001,0,1557459267263,19308932,697
2019-05-10 03:37:56.115,0.1,buy,6285.96,BTC-28JUN19-8000-C,67.85,0.0225,0.1,2,1557459476115,19309231,698
2019-05-10 05:22:54.956,2.0,sell,6269.8,BTC-28JUN19-8000-C,68.19,0.022000000000000002,2.0,2,1557465774956,19323599,699
2019-05-10 07:14:23.147,0.2,buy,6288.14,BTC-28JUN19-8000-C,70.63,0.025,0.2,0,1557472463147,19331191,700
2019-05-10 07:14:23.147,9.6,buy,6288.14,BTC-28JUN19-8000-C,71.61,0.026000000000000002,9.6,0,1557472463147,19331193,702
2019-05-10 07:14:23.147,0.2,buy,6288.14,BTC-28JUN19-8000-C,70.63,0.025,0.2,1,1557472463147,19331192,701
2019-05-10 08:12:08.528,0.1,sell,6296.24,BTC-28JUN19-8000-C,68.15,0.0225,0.1,2,1557475928528,19337664,703
2019-05-10 10:34:04.982,0.2,sell,6294.0,BTC-28JUN19-8000-C,67.71,0.022000000000000002,0.2,2,1557484444982,19348875,704
2019-05-10 10:34:41.345,0.1,sell,6294.37,BTC-28JUN19-8000-C,67.7,0.022000000000000002,0.1,3,1557484481345,19348885,705
2019-05-10 15:05:14.718,3.8,sell,6241.83,BTC-28JUN19-8000-C,69.08,0.022000000000000002,3.8,3,1557500714718,19364391,711
2019-05-10 15:05:14.718,7.6,sell,6241.83,BTC-28JUN19-8000-C,69.08,0.022000000000000002,7.6,3,1557500714718,19364388,708
2019-05-10 15:05:14.718,5.0,sell,6241.83,BTC-28JUN19-8000-C,69.08,0.022000000000000002,5.0,3,1557500714718,19364386,706
2019-05-10 15:05:14.718,5.5,sell,6241.83,BTC-28JUN19-8000-C,69.08,0.022000000000000002,5.5,3,1557500714718,19364395,715
2019-05-10 15:05:14.718,3.6,sell,6241.83,BTC-28JUN19-8000-C,69.08,0.022000000000000002,3.6,3,1557500714718,19364396,716
2019-05-10 15:05:14.718,17.0,sell,6241.83,BTC-28JUN19-8000-C,69.08,0.022000000000000002,17.0,3,1557500714718,19364390,710
2019-05-10 15:05:14.718,5.3,sell,6241.83,BTC-28JUN19-8000-C,69.08,0.022000000000000002,5.3,3,1557500714718,19364389,709
2019-05-10 15:05:14.718,10.8,sell,6241.83,BTC-28JUN19-8000-C,69.08,0.022000000000000002,10.8,3,1557500714718,19364393,713
2019-05-10 15:05:14.718,2.7,sell,6241.83,BTC-28JUN19-8000-C,69.08,0.022000000000000002,2.7,3,1557500714718,19364392,712
2019-05-10 15:05:14.718,4.6000000000000005,sell,6241.83,BTC-28JUN19-8000-C,69.08,0.022000000000000002,4.6000000000000005,3,1557500714718,19364394,714
2019-05-10 15:05:14.718,14.1,sell,6241.83,BTC-28JUN19-8000-C,69.08,0.022000000000000002,14.1,3,1557500714718,19364387,707
2019-05-10 15:20:25.281,0.1,sell,6258.89,BTC-28JUN19-8000-C,68.52,0.022000000000000002,0.1,3,1557501625281,19364929,717
2019-05-10 15:21:15.230,0.9,sell,6260.05,BTC-28JUN19-8000-C,68.56,0.022000000000000002,0.9,3,1557501675230,19364951,718
2019-05-10 16:12:49.605,0.5,buy,6344.39,BTC-28JUN19-8000-C,68.73,0.0245,0.5,0,1557504769605,19370442,719
2019-05-10 16:18:00.593,0.1,buy,6339.35,BTC-28JUN19-8000-C,69.86,0.0255,0.1,0,1557505080593,19371646,720
2019-05-10 18:03:00.077,4.0,buy,6412.67,BTC-28JUN19-8000-C,69.59,0.027000000000000003,4.0,0,1557511380077,19387214,721
2019-05-10 19:04:43.628,0.1,buy,6390.86,BTC-28JUN19-8000-C,71.21,0.027999999999999997,0.1,0,1557515083628,19391651,722
2019-05-10 19:04:43.628,19.0,buy,6390.86,BTC-28JUN19-8000-C,71.21,0.027999999999999997,19.0,1,1557515083628,19391652,723
2019-05-10 19:08:13.112,0.2,buy,6385.15,BTC-28JUN19-8000-C,69.88,0.0265,0.2,2,1557515293112,19392037,724
2019-05-10 20:12:11.996,0.1,buy,6360.0,BTC-28JUN19-8000-C,70.56,0.0265,0.1,3,1557519131996,19396306,725
2019-05-10 20:37:31.000,0.5,sell,6338.25,BTC-28JUN19-8000-C,70.19,0.0255,0.5,2,1557520651000,19397591,726
2019-05-10 20:46:14.598,1.0,sell,6297.15,BTC-28JUN19-8000-C,70.8,0.025,1.0,2,1557521174598,19401650,727
2019-05-10 23:29:26.444,16.0,sell,6366.77,BTC-28JUN19-8000-C,68.04,0.024,16.0,3,1557530966444,19415005,729
2019-05-10 23:29:26.444,2.1,sell,6366.77,BTC-28JUN19-8000-C,67.04,0.023,2.1,2,1557530966444,19415006,730
2019-05-10 23:29:26.444,1.0,sell,6366.77,BTC-28JUN19-8000-C,68.04,0.024,1.0,2,1557530966444,19415004,728
2019-05-11 03:06:33.603,0.1,buy,6532.07,BTC-28JUN19-8000-C,68.66,0.03,0.1,0,1557543993603,19435155,731
2019-05-11 03:11:05.244,9.9,buy,6544.43,BTC-28JUN19-8000-C,68.4,0.03,9.9,1,1557544265244,19435850,732
2019-05-11 03:26:21.845,0.1,sell,6533.03,BTC-28JUN19-8000-C,67.93,0.029,0.1,2,1557545181845,19438031,733
2019-05-11 04:49:00.870,1.0,buy,6694.93,BTC-28JUN19-8000-C,67.7,0.034,1.0,0,1557550140870,19452193,734
2019-05-11 05:19:38.096,0.1,buy,6700.07,BTC-28JUN19-8000-C,66.08,0.0325,0.1,2,1557551978096,19465746,735
2019-05-11 05:19:38.877,6.0,buy,6700.07,BTC-28JUN19-8000-C,67.35,0.034,6.0,0,1557551978877,19465748,736
2019-05-11 06:08:06.819,8.4,buy,6788.34,BTC-28JUN19-8000-C,65.99,0.035,8.4,0,1557554886819,19478344,737
2019-05-11 06:08:07.558,13.6,buy,6788.34,BTC-28JUN19-8000-C,65.99,0.035,13.6,1,1557554887558,19478357,738
2019-05-11 06:11:34.724,0.5,buy,6833.17,BTC-28JUN19-8000-C,65.67,0.036000000000000004,0.5,1,1557555094724,19483057,740
2019-05-11 06:11:34.724,1.0,buy,6833.17,BTC-28JUN19-8000-C,65.67,0.036000000000000004,1.0,0,1557555094724,19483056,739
2019-05-11 06:24:09.145,0.1,buy,6916.43,BTC-28JUN19-8000-C,65.09,0.038,0.1,0,1557555849145,19493178,741
2019-05-11 07:48:19.459,0.3,sell,6802.26,BTC-28JUN19-8000-C,66.24,0.036000000000000004,0.3,2,1557560899459,19528012,742
2019-05-11 08:02:11.476,0.7000000000000001,buy,6811.1,BTC-28JUN19-8000-C,66.38,0.0365,0.7000000000000001,0,1557561731476,19530206,743
2019-05-11 09:19:28.708,1.1,buy,6739.99,BTC-28JUN19-8000-C,68.67,0.037000000000000005,1.1,0,1557566368708,19543111,744
2019-05-11 09:26:43.070,1.0,sell,6739.67,BTC-28JUN19-8000-C,67.43,0.0355,1.0,2,1557566803070,19543795,745
2019-05-11 10:02:39.267,0.4,buy,6814.3,BTC-28JUN19-8000-C,67.79,0.0385,0.4,0,1557568959267,19547111,746
2019-05-11 10:03:30.661,0.1,buy,6827.75,BTC-28JUN19-8000-C,67.36,0.0385,0.1,1,1557569010661,19547277,747
2019-05-11 10:46:21.488,1.0,buy,6805.57,BTC-28JUN19-8000-C,70.86,0.042,1.0,1,1557571581488,19553002,750
2019-05-11 10:46:21.488,1.0,buy,6805.57,BTC-28JUN19-8000-C,70.06,0.040999999999999995,1.0,0,1557571581488,19553000,748
2019-05-11 10:46:21.488,1.0,buy,6805.57,BTC-28JUN19-8000-C,70.86,0.042,1.0,0,1557571581488,19553001,749
2019-05-11 10:59:06.253,0.5,buy,6840.78,BTC-28JUN19-8000-C,76.12,0.05,0.5,0,1557572346253,19554058,751
2019-05-11 10:59:06.253,10.0,buy,6840.78,BTC-28JUN19-8000-C,76.12,0.05,10.0,1,1557572346253,19554059,752
2019-05-11 11:53:00.669,18.0,sell,6801.2,BTC-28JUN19-8000-C,79.98,0.0535,18.0,0,1557575580669,19558390,753
2019-05-11 15:46:26.188,1.0,buy,6874.23,BTC-28JUN19-8000-C,75.87,0.052000000000000005,1.0,2,1557589586188,19584006,754
2019-05-11 15:54:13.370,24.0,buy,6915.41,BTC-28JUN19-8000-C,78.74,0.057999999999999996,24.0,0,1557590053370,19586710,755
2019-05-11 18:46:19.888,0.3,buy,6992.79,BTC-28JUN19-8000-C,79.37,0.062,0.3,0,1557600379888,19627241,756
2019-05-11 18:46:31.234,0.2,buy,6992.65,BTC-28JUN19-8000-C,79.36,0.062,0.2,1,1557600391234,19627249,757
2019-05-11 21:13:20.065,2.0,sell,6946.43,BTC-28JUN19-8000-C,78.01,0.057999999999999996,2.0,2,1557609200065,19639164,758
2019-05-11 21:21:25.736,1.1,sell,6958.19,BTC-28JUN19-8000-C,77.6,0.057999999999999996,1.1,3,1557609685736,19639358,759
2019-05-11 22:03:24.447,0.5,buy,7122.21,BTC-28JUN19-8000-C,75.14,0.062,0.5,0,1557612204447,19649127,760
2019-05-11 22:05:40.780,1.5,buy,7209.07,BTC-28JUN19-8000-C,73.23,0.065,1.5,1,1557612340780,19652802,762
2019-05-11 22:05:40.780,0.2,buy,7209.07,BTC-28JUN19-8000-C,73.23,0.065,0.2,0,1557612340780,19652801,761
2019-05-11 22:23:41.731,0.5,buy,7217.0,BTC-28JUN19-8000-C,75.27,0.068,0.5,0,1557613421731,19664057,763
2019-05-11 22:30:03.865,0.5,buy,7213.62,BTC-28JUN19-8000-C,76.75,0.07,0.5,0,1557613803865,19669545,764
2019-05-11 22:35:39.598,10.0,buy,7332.39,BTC-28JUN19-8000-C,86.63,0.0905,10.0,0,1557614139598,19674830,765
2019-05-11 22:54:30.049,10.0,buy,7280.49,BTC-28JUN19-8000-C,87.83,0.0885,10.0,0,1557615270049,19688395,767
2019-05-11 22:54:30.049,1.0,buy,7280.49,BTC-28JUN19-8000-C,87.13,0.0875,1.0,2,1557615270049,19688394,766
2019-05-12 00:04:21.533,1.0,buy,7279.22,BTC-28JUN19-8000-C,88.04,0.0875,1.0,2,1557619461533,19733630,768
2019-05-12 00:04:21.533,1.0,buy,7279.22,BTC-28JUN19-8000-C,89.09,0.08900000000000001,1.0,0,1557619461533,19733631,769
2019-05-12 00:04:21.533,0.8,buy,7279.22,BTC-28JUN19-8000-C,91.2,0.092,0.8,0,1557619461533,19733632,770
2019-05-12 00:04:21.533,0.3,buy,7279.22,BTC-28JUN19-8000-C,91.9,0.09300000000000001,0.3,0,1557619461533,19733633,771
2019-05-12 00:38:17.928,5.7,buy,6969.44,BTC-28JUN19-8000-C,80.48,0.062,5.7,2,1557621497928,19754879,772
2019-05-12 00:38:18.103,0.5,buy,6969.44,BTC-28JUN19-8000-C,80.48,0.062,0.5,3,1557621498103,19754903,773
2019-05-12 07:05:30.017,0.5,sell,7410.77,BTC-28JUN19-8000-C,80.28,0.081,0.5,0,1557644730017,19828052,774
2019-05-12 07:13:45.216,0.1,buy,7507.97,BTC-28JUN19-8000-C,85.16,0.092,0.1,0,1557645225216,19832013,775
2019-05-12 07:13:45.216,0.9,buy,7507.97,BTC-28JUN19-8000-C,85.86,0.09300000000000001,0.9,0,1557645225216,19832014,776
2019-05-12 07:16:55.930,1.1,buy,7497.28,BTC-28JUN19-8000-C,85.94,0.09300000000000001,1.1,1,1557645415930,19833264,777
2019-05-12 08:12:24.089,2.0,sell,7408.64,BTC-28JUN19-8000-C,71.93,0.0685,2.0,2,1557648744089,19846753,778
2019-05-12 11:33:23.815,1.0,buy,7116.82,BTC-28JUN19-8000-C,82.89,0.0715,1.0,0,1557660803815,19937816,779
2019-05-12 12:20:29.557,10.0,sell,7038.35,BTC-28JUN19-8000-C,85.34,0.071,10.0,2,1557663629557,19961874,780
2019-05-12 12:20:40.985,0.1,sell,7033.64,BTC-28JUN19-8000-C,84.66,0.07,0.1,2,1557663640985,19962107,781
2019-05-12 13:14:13.761,1.0,buy,7213.81,BTC-28JUN19-8000-C,80.67,0.0725,1.0,0,1557666853761,19972371,782
2019-05-12 13:14:13.786,1.0,buy,7213.81,BTC-28JUN19-8000-C,81.03,0.073,1.0,0,1557666853786,19972373,783
2019-05-12 14:01:05.216,0.9,sell,7083.1,BTC-28JUN19-8000-C,83.17,0.07,0.9,2,1557669665216,19980578,784
2019-05-12 14:38:47.491,6.7,sell,7079.02,BTC-28JUN19-8000-C,81.77,0.068,6.7,2,1557671927491,19986862,785
2019-05-12 14:58:51.060,2.0,sell,6929.54,BTC-28JUN19-8000-C,81.97,0.062,2.0,2,1557673131060,19997186,786
2019-05-12 15:01:51.060,1.0,buy,6893.77,BTC-28JUN19-8000-C,77.95,0.0555,1.0,2,1557673311060,19999382,787
2019-05-12 15:23:55.437,48.5,sell,6982.11,BTC-28JUN19-8000-C,75.45,0.0555,48.5,3,1557674635437,20007403,788
2019-05-12 15:23:55.441,1.5,buy,6982.11,BTC-28JUN19-8000-C,75.45,0.0555,1.5,3,1557674635441,20007404,789
2019-05-12 22:20:45.076,0.8,sell,7005.03,BTC-28JUN19-8000-C,78.51,0.06,0.8,0,1557699645076,20090882,790
2019-05-13 04:23:49.206,22.1,buy,7044.47,BTC-28JUN19-8000-C,80.6,0.065,22.1,0,1557721429206,20128391,791
2019-05-13 04:23:49.335,7.9,buy,7044.47,BTC-28JUN19-8000-C,80.6,0.065,7.9,1,1557721429335,20128393,792
2019-05-13 04:38:21.836,3.0,buy,7023.42,BTC-28JUN19-8000-C,79.39,0.062,3.0,2,1557722301836,20129056,793
2019-05-13 04:39:34.566,10.0,buy,7028.43,BTC-28JUN19-8000-C,81.06,0.0645,10.0,0,1557722374566,20129085,794
2019-05-13 05:05:40.974,10.0,buy,7134.59,BTC-28JUN19-8000-C,81.01,0.069,10.0,0,1557723940974,20131594,795
2019-05-13 11:26:16.318,1.0,buy,7162.81,BTC-28JUN19-8000-C,79.4,0.0675,1.0,2,1557746776318,20156503,796
2019-05-13 11:30:38.833,30.0,buy,7218.5,BTC-28JUN19-8000-C,79.45,0.07,30.0,0,1557747038833,20158515,797
2019-05-13 13:00:46.094,10.2,buy,7360.3,BTC-28JUN19-8000-C,78.05,0.075,10.2,0,1557752446094,20178226,798
2019-05-13 13:00:46.121,0.4,buy,7360.3,BTC-28JUN19-8000-C,78.05,0.075,0.4,1,1557752446121,20178229,799
2019-05-13 13:00:46.191,1.0,buy,7361.09,BTC-28JUN19-8000-C,78.06,0.075,1.0,1,1557752446191,20178230,800
2019-05-13 13:00:47.324,1.0,buy,7362.5,BTC-28JUN19-8000-C,78.02,0.075,1.0,1,1557752447324,20178237,801
2019-05-13 13:01:30.665,13.6,buy,7366.12,BTC-28JUN19-8000-C,77.82,0.075,13.6,1,1557752490665,20178530,802
2019-05-13 13:01:58.908,3.8,buy,7364.42,BTC-28JUN19-8000-C,77.79,0.075,3.8,1,1557752518908,20178601,803
2019-05-13 13:06:12.177,0.2,buy,7389.19,BTC-28JUN19-8000-C,80.59,0.08,0.2,0,1557752772177,20179554,804
2019-05-13 13:06:13.508,4.0,buy,7389.19,BTC-28JUN19-8000-C,80.59,0.08,4.0,1,1557752773508,20179556,806
2019-05-13 13:06:13.508,4.8,buy,7389.19,BTC-28JUN19-8000-C,80.59,0.08,4.8,1,1557752773508,20179555,805
2019-05-13 13:06:13.511,0.2,sell,7389.19,BTC-28JUN19-8000-C,80.59,0.08,0.2,1,1557752773511,20179557,807
2019-05-13 14:36:21.191,5.0,buy,7495.62,BTC-28JUN19-8000-C,78.28,0.08199999999999999,5.0,0,1557758181191,20195522,808
2019-05-13 14:38:24.112,9.0,buy,7499.99,BTC-28JUN19-8000-C,78.05,0.08199999999999999,9.0,1,1557758304112,20196059,809
2019-05-13 14:53:56.177,3.0,buy,7524.8,BTC-28JUN19-8000-C,81.46,0.08800000000000001,3.0,0,1557759236177,20201480,810
2019-05-13 15:08:46.433,1.0,buy,7668.99,BTC-28JUN19-8000-C,77.47,0.0915,1.0,0,1557760126433,20208787,811
2019-05-13 15:12:21.990,0.5,buy,7758.97,BTC-28JUN19-8000-C,79.66,0.1,0.5,0,1557760341990,20215474,812
2019-05-13 15:14:09.925,1.0,buy,7890.39,BTC-28JUN19-8000-C,78.61,0.1075,1.0,0,1557760449925,20219326,813
2019-05-13 15:15:06.027,1.8,sell,7841.2,BTC-28JUN19-8000-C,82.74,0.111,1.8,0,1557760506027,20221471,814
2019-05-13 15:15:38.273,0.2,buy,7792.17,BTC-28JUN19-8000-C,76.79,0.099,0.2,2,1557760538273,20222578,815
2019-05-13 15:16:36.246,0.6,buy,7837.13,BTC-28JUN19-8000-C,80.03,0.105,0.6,0,1557760596246,20224219,816
2019-05-13 15:17:15.009,0.1,sell,7873.92,BTC-28JUN19-8000-C,87.68,0.1175,0.1,0,1557760635009,20224929,817
2019-05-13 15:27:26.062,5.0,buy,7840.84,BTC-28JUN19-8000-C,85.17,0.1115,5.0,2,1557761246062,20233863,818
2019-05-13 15:27:40.004,8.0,sell,7850.17,BTC-28JUN19-8000-C,76.27,0.0995,8.0,2,1557761260004,20233950,819
2019-05-13 15:29:09.970,2.0,buy,7808.88,BTC-28JUN19-8000-C,84.95,0.109,2.0,0,1557761349970,20234909,820
2019-05-13 15:30:46.865,9.0,sell,7825.34,BTC-28JUN19-8000-C,84.88,0.11,9.0,0,1557761446865,20235925,821
2019-05-13 15:32:47.598,1.0,buy,7811.65,BTC-28JUN19-8000-C,85.57,0.11,1.0,1,1557761567598,20236668,823
2019-05-13 15:32:47.598,4.0,buy,7811.65,BTC-28JUN19-8000-C,85.57,0.11,4.0,1,1557761567598,20236667,822
2019-05-13 15:34:34.406,4.0,buy,7817.1,BTC-28JUN19-8000-C,85.23,0.11,4.0,1,1557761674406,20237071,824
2019-05-13 15:38:33.070,3.1,sell,7801.62,BTC-28JUN19-8000-C,77.29,0.098,3.1,2,1557761913070,20238286,825
2019-05-13 15:53:18.974,1.0,sell,7796.49,BTC-28JUN19-8000-C,77.61,0.098,1.0,3,1557762798974,20246175,826
2019-05-13 15:53:18.974,1.0,sell,7796.49,BTC-28JUN19-8000-C,75.13,0.0945,1.0,2,1557762798974,20246176,827
2019-05-13 16:06:18.116,1.0,buy,7926.41,BTC-28JUN19-8000-C,83.28,0.1135,1.0,0,1557763578116,20251135,828
2019-05-13 16:06:43.402,0.1,buy,7952.21,BTC-28JUN19-8000-C,83.32,0.115,0.1,0,1557763603402,20251429,829
2019-05-13 16:08:34.377,0.9,buy,7873.72,BTC-28JUN19-8000-C,95.93,0.128,0.9,0,1557763714377,20252911,830
2019-05-13 16:10:43.210,1.0,sell,7838.54,BTC-28JUN19-8000-C,85.46,0.11199999999999999,1.0,2,1557763843210,20254201,831
2019-05-13 16:10:47.218,9.6,sell,7830.27,BTC-28JUN19-8000-C,85.84,0.11199999999999999,9.6,3,1557763847218,20254235,832
2019-05-13 16:10:47.247,1.3,sell,7830.27,BTC-28JUN19-8000-C,85.84,0.11199999999999999,1.3,3,1557763847247,20254238,833
2019-05-13 16:10:47.294,1.0,sell,7830.27,BTC-28JUN19-8000-C,85.84,0.11199999999999999,1.0,3,1557763847294,20254240,834
2019-05-13 16:10:47.301,5.9,sell,7830.27,BTC-28JUN19-8000-C,85.84,0.11199999999999999,5.9,3,1557763847301,20254243,835
2019-05-13 16:10:47.319,0.4,sell,7830.27,BTC-28JUN19-8000-C,85.84,0.11199999999999999,0.4,3,1557763847319,20254245,836
2019-05-13 16:43:46.544,0.1,buy,7957.12,BTC-28JUN19-8000-C,91.81,0.127,0.1,0,1557765826544,20264808,837
2019-05-13 16:55:32.988,0.1,buy,7911.94,BTC-28JUN19-8000-C,92.13,0.125,0.1,2,1557766532988,20269559,838
2019-05-13 16:59:16.296,0.2,buy,7908.8,BTC-28JUN19-8000-C,94.29,0.1275,0.2,0,1557766756296,20270902,839
2019-05-13 17:05:42.627,10.0,buy,7886.27,BTC-28JUN19-8000-C,85.32,0.1135,10.0,2,1557767142627,20272870,840
2019-05-13 17:11:18.202,0.1,buy,7906.19,BTC-28JUN19-8000-C,94.04,0.127,0.1,0,1557767478202,20273960,841
2019-05-13 17:31:47.019,0.3,sell,7795.47,BTC-28JUN19-8000-C,90.53,0.1165,0.3,2,1557768707019,20281774,842
2019-05-13 17:41:56.746,3.0,sell,7836.62,BTC-28JUN19-8000-C,93.8,0.1235,3.0,0,1557769316746,20284800,843
2019-05-13 18:46:43.949,0.5,buy,7864.83,BTC-28JUN19-8000-C,87.18,0.115,0.5,2,1557773203949,20294018,844
2019-05-13 21:03:35.422,0.1,sell,7884.21,BTC-28JUN19-8000-C,86.54,0.11599999999999999,0.1,0,1557781415422,20309931,845
2019-05-13 21:06:15.444,0.1,buy,7898.38,BTC-28JUN19-8000-C,92.65,0.125,0.1,0,1557781575444,20310177,846
2019-05-13 21:06:15.447,0.9,sell,7898.38,BTC-28JUN19-8000-C,92.65,0.125,0.9,1,1557781575447,20310178,847
2019-05-13 21:13:54.485,0.1,sell,7949.81,BTC-28JUN19-8000-C,87.96,0.121,0.1,2,1557782034485,20311553,848
2019-05-13 21:15:40.244,0.3,buy,7978.38,BTC-28JUN19-8000-C,90.55,0.1265,0.3,0,1557782140244,20312268,849
2019-05-13 21:15:56.756,0.1,sell,7991.98,BTC-28JUN19-8000-C,87.83,0.124,0.1,2,1557782156756,20312664,850
2019-05-13 21:26:26.186,5.0,buy,8022.71,BTC-28JUN19-8000-C,93.05,0.132,5.0,0,1557782786186,20318358,851
2019-05-13 21:33:05.726,0.5,buy,8125.26,BTC-28JUN19-8000-C,90.27,0.135,0.5,0,1557783185726,20321771,852
2019-05-13 21:33:08.864,5.0,buy,8127.36,BTC-28JUN19-8000-C,90.62,0.1355,5.0,0,1557783188864,20321842,853
2019-05-13 21:33:22.426,0.5,buy,8131.42,BTC-28JUN19-8000-C,93.87,0.14,0.5,0,1557783202426,20322057,854
2019-05-13 21:33:22.429,0.5,sell,8131.42,BTC-28JUN19-8000-C,93.87,0.14,0.5,1,1557783202429,20322058,855
2019-05-13 21:37:48.607,0.3,buy,8121.41,BTC-28JUN19-8000-C,94.05,0.139,0.3,2,1557783468607,20325820,856
2019-05-13 21:38:39.718,0.5,sell,8129.19,BTC-28JUN19-8000-C,89.37,0.133,0.5,2,1557783519718,20326078,857
2019-05-13 21:57:42.163,1.0,sell,8099.88,BTC-28JUN19-8000-C,92.26,0.136,1.0,0,1557784662163,20330694,858
2019-05-13 22:02:02.142,0.2,buy,8133.04,BTC-28JUN19-8000-C,94.13,0.1405,0.2,0,1557784922142,20331431,859
2019-05-13 22:03:02.070,1.7,sell,8159.08,BTC-28JUN19-8000-C,92.87,0.14,1.7,2,1557784982070,20331886,860
2019-05-13 22:03:20.522,4.5,buy,8152.53,BTC-28JUN19-8000-C,99.11,0.14800000000000002,4.5,0,1557785000522,20332024,862
2019-05-13 22:03:20.522,0.5,buy,8152.53,BTC-28JUN19-8000-C,96.92,0.145,0.5,0,1557785000522,20332023,861
2019-05-13 22:03:34.457,3.2,buy,8137.11,BTC-28JUN19-8000-C,99.79,0.14800000000000002,3.2,1,1557785014457,20332128,863
2019-05-13 22:03:54.443,0.3,buy,8146.4,BTC-28JUN19-8000-C,98.91,0.1475,0.3,2,1557785034443,20332242,864
2019-05-13 22:06:32.480,1.0,sell,8107.42,BTC-28JUN19-8000-C,97.55,0.1435,1.0,2,1557785192480,20333179,865
2019-05-13 22:11:28.193,0.5,buy,8111.83,BTC-28JUN19-8000-C,99.37,0.146,0.5,0,1557785488193,20333749,866
2019-05-13 22:19:44.327,3.1,sell,8082.03,BTC-28JUN19-8000-C,95.77,0.139,3.1,2,1557785984327,20334705,867
2019-05-13 22:48:23.719,4.5,buy,8096.11,BTC-28JUN19-8000-C,102.16,0.149,4.5,0,1557787703719,20339642,868
2019-05-13 22:48:23.719,4.0,buy,8096.11,BTC-28JUN19-8000-C,102.16,0.149,4.0,1,1557787703719,20339643,869
2019-05-13 22:53:03.196,0.3,sell,8014.96,BTC-28JUN19-8000-C,96.89,0.1375,0.3,2,1557787983196,20340670,870
2019-05-13 23:28:30.731,3.5,buy,7782.21,BTC-28JUN19-8000-C,101.29,0.131,3.5,2,1557790110731,20363931,871
2019-05-13 23:35:00.441,2.0,sell,7826.49,BTC-28JUN19-8000-C,99.02,0.13,2.0,2,1557790500441,20366047,872
2019-05-14 00:15:34.690,20.0,buy,7888.58,BTC-28JUN19-8000-C,102.3,0.138,20.0,0,1557792934690,20372896,873
2019-05-14 00:15:34.690,39.0,buy,7888.58,BTC-28JUN19-8000-C,102.3,0.138,39.0,1,1557792934690,20372897,874
2019-05-14 00:40:24.478,18.9,buy,7949.96,BTC-28JUN19-8000-C,97.15,0.1345,18.9,2,1557794424478,20379063,875
2019-05-14 00:40:24.722,1.1,buy,7949.96,BTC-28JUN19-8000-C,97.15,0.1345,1.1,3,1557794424722,20379065,876
2019-05-14 00:41:34.079,10.0,buy,7965.97,BTC-28JUN19-8000-C,98.31,0.13699999999999998,10.0,0,1557794494079,20379240,877
2019-05-14 00:46:09.192,18.9,buy,7955.88,BTC-28JUN19-8000-C,96.98,0.134,18.9,2,1557794769192,20380278,878
2019-05-14 00:46:11.188,1.1,buy,7956.47,BTC-28JUN19-8000-C,97.31,0.1345,1.1,0,1557794771188,20380297,879
2019-05-14 00:47:36.058,30.0,sell,7931.05,BTC-28JUN19-8000-C,94.58,0.1295,30.0,2,1557794856058,20380630,880
2019-05-14 01:03:40.828,3.0,sell,7955.55,BTC-28JUN19-8000-C,92.61,0.128,3.0,2,1557795820828,20383491,881
2019-05-14 01:10:30.629,2.0,buy,7934.4,BTC-28JUN19-8000-C,93.82,0.1285,2.0,0,1557796230629,20384269,882
2019-05-14 01:27:48.532,2.0,buy,8021.85,BTC-28JUN19-8000-C,97.35,0.139,2.0,0,1557797268532,20387669,883
2019-05-14 01:41:20.780,4.0,sell,8036.7,BTC-28JUN19-8000-C,94.29,0.135,4.0,2,1557798080780,20391814,884
2019-05-14 01:46:35.765,2.0,sell,8028.16,BTC-28JUN19-8000-C,92.48,0.132,2.0,2,1557798395765,20392319,885
2019-05-14 04:53:33.412,0.6,buy,8049.35,BTC-28JUN19-8000-C,100.54,0.146,0.6,0,1557809613412,20417804,886
2019-05-14 05:47:12.401,20.0,buy,8012.87,BTC-28JUN19-8000-C,100.4,0.14400000000000002,20.0,2,1557812832401,20429278,887
2019-05-14 06:37:45.000,0.5,sell,8041.53,BTC-28JUN19-8000-C,95.19,0.138,0.5,2,1557815865000,20436552,888
2019-05-14 07:39:09.687,5.1000000000000005,sell,8202.69,BTC-28JUN19-8000-C,94.25,0.1455,5.1000000000000005,0,1557819549687,20452010,889
2019-05-14 07:39:09.704,5.3,buy,8202.69,BTC-28JUN19-8000-C,94.25,0.1455,5.3,1,1557819549704,20452011,890
2019-05-14 07:39:09.708,2.4,buy,8202.69,BTC-28JUN19-8000-C,94.25,0.1455,2.4,1,1557819549708,20452012,891
2019-05-14 07:39:09.727,3.3000000000000003,buy,8202.69,BTC-28JUN19-8000-C,94.25,0.1455,3.3000000000000003,1,1557819549727,20452013,892
2019-05-14 07:39:10.105,2.0,buy,8202.69,BTC-28JUN19-8000-C,94.25,0.1455,2.0,1,1557819550105,20452014,893
2019-05-14 07:39:10.110,1.2,buy,8202.69,BTC-28JUN19-8000-C,94.25,0.1455,1.2,1,1557819550110,20452015,894
2019-05-14 07:39:10.124,1.7,buy,8202.69,BTC-28JUN19-8000-C,94.25,0.1455,1.7,1,1557819550124,20452017,896
2019-05-14 07:39:10.124,2.2,buy,8202.69,BTC-28JUN19-8000-C,94.25,0.1455,2.2,1,1557819550124,20452016,895
2019-05-14 07:39:10.506,6.9,buy,8201.0,BTC-28JUN19-8000-C,94.32,0.1455,6.9,1,1557819550506,20452018,897
2019-05-14 07:39:59.747,4.7,buy,8185.18,BTC-28JUN19-8000-C,95.04,0.1455,4.7,1,1557819599747,20452530,901
2019-05-14 07:39:59.747,3.1,buy,8185.18,BTC-28JUN19-8000-C,95.04,0.1455,3.1,1,1557819599747,20452528,899
2019-05-14 07:39:59.747,0.3,buy,8185.18,BTC-28JUN19-8000-C,95.04,0.1455,0.3,1,1557819599747,20452527,898
2019-05-14 07:39:59.747,1.4,buy,8185.18,BTC-28JUN19-8000-C,95.04,0.1455,1.4,1,1557819599747,20452529,900
2019-05-14 07:39:59.747,1.8,buy,8185.18,BTC-28JUN19-8000-C,95.04,0.1455,1.8,1,1557819599747,20452531,902
2019-05-14 07:39:59.747,0.6,buy,8185.18,BTC-28JUN19-8000-C,95.04,0.1455,0.6,1,1557819599747,20452533,904
2019-05-14 07:39:59.747,1.3,buy,8185.18,BTC-28JUN19-8000-C,95.04,0.1455,1.3,1,1557819599747,20452532,903
2019-05-14 07:39:59.747,0.4,buy,8185.18,BTC-28JUN19-8000-C,95.04,0.1455,0.4,1,1557819599747,20452534,905
2019-05-14 09:07:50.054,2.0,buy,8101.92,BTC-28JUN19-8000-C,96.98,0.14400000000000002,2.0,2,1557824870054,20484452,906
2019-05-14 09:40:00.857,3.9,sell,8083.37,BTC-28JUN19-8000-C,93.75,0.1385,3.9,2,1557826800857,20490718,907
2019-05-14 09:40:00.860,0.1,buy,8083.37,BTC-28JUN19-8000-C,93.75,0.1385,0.1,3,1557826800860,20490719,908
2019-05-14 10:24:40.233,1.0,sell,8009.29,BTC-28JUN19-8000-C,94.24,0.1345,1.0,2,1557829480233,20499898,909
2019-05-14 10:57:27.588,2.0,buy,8072.74,BTC-28JUN19-8000-C,97.78,0.142,2.0,0,1557831447588,20504426,910
2019-05-14 11:37:13.655,4.0,buy,8033.9,BTC-28JUN19-8000-C,94.86,0.136,4.0,2,1557833833655,20507385,911
2019-05-14 12:32:48.565,1.0,buy,8191.63,BTC-28JUN19-8000-C,103.7,0.1575,1.0,0,1557837168565,20515139,912
2019-05-14 14:22:36.154,1.0,buy,8116.3,BTC-28JUN19-8000-C,102.63,0.1505,1.0,2,1557843756154,20527255,913
2019-05-14 14:27:28.206,1.0,buy,8059.71,BTC-28JUN19-8000-C,103.47,0.1485,1.0,2,1557844048206,20529085,914
2019-05-14 14:39:58.624,5.0,sell,8049.77,BTC-28JUN19-8000-C,97.53,0.1395,5.0,2,1557844798624,20530959,915
2019-05-14 19:26:10.293,0.1,buy,7756.52,BTC-28JUN19-8000-C,91.11,0.115,0.1,2,1557861970293,20597315,916
2019-05-14 21:06:41.515,5.0,sell,7642.62,BTC-28JUN19-8000-C,92.21,0.1105,5.0,2,1557868001515,20617451,917
2019-05-14 21:06:41.518,0.8,buy,7642.62,BTC-28JUN19-8000-C,92.21,0.1105,0.8,3,1557868001518,20617452,918
2019-05-14 21:30:43.843,2.0,buy,7790.52,BTC-28JUN19-8000-C,98.79,0.128,2.0,0,1557869443843,20621520,919
2019-05-14 21:31:11.088,1.4,buy,7801.76,BTC-28JUN19-8000-C,99.37,0.129,1.4,0,1557869471088,20621630,920
2019-05-14 23:53:50.200,0.1,sell,8011.74,BTC-28JUN19-8000-C,97.76,0.138,0.1,0,1557878030200,20640970,921
2019-05-14 23:55:27.104,0.1,sell,8009.99,BTC-28JUN19-8000-C,96.56,0.136,0.1,2,1557878127104,20641080,922
2019-05-14 23:56:40.414,0.1,sell,7995.23,BTC-28JUN19-8000-C,96.3,0.135,0.1,2,1557878200414,20641208,923
2019-05-15 00:22:09.711,0.2,buy,8110.83,BTC-28JUN19-8000-C,102.62,0.1495,0.2,0,1557879729711,20647141,924
2019-05-15 01:13:08.736,0.2,sell,8029.49,BTC-28JUN19-8000-C,98.4,0.14,0.2,2,1557882788736,20655490,925
2019-05-15 01:13:42.650,0.1,sell,8029.16,BTC-28JUN19-8000-C,98.43,0.14,0.1,3,1557882822650,20655516,926
2019-05-15 01:55:54.848,0.5,sell,8003.61,BTC-28JUN19-8000-C,91.47,0.1295,0.5,2,1557885354848,20658509,927
2019-05-15 04:36:03.426,1.0,buy,8047.53,BTC-28JUN19-8000-C,101.57,0.1455,1.0,0,1557894963426,20667619,928
2019-05-15 12:53:54.485,0.5,buy,8015.21,BTC-28JUN19-8000-C,99.53,0.14,0.5,2,1557924834485,20711060,929
2019-05-15 14:58:35.399,8.8,sell,7930.58,BTC-28JUN19-8000-C,96.77,0.131,8.8,2,1557932315399,20727301,930
2019-05-15 14:58:35.411,3.2,sell,7930.58,BTC-28JUN19-8000-C,96.77,0.131,3.2,3,1557932315411,20727302,931
2019-05-15 14:58:35.411,5.0,sell,7930.58,BTC-28JUN19-8000-C,96.77,0.131,5.0,3,1557932315411,20727303,932
2019-05-15 14:58:35.423,5.6000000000000005,buy,7930.58,BTC-28JUN19-8000-C,96.03,0.13,5.6000000000000005,2,1557932315423,20727304,933
2019-05-15 14:58:35.423,6.5,buy,7930.58,BTC-28JUN19-8000-C,96.03,0.13,6.5,3,1557932315423,20727305,934
2019-05-15 14:58:35.438,6.6000000000000005,buy,7930.58,BTC-28JUN19-8000-C,96.03,0.13,6.6000000000000005,3,1557932315438,20727306,935
2019-05-15 14:58:41.750,2.0,buy,7934.95,BTC-28JUN19-8000-C,95.87,0.13,2.0,3,1557932321750,20727341,936
2019-05-15 14:59:03.997,2.0,buy,7939.55,BTC-28JUN19-8000-C,95.76,0.13,2.0,3,1557932343997,20727373,937
2019-05-15 14:59:19.270,2.8000000000000003,buy,7940.33,BTC-28JUN19-8000-C,95.89,0.13,2.8000000000000003,3,1557932359270,20727404,940
2019-05-15 14:59:19.270,5.4,buy,7940.33,BTC-28JUN19-8000-C,95.89,0.13,5.4,3,1557932359270,20727403,939
2019-05-15 14:59:19.270,3.8,buy,7940.33,BTC-28JUN19-8000-C,95.89,0.13,3.8,3,1557932359270,20727402,938
2019-05-15 14:59:19.342,5.8,buy,7940.33,BTC-28JUN19-8000-C,95.89,0.13,5.8,3,1557932359342,20727406,942
2019-05-15 14:59:19.342,4.6000000000000005,buy,7940.33,BTC-28JUN19-8000-C,95.89,0.13,4.6000000000000005,3,1557932359342,20727407,943
2019-05-15 14:59:19.342,0.3,buy,7940.33,BTC-28JUN19-8000-C,95.89,0.13,0.3,3,1557932359342,20727405,941
2019-05-15 14:59:19.342,1.3,buy,7940.33,BTC-28JUN19-8000-C,95.89,0.13,1.3,3,1557932359342,20727408,944
2019-05-15 14:59:20.036,2.7,buy,7940.33,BTC-28JUN19-8000-C,95.78,0.13,2.7,3,1557932360036,20727419,945
2019-05-15 15:12:01.706,3.2,sell,7993.17,BTC-28JUN19-8000-C,93.7,0.1305,3.2,0,1557933121706,20728946,946
2019-05-15 15:12:01.712,1.5,sell,7993.17,BTC-28JUN19-8000-C,93.7,0.1305,1.5,1,1557933121712,20728947,947
2019-05-15 15:12:01.743,2.1,sell,7993.17,BTC-28JUN19-8000-C,93.7,0.1305,2.1,1,1557933121743,20728948,948
2019-05-15 15:12:01.744,3.4,sell,7993.17,BTC-28JUN19-8000-C,93.7,0.1305,3.4,1,1557933121744,20728949,949
2019-05-15 15:12:02.105,1.3,sell,7993.17,BTC-28JUN19-8000-C,93.7,0.1305,1.3,1,1557933122105,20728950,950
2019-05-15 15:12:02.129,1.4,sell,7993.17,BTC-28JUN19-8000-C,93.7,0.1305,1.4,1,1557933122129,20728951,951
2019-05-15 15:12:02.160,1.1,sell,7992.78,BTC-28JUN19-8000-C,93.7,0.1305,1.1,1,1557933122160,20728952,952
2019-05-15 15:12:02.169,0.7000000000000001,sell,7992.78,BTC-28JUN19-8000-C,93.7,0.1305,0.7000000000000001,1,1557933122169,20728953,953
2019-05-15 15:12:02.536,5.0,sell,7992.78,BTC-28JUN19-8000-C,93.7,0.1305,5.0,1,1557933122536,20728954,954
2019-05-15 15:12:02.539,1.5,buy,7992.78,BTC-28JUN19-8000-C,93.33,0.13,1.5,2,1557933122539,20728955,955
2019-05-15 15:12:02.573,1.2,buy,7992.78,BTC-28JUN19-8000-C,93.33,0.13,1.2,3,1557933122573,20728957,957
2019-05-15 15:12:02.573,2.4,buy,7992.78,BTC-28JUN19-8000-C,93.33,0.13,2.4,3,1557933122573,20728956,956
2019-05-15 15:12:02.616,4.3,buy,7992.78,BTC-28JUN19-8000-C,93.33,0.13,4.3,3,1557933122616,20728958,958
2019-05-15 15:12:03.262,1.2,buy,7993.28,BTC-28JUN19-8000-C,93.34,0.13,1.2,3,1557933123262,20728961,961
2019-05-15 15:12:03.262,0.5,buy,7993.28,BTC-28JUN19-8000-C,93.34,0.13,0.5,3,1557933123262,20728962,962
2019-05-15 15:12:03.262,1.6,buy,7993.28,BTC-28JUN19-8000-C,93.34,0.13,1.6,3,1557933123262,20728960,960
2019-05-15 15:12:03.262,0.3,buy,7993.28,BTC-28JUN19-8000-C,93.34,0.13,0.3,3,1557933123262,20728959,959
2019-05-15 15:12:16.530,2.4,buy,7993.82,BTC-28JUN19-8000-C,93.39,0.13,2.4,3,1557933136530,20729016,965
2019-05-15 15:12:16.530,2.9,buy,7993.82,BTC-28JUN19-8000-C,93.39,0.13,2.9,3,1557933136530,20729014,963
2019-05-15 15:12:16.530,1.8,buy,7993.82,BTC-28JUN19-8000-C,93.39,0.13,1.8,3,1557933136530,20729015,964
2019-05-15 15:12:27.849,0.7000000000000001,buy,7997.16,BTC-28JUN19-8000-C,93.33,0.13,0.7000000000000001,3,1557933147849,20729060,971
2019-05-15 15:12:27.849,1.2,buy,7997.16,BTC-28JUN19-8000-C,93.33,0.13,1.2,3,1557933147849,20729059,970
2019-05-15 15:12:27.849,0.6,buy,7997.16,BTC-28JUN19-8000-C,93.33,0.13,0.6,3,1557933147849,20729055,966
2019-05-15 15:12:27.849,5.9,buy,7997.16,BTC-28JUN19-8000-C,93.33,0.13,5.9,3,1557933147849,20729061,972
2019-05-15 15:12:27.849,1.4,buy,7997.16,BTC-28JUN19-8000-C,93.33,0.13,1.4,3,1557933147849,20729056,967
2019-05-15 15:12:27.849,1.6,buy,7997.16,BTC-28JUN19-8000-C,93.33,0.13,1.6,3,1557933147849,20729064,975
2019-05-15 15:12:27.849,1.0,buy,7997.16,BTC-28JUN19-8000-C,93.33,0.13,1.0,3,1557933147849,20729058,969
2019-05-15 15:12:27.849,2.1,buy,7997.16,BTC-28JUN19-8000-C,93.33,0.13,2.1,3,1557933147849,20729063,974
2019-05-15 15:12:27.849,1.1,buy,7997.16,BTC-28JUN19-8000-C,93.33,0.13,1.1,3,1557933147849,20729062,973
2019-05-15 15:12:27.849,1.1,buy,7997.16,BTC-28JUN19-8000-C,93.33,0.13,1.1,3,1557933147849,20729057,968
2019-05-15 15:12:28.807,2.2,buy,7997.22,BTC-28JUN19-8000-C,93.33,0.13,2.2,3,1557933148807,20729065,976
2019-05-15 15:12:28.807,1.1,buy,7997.22,BTC-28JUN19-8000-C,93.33,0.13,1.1,3,1557933148807,20729067,978
2019-05-15 15:12:28.807,1.4,buy,7997.22,BTC-28JUN19-8000-C,93.33,0.13,1.4,3,1557933148807,20729068,979
2019-05-15 15:12:28.807,0.3,buy,7997.22,BTC-28JUN19-8000-C,93.33,0.13,0.3,3,1557933148807,20729066,977
2019-05-15 15:12:31.113,0.1,buy,7998.19,BTC-28JUN19-8000-C,93.33,0.13,0.1,3,1557933151113,20729069,980
2019-05-15 15:13:22.819,0.4,buy,7989.99,BTC-28JUN19-8000-C,93.65,0.13,0.4,3,1557933202819,20729187,981
2019-05-15 15:25:50.980,1.1,buy,7990.3,BTC-28JUN19-8000-C,93.65,0.13,1.1,3,1557933950980,20729780,982
2019-05-15 15:26:00.066,1.1,buy,7990.97,BTC-28JUN19-8000-C,93.64,0.13,1.1,3,1557933960066,20729781,983
2019-05-15 15:26:50.983,1.1,buy,7995.3,BTC-28JUN19-8000-C,93.46,0.13,1.1,3,1557934010983,20729821,984
2019-05-15 15:27:45.847,1.1,buy,7998.87,BTC-28JUN19-8000-C,93.27,0.13,1.1,3,1557934065847,20729916,985
2019-05-15 15:29:13.244,1.1,buy,7991.59,BTC-28JUN19-8000-C,93.32,0.13,1.1,3,1557934153244,20730006,986
2019-05-15 15:30:54.307,5.0,sell,7991.44,BTC-28JUN19-8000-C,92.14,0.1285,5.0,2,1557934254307,20730088,987
2019-05-15 15:30:54.307,11.6,sell,7991.44,BTC-28JUN19-8000-C,91.78,0.128,11.6,2,1557934254307,20730089,988
2019-05-15 15:30:54.315,0.4,sell,7991.44,BTC-28JUN19-8000-C,91.78,0.128,0.4,3,1557934254315,20730090,989
2019-05-15 15:30:54.318,19.0,buy,7991.44,BTC-28JUN19-8000-C,88.83,0.124,19.0,2,1557934254318,20730091,990
2019-05-15 15:30:54.435,2.0,buy,7991.44,BTC-28JUN19-8000-C,88.83,0.124,2.0,3,1557934254435,20730094,991
2019-05-15 15:30:54.439,5.7,buy,7991.44,BTC-28JUN19-8000-C,88.83,0.124,5.7,3,1557934254439,20730095,992
2019-05-15 15:30:54.439,0.3,buy,7991.44,BTC-28JUN19-8000-C,88.83,0.124,0.3,3,1557934254439,20730096,993
2019-05-15 15:30:56.716,12.0,buy,7990.4,BTC-28JUN19-8000-C,88.89,0.124,12.0,3,1557934256716,20730102,994
2019-05-15 15:30:59.482,12.0,buy,7989.78,BTC-28JUN19-8000-C,88.95,0.124,12.0,3,1557934259482,20730105,995
2019-05-15 15:31:02.408,12.0,buy,7991.12,BTC-28JUN19-8000-C,88.91,0.124,12.0,3,1557934262408,20730106,996
2019-05-15 15:31:24.223,4.6000000000000005,buy,7991.06,BTC-28JUN19-8000-C,89.11,0.124,4.6000000000000005,3,1557934284223,20730138,1005
2019-05-15 15:31:24.223,8.5,buy,7991.06,BTC-28JUN19-8000-C,89.11,0.124,8.5,3,1557934284223,20730137,1004
2019-05-15 15:31:24.223,12.8,buy,7991.06,BTC-28JUN19-8000-C,89.11,0.124,12.8,3,1557934284223,20730135,1002
2019-05-15 15:31:24.223,12.2,buy,7991.06,BTC-28JUN19-8000-C,89.11,0.124,12.2,3,1557934284223,20730134,1001
2019-05-15 15:31:24.223,19.0,buy,7991.06,BTC-28JUN19-8000-C,89.11,0.124,19.0,3,1557934284223,20730132,999
2019-05-15 15:31:24.223,11.0,buy,7991.06,BTC-28JUN19-8000-C,89.11,0.124,11.0,3,1557934284223,20730133,1000
2019-05-15 15:31:24.223,5.9,buy,7991.06,BTC-28JUN19-8000-C,89.11,0.124,5.9,3,1557934284223,20730136,1003
2019-05-15 15:31:24.223,9.7,buy,7991.06,BTC-28JUN19-8000-C,89.11,0.124,9.7,3,1557934284223,20730131,998
2019-05-15 15:31:24.223,16.3,buy,7991.06,BTC-28JUN19-8000-C,89.11,0.124,16.3,3,1557934284223,20730130,997
2019-05-15 15:31:29.150,2.6,buy,7990.69,BTC-28JUN19-8000-C,89.15,0.124,2.6,3,1557934289150,20730147,1011
2019-05-15 15:31:29.150,40.0,buy,7990.69,BTC-28JUN19-8000-C,89.15,0.124,40.0,3,1557934289150,20730148,1012
2019-05-15 15:31:29.150,34.6,buy,7990.69,BTC-28JUN19-8000-C,89.15,0.124,34.6,3,1557934289150,20730145,1009
2019-05-15 15:31:29.150,26.1,buy,7990.69,BTC-28JUN19-8000-C,89.15,0.124,26.1,3,1557934289150,20730146,1010
2019-05-15 15:31:29.150,5.5,buy,7990.69,BTC-28JUN19-8000-C,89.15,0.124,5.5,3,1557934289150,20730142,1006
2019-05-15 15:31:29.150,4.0,buy,7990.69,BTC-28JUN19-8000-C,89.15,0.124,4.0,3,1557934289150,20730144,1008
2019-05-15 15:31:29.150,9.8,buy,7990.69,BTC-28JUN19-8000-C,89.15,0.124,9.8,3,1557934289150,20730143,1007
2019-05-15 15:44:32.243,0.5,buy,7989.0,BTC-28JUN19-8000-C,90.87,0.126,0.5,0,1557935072243,20731937,1013
2019-05-15 15:55:24.164,3.0,buy,8013.76,BTC-28JUN19-8000-C,92.62,0.13,3.0,0,1557935724164,20732895,1014
2019-05-15 16:06:53.526,3.0,buy,8009.87,BTC-28JUN19-8000-C,94.19,0.132,3.0,0,1557936413526,20734651,1015
2019-05-15 16:57:55.020,1.0,buy,8014.03,BTC-28JUN19-8000-C,92.19,0.129,1.0,2,1557939475020,20742366,1016
2019-05-15 17:19:26.803,0.2,buy,8036.84,BTC-28JUN19-8000-C,87.01,0.12300000000000001,0.2,2,1557940766803,20743480,1017
2019-05-15 17:29:40.623,3.1,buy,8084.16,BTC-28JUN19-8000-C,89.77,0.1295,3.1,0,1557941380623,20744478,1018
2019-05-15 18:48:28.312,1.1,buy,8192.68,BTC-28JUN19-8000-C,90.91,0.13699999999999998,1.1,0,1557946108312,20752691,1019
2019-05-15 18:48:53.926,0.9,buy,8192.83,BTC-28JUN19-8000-C,90.97,0.13699999999999998,0.9,1,1557946133926,20752762,1020
2019-05-15 20:18:18.358,1.0,buy,8203.14,BTC-28JUN19-8000-C,90.16,0.13699999999999998,1.0,1,1557951498358,20775043,1021
2019-05-15 20:18:21.279,2.0,buy,8203.21,BTC-28JUN19-8000-C,90.12,0.13699999999999998,2.0,1,1557951501279,20775051,1022
2019-05-15 23:37:11.692,1.0,buy,8255.14,BTC-28JUN19-8000-C,90.81,0.141,1.0,0,1557963431692,20797174,1023
2019-05-15 23:57:01.286,0.5,sell,8206.4,BTC-28JUN19-8000-C,93.15,0.1415,0.5,0,1557964621286,20803959,1024
2019-05-15 23:57:03.011,2.5,sell,8205.56,BTC-28JUN19-8000-C,93.19,0.1415,2.5,1,1557964623011,20803989,1025
2019-05-16 00:09:22.944,2.0,buy,8200.92,BTC-28JUN19-8000-C,93.48,0.142,2.0,0,1557965362944,20807353,1026
2019-05-16 01:46:53.085,0.1,buy,8279.46,BTC-28JUN19-8000-C,94.39,0.14800000000000002,0.1,0,1557971213085,20828895,1027
2019-05-16 01:48:11.413,1.9,buy,8288.51,BTC-28JUN19-8000-C,95.17,0.1495,1.9,0,1557971291413,20829073,1028
2019-05-16 01:57:35.147,0.5,buy,8308.6,BTC-28JUN19-8000-C,94.66,0.15,0.5,0,1557971855147,20829584,1029
2019-05-16 02:04:38.614,3.0,sell,8326.91,BTC-28JUN19-8000-C,93.7,0.15,3.0,1,1557972278614,20830398,1030
2019-05-16 02:08:30.018,0.1,sell,8289.92,BTC-28JUN19-8000-C,95.55,0.15,0.1,1,1557972510018,20830875,1031
2019-05-16 02:08:40.674,11.4,sell,8288.27,BTC-28JUN19-8000-C,95.7,0.15,11.4,1,1557972520674,20830924,1032
2019-05-16 02:08:52.466,1.0,sell,8274.1,BTC-28JUN19-8000-C,95.95,0.1495,1.0,2,1557972532466,20831091,1033
2019-05-16 02:09:44.500,1.0,sell,8288.13,BTC-28JUN19-8000-C,95.04,0.1495,1.0,3,1557972584500,20831537,1034
2019-05-16 02:11:55.807,0.9,sell,8289.43,BTC-28JUN19-8000-C,95.16,0.1495,0.9,3,1557972715807,20831681,1035
2019-05-16 02:30:41.577,12.1,sell,8302.97,BTC-28JUN19-8000-C,94.74,0.1495,12.1,3,1557973841577,20833032,1036
2019-05-16 02:30:41.592,15.0,sell,8302.97,BTC-28JUN19-8000-C,94.35,0.149,15.0,2,1557973841592,20833033,1037
2019-05-16 02:38:47.817,15.0,sell,8300.1,BTC-28JUN19-8000-C,94.03,0.1485,15.0,2,1557974327817,20833510,1038
2019-05-16 02:38:47.839,15.0,sell,8300.1,BTC-28JUN19-8000-C,93.65,0.14800000000000002,15.0,2,1557974327839,20833512,1039
2019-05-16 02:55:34.975,5.0,buy,8323.98,BTC-28JUN19-8000-C,95.97,0.153,5.0,0,1557975334975,20834608,1041
2019-05-16 02:55:34.975,12.0,buy,8323.98,BTC-28JUN19-8000-C,95.59,0.1525,12.0,0,1557975334975,20834607,1040
2019-05-16 05:21:42.056,3.0,buy,7968.9,BTC-28JUN19-8000-C,97.0,0.1355,3.0,2,1557984102056,20868356,1042
2019-05-16 06:18:53.560,1.0,buy,8039.6,BTC-28JUN19-8000-C,94.43,0.135,1.0,2,1557987533560,20875310,1043
2019-05-16 09:13:53.232,4.0,sell,8033.08,BTC-28JUN19-8000-C,89.43,0.1275,4.0,2,1557998033232,20892250,1044
2019-05-16 10:19:39.037,1.0,buy,7812.9,BTC-28JUN19-8000-C,99.94,0.1295,1.0,0,1558001979037,20905207,1045
2019-05-16 10:40:27.578,2.0,sell,7908.3,BTC-28JUN19-8000-C,89.82,0.121,2.0,2,1558003227578,20910453,1046
2019-05-16 13:54:46.753,12.0,buy,7840.68,BTC-28JUN19-8000-C,98.68,0.1295,12.0,0,1558014886753,20932532,1047
2019-05-16 14:01:11.180,11.7,sell,7869.36,BTC-28JUN19-8000-C,99.58,0.1325,11.7,0,1558015271180,20932961,1048
2019-05-16 15:26:31.778,12.0,buy,7967.24,BTC-28JUN19-8000-C,99.53,0.13699999999999998,12.0,0,1558020391778,20943441,1049
2019-05-16 15:33:18.548,0.1,buy,8005.09,BTC-28JUN19-8000-C,100.17,0.14,0.1,0,1558020798548,20944186,1050
2019-05-16 15:34:06.322,0.1,buy,8006.02,BTC-28JUN19-8000-C,100.25,0.14,0.1,1,1558020846322,20944310,1051
2019-05-16 16:23:49.467,1.0,sell,8000.85,BTC-28JUN19-8000-C,92.89,0.13,1.0,2,1558023829467,20950310,1052
2019-05-16 16:30:26.797,12.0,buy,7947.27,BTC-28JUN19-8000-C,99.9,0.1365,12.0,0,1558024226797,20951135,1053
2019-05-16 16:30:26.797,4.0,buy,7947.27,BTC-28JUN19-8000-C,99.9,0.1365,4.0,1,1558024226797,20951136,1054
2019-05-16 18:02:54.417,0.5,buy,7938.9,BTC-28JUN19-8000-C,95.1,0.129,0.5,2,1558029774417,20960863,1055
2019-05-16 18:41:06.652,1.0,sell,7933.25,BTC-28JUN19-8000-C,93.96,0.1275,1.0,2,1558032066652,20962943,1056
2019-05-16 23:09:14.514,20.0,buy,7839.16,BTC-28JUN19-8000-C,98.81,0.1285,20.0,0,1558048154514,20998677,1057
2019-05-16 23:12:50.016,3.3000000000000003,buy,7857.37,BTC-28JUN19-8000-C,98.98,0.13,3.3000000000000003,1,1558048370016,20999562,1059
2019-05-16 23:12:50.016,21.7,buy,7857.37,BTC-28JUN19-8000-C,98.98,0.13,21.7,0,1558048370016,20999561,1058
2019-05-17 03:20:39.050,1.0,buy,7191.18,BTC-28JUN19-8000-C,98.8,0.096,1.0,2,1558063239050,21067850,1060
2019-05-17 03:40:43.770,0.1,sell,7222.02,BTC-28JUN19-8000-C,90.09,0.085,0.1,2,1558064443770,21081478,1061
2019-05-17 09:43:49.540,1.0,buy,7314.91,BTC-28JUN19-8000-C,104.16,0.1075,1.0,0,1558086229540,21138286,1062
2019-05-17 09:44:53.654,1.0,sell,7292.52,BTC-28JUN19-8000-C,103.87,0.106,1.0,2,1558086293654,21138703,1063
2019-05-17 09:54:30.026,8.0,buy,7285.11,BTC-28JUN19-8000-C,104.13,0.1065,8.0,0,1558086870026,21139460,1064
2019-05-17 09:55:17.324,9.6,buy,7283.35,BTC-28JUN19-8000-C,106.53,0.1095,9.6,0,1558086917324,21139474,1065
2019-05-17 09:55:17.328,15.4,sell,7283.35,BTC-28JUN19-8000-C,106.53,0.1095,15.4,1,1558086917328,21139475,1066
2019-05-17 11:08:13.610,0.5,sell,7198.88,BTC-28JUN19-8000-C,99.71,0.09699999999999999,0.5,2,1558091293610,21149106,1067
2019-05-17 11:55:37.339,0.5,sell,7138.8,BTC-28JUN19-8000-C,98.98,0.09300000000000001,0.5,2,1558094137339,21156293,1068
2019-05-17 13:01:00.069,0.1,buy,7114.13,BTC-28JUN19-8000-C,99.11,0.092,0.1,2,1558098060069,21173357,1069
2019-05-17 13:12:02.398,0.1,sell,7050.72,BTC-28JUN19-8000-C,100.32,0.091,0.1,2,1558098722398,21175172,1070
2019-05-17 13:35:36.529,1.9,buy,7142.94,BTC-28JUN19-8000-C,98.05,0.092,1.9,0,1558100136529,21177120,1071
2019-05-17 14:35:12.255,1.0,sell,7173.68,BTC-28JUN19-8000-C,98.96,0.094,1.0,0,1558103712255,21183591,1072
2019-05-17 14:58:58.329,0.2,sell,7155.23,BTC-28JUN19-8000-C,101.49,0.0965,0.2,0,1558105138329,21184991,1073
2019-05-17 15:12:17.854,0.3,sell,7166.02,BTC-28JUN19-8000-C,99.58,0.0945,0.3,2,1558105937854,21185959,1074
2019-05-17 16:18:42.419,5.0,buy,7118.64,BTC-28JUN19-8000-C,99.71,0.0925,5.0,2,1558109922419,21195493,1075
2019-05-17 18:42:18.448,5.0,buy,7069.13,BTC-28JUN19-8000-C,100.4,0.09,5.0,2,1558118538448,21218397,1076
2019-05-17 19:02:07.277,0.1,sell,7109.97,BTC-28JUN19-8000-C,97.38,0.08800000000000001,0.1,2,1558119727277,21219796,1077
2019-05-17 19:04:28.983,0.1,sell,7132.66,BTC-28JUN19-8000-C,97.25,0.08900000000000001,0.1,0,1558119868983,21220051,1078
2019-05-17 20:40:20.246,5.0,buy,7085.92,BTC-28JUN19-8000-C,102.3,0.09300000000000001,5.0,0,1558125620246,21229869,1079
2019-05-17 20:40:20.249,5.0,sell,7085.92,BTC-28JUN19-8000-C,102.3,0.09300000000000001,5.0,1,1558125620249,21229870,1080
2019-05-17 20:40:24.219,10.0,sell,7085.7,BTC-28JUN19-8000-C,102.29,0.09300000000000001,10.0,1,1558125624219,21229871,1081
2019-05-17 20:45:47.711,4.0,buy,7085.87,BTC-28JUN19-8000-C,104.69,0.0965,4.0,1,1558125947711,21230063,1083
2019-05-17 20:45:47.711,4.0,buy,7085.87,BTC-28JUN19-8000-C,104.69,0.0965,4.0,0,1558125947711,21230062,1082
2019-05-18 15:32:13.839,5.0,sell,7394.18,BTC-28JUN19-8000-C,98.57,0.099,5.0,0,1558193533839,21304416,1084
2019-05-19 01:30:45.198,0.8,buy,7605.36,BTC-28JUN19-8000-C,96.24,0.106,0.8,0,1558229445198,21334686,1085
2019-05-19 03:42:07.336,0.2,buy,7881.95,BTC-28JUN19-8000-C,102.28,0.128,0.2,0,1558237327336,21362249,1086
2019-05-19 06:13:19.415,0.3,buy,7981.61,BTC-28JUN19-8000-C,102.13,0.134,0.3,0,1558246399415,21378490,1087
2019-05-19 06:18:42.470,0.2,sell,7969.07,BTC-28JUN19-8000-C,95.64,0.125,0.2,2,1558246722470,21378797,1088
2019-05-19 07:00:47.068,9.6,buy,7935.9,BTC-28JUN19-8000-C,105.56,0.136,9.6,0,1558249247068,21380448,1089
2019-05-19 10:16:00.298,2.0,sell,8140.86,BTC-28JUN19-8000-C,96.88,0.135,2.0,2,1558260960298,21394884,1090
2019-05-19 10:58:47.041,0.2,sell,8087.85,BTC-28JUN19-8000-C,102.82,0.14,0.2,0,1558263527041,21399216,1091
2019-05-19 11:00:34.624,9.2,buy,8080.84,BTC-28JUN19-8000-C,103.9,0.141,9.2,1,1558263634624,21399356,1093
2019-05-19 11:00:34.624,0.8,buy,8080.84,BTC-28JUN19-8000-C,103.9,0.141,0.8,0,1558263634624,21399355,1092
2019-05-19 11:29:45.460,1.0,buy,8103.24,BTC-28JUN19-8000-C,102.96,0.141,1.0,1,1558265385460,21401328,1094
2019-05-19 11:29:45.460,2.0,buy,8103.24,BTC-28JUN19-8000-C,106.45,0.1455,2.0,0,1558265385460,21401329,1095
2019-05-19 16:14:11.453,0.1,buy,7963.2,BTC-28JUN19-8000-C,105.56,0.1405,0.1,2,1558282451453,21434256,1096
2019-05-19 16:23:23.075,3.0,sell,7906.45,BTC-28JUN19-8000-C,99.91,0.1295,3.0,2,1558283003075,21435283,1097
2019-05-19 16:25:16.624,1.0,sell,7913.66,BTC-28JUN19-8000-C,99.94,0.1305,1.0,0,1558283116624,21435754,1098
2019-05-19 17:02:59.336,1.0,sell,7937.91,BTC-28JUN19-8000-C,99.99,0.131,1.0,0,1558285379336,21437877,1099
2019-05-19 17:08:38.082,2.0,sell,7952.62,BTC-28JUN19-8000-C,99.98,0.132,2.0,0,1558285718082,21438051,1100
2019-05-19 17:09:19.498,2.0,sell,7957.66,BTC-28JUN19-8000-C,99.69,0.132,2.0,1,1558285759498,21438072,1101
2019-05-19 18:18:40.111,9.6,sell,7976.38,BTC-28JUN19-8000-C,99.73,0.133,9.6,0,1558289920111,21442966,1102
2019-05-19 19:35:53.772,1.0,sell,8030.62,BTC-28JUN19-8000-C,99.73,0.136,1.0,0,1558294553772,21447376,1103
2019-05-19 19:36:56.305,1.0,sell,8021.48,BTC-28JUN19-8000-C,99.99,0.1355,1.0,2,1558294616305,21447621,1104
2019-05-19 19:40:58.634,9.6,buy,8011.96,BTC-28JUN19-8000-C,99.91,0.135,9.6,2,1558294858634,21448170,1105
2019-05-19 19:59:13.332,0.1,sell,7956.51,BTC-28JUN19-8000-C,99.13,0.131,0.1,2,1558295953332,21451037,1106
2019-05-19 20:12:50.164,1.0,buy,7966.07,BTC-28JUN19-8000-C,101.59,0.1345,1.0,0,1558296770164,21452881,1107
2019-05-19 20:39:10.736,20.0,buy,7988.58,BTC-28JUN19-8000-C,100.46,0.1345,20.0,1,1558298350736,21454609,1108
2019-05-19 21:07:55.690,1.0,sell,8034.85,BTC-28JUN19-8000-C,96.59,0.132,1.0,2,1558300075690,21456298,1109
2019-05-19 21:15:37.713,1.0,buy,8059.45,BTC-28JUN19-8000-C,99.33,0.13699999999999998,1.0,0,1558300537713,21456777,1110
2019-05-19 21:26:02.085,4.0,buy,8065.78,BTC-28JUN19-8000-C,101.11,0.1395,4.0,0,1558301162085,21457630,1111
2019-05-19 21:58:57.031,5.0,buy,8077.43,BTC-28JUN19-8000-C,100.99,0.14,5.0,1,1558303137031,21458888,1113
2019-05-19 21:58:57.031,1.0,buy,8077.43,BTC-28JUN19-8000-C,100.99,0.14,1.0,0,1558303137031,21458887,1112
2019-05-19 22:34:51.048,1.0,buy,8104.81,BTC-28JUN19-8000-C,95.49,0.1345,1.0,2,1558305291048,21461565,1114
2019-05-20 00:06:12.216,0.2,sell,7999.41,BTC-28JUN19-8000-C,98.99,0.1355,0.2,0,1558310772216,21489211,1115
2019-05-20 01:15:48.182,0.1,buy,7967.07,BTC-28JUN19-8000-C,98.15,0.1315,0.1,2,1558314948182,21512777,1116
2019-05-20 03:38:13.438,1.0,buy,8020.84,BTC-28JUN19-8000-C,94.86,0.1295,1.0,2,1558323493438,21518724,1117
2019-05-20 04:16:03.318,1.0,sell,8102.13,BTC-28JUN19-8000-C,93.57,0.1325,1.0,0,1558325763318,21525289,1118
2019-05-20 04:34:39.668,5.0,buy,8046.07,BTC-28JUN19-8000-C,98.55,0.1355,5.0,0,1558326879668,21527546,1119
2019-05-20 04:35:00.926,5.0,buy,8050.23,BTC-28JUN19-8000-C,98.95,0.136,5.0,0,1558326900926,21527568,1120
2019-05-20 04:37:56.852,5.0,buy,8063.95,BTC-28JUN19-8000-C,99.03,0.13699999999999998,5.0,0,1558327076852,21527722,1121
2019-05-20 04:38:03.998,5.0,buy,8061.03,BTC-28JUN19-8000-C,99.19,0.13699999999999998,5.0,1,1558327083998,21527729,1122
2019-05-20 04:42:46.827,5.0,buy,8080.25,BTC-28JUN19-8000-C,99.73,0.139,5.0,1,1558327366827,21528073,1124
2019-05-20 04:42:46.827,14.0,buy,8080.25,BTC-28JUN19-8000-C,99.73,0.139,14.0,1,1558327366827,21528074,1125
2019-05-20 04:42:46.827,1.0,buy,8080.25,BTC-28JUN19-8000-C,99.73,0.139,1.0,0,1558327366827,21528072,1123
2019-05-20 04:43:04.086,7.4,buy,8077.64,BTC-28JUN19-8000-C,99.93,0.139,7.4,1,1558327384086,21528076,1126
2019-05-20 04:43:04.086,2.6,buy,8077.64,BTC-28JUN19-8000-C,99.93,0.139,2.6,1,1558327384086,21528077,1127
2019-05-20 04:44:31.444,5.0,buy,8068.7,BTC-28JUN19-8000-C,100.27,0.139,5.0,1,1558327471444,21528128,1128
2019-05-20 04:45:07.204,5.0,buy,8078.45,BTC-28JUN19-8000-C,100.09,0.1395,5.0,0,1558327507204,21528202,1129
2019-05-20 04:45:34.083,5.0,sell,8071.54,BTC-28JUN19-8000-C,100.04,0.139,5.0,2,1558327534083,21528216,1130
2019-05-20 04:47:15.221,15.0,sell,8073.43,BTC-28JUN19-8000-C,100.13,0.139,15.0,3,1558327635221,21528333,1131
2019-05-20 04:47:29.337,15.0,sell,8072.69,BTC-28JUN19-8000-C,99.41,0.138,15.0,2,1558327649337,21528335,1132
2019-05-20 05:23:39.013,5.0,buy,8010.89,BTC-28JUN19-8000-C,98.49,0.1335,5.0,2,1558329819013,21530665,1133
2019-05-20 06:16:57.923,0.4,buy,7996.5,BTC-28JUN19-8000-C,97.13,0.131,0.4,2,1558333017923,21532958,1134
2019-05-20 07:34:33.294,5.0,sell,7958.34,BTC-28JUN19-8000-C,98.53,0.1305,5.0,2,1558337673294,21541215,1135
2019-05-20 07:37:55.104,5.0,sell,7994.19,BTC-28JUN19-8000-C,98.03,0.1315,5.0,0,1558337875104,21541814,1136
2019-05-20 07:38:29.075,5.0,buy,7991.94,BTC-28JUN19-8000-C,98.98,0.133,5.0,0,1558337909075,21541916,1137
2019-05-20 07:45:02.993,5.0,buy,7947.74,BTC-28JUN19-8000-C,99.53,0.131,5.0,2,1558338302993,21542564,1138
2019-05-20 07:45:51.823,5.0,buy,7906.65,BTC-28JUN19-8000-C,99.47,0.129,5.0,2,1558338351823,21542809,1139
2019-05-20 07:48:53.970,5.0,buy,7914.19,BTC-28JUN19-8000-C,99.57,0.1295,5.0,0,1558338533970,21543359,1140
2019-05-20 07:56:59.693,0.3,buy,7876.42,BTC-28JUN19-8000-C,93.59,0.12,0.3,2,1558339019693,21544636,1141
2019-05-20 09:00:51.835,0.3,buy,7917.37,BTC-28JUN19-8000-C,96.2,0.126,0.3,0,1558342851835,21553746,1142
2019-05-20 09:32:17.784,5.0,buy,7863.36,BTC-28JUN19-8000-C,99.83,0.1275,5.0,0,1558344737784,21557612,1143
2019-05-20 09:33:37.830,10.0,sell,7860.01,BTC-28JUN19-8000-C,98.86,0.126,10.0,2,1558344817830,21557653,1144
2019-05-20 09:34:55.117,10.0,sell,7856.68,BTC-28JUN19-8000-C,99.55,0.1265,10.0,0,1558344895117,21557769,1145
2019-05-20 09:36:07.232,10.0,sell,7858.99,BTC-28JUN19-8000-C,99.31,0.1265,10.0,1,1558344967232,21557814,1146
2019-05-20 09:39:43.713,1.0,buy,7901.72,BTC-28JUN19-8000-C,99.31,0.129,1.0,0,1558345183713,21558171,1147
2019-05-20 09:39:43.824,5.0,sell,7901.72,BTC-28JUN19-8000-C,99.31,0.129,5.0,1,1558345183824,21558172,1148
2019-05-20 11:04:07.955,0.1,sell,7915.77,BTC-28JUN19-8000-C,100.21,0.1305,0.1,0,1558350247955,21562275,1149
2019-05-20 11:04:42.823,0.1,sell,7893.08,BTC-28JUN19-8000-C,101.31,0.1305,0.1,1,1558350282823,21562346,1150
2019-05-20 12:46:58.949,0.4,sell,7790.59,BTC-28JUN19-8000-C,97.7,0.12,0.4,2,1558356418949,21569880,1151
2019-05-20 15:07:45.391,0.2,sell,7814.78,BTC-28JUN19-8000-C,94.78,0.1175,0.2,2,1558364865391,21596193,1152
2019-05-20 16:14:57.830,0.1,buy,7856.74,BTC-28JUN19-8000-C,100.04,0.1265,0.1,0,1558368897830,21600473,1153
2019-05-20 16:40:33.264,1.2,sell,7831.26,BTC-28JUN19-8000-C,94.77,0.118,1.2,2,1558370433264,21602397,1154
2019-05-20 16:40:44.047,1.0,sell,7832.56,BTC-28JUN19-8000-C,95.1,0.1185,1.0,0,1558370444047,21602409,1155
2019-05-20 16:48:30.925,1.0,sell,7852.92,BTC-28JUN19-8000-C,94.95,0.1195,1.0,0,1558370910925,21602850,1156
2019-05-20 17:24:04.559,1.0,buy,7839.82,BTC-28JUN19-8000-C,97.67,0.122,1.0,0,1558373044559,21604345,1157
2019-05-20 19:01:01.538,3.0,buy,7751.72,BTC-28JUN19-8000-C,95.34,0.114,3.0,2,1558378861538,21611862,1158
2019-05-20 19:01:18.062,0.5,buy,7743.35,BTC-28JUN19-8000-C,95.76,0.114,0.5,3,1558378878062,21611883,1159
2019-05-20 19:03:23.254,1.0,buy,7788.67,BTC-28JUN19-8000-C,97.12,0.1185,1.0,0,1558379003254,21612218,1160
2019-05-20 21:33:28.223,5.0,buy,8078.12,BTC-28JUN19-8000-C,99.96,0.13699999999999998,5.0,1,1558388008223,21634348,1162
2019-05-20 21:33:28.223,0.1,buy,8078.12,BTC-28JUN19-8000-C,99.96,0.13699999999999998,0.1,0,1558388008223,21634347,1161
2019-05-20 23:34:53.354,5.0,buy,7975.0,BTC-28JUN19-8000-C,99.86,0.1315,5.0,2,1558395293354,21651271,1163
2019-05-20 23:34:53.356,18.7,sell,7975.0,BTC-28JUN19-8000-C,99.86,0.1315,18.7,3,1558395293356,21651272,1164
2019-05-20 23:34:55.188,6.3,sell,7975.1,BTC-28JUN19-8000-C,99.86,0.1315,6.3,3,1558395295188,21651273,1165
2019-05-21 02:41:04.558,2.7,sell,7905.97,BTC-28JUN19-8000-C,95.1,0.121,2.7,2,1558406464558,21663193,1166
2019-05-21 03:18:14.988,0.1,buy,7931.49,BTC-28JUN19-8000-C,99.0,0.127,0.1,0,1558408694988,21665116,1167
2019-05-21 04:25:09.836,1.0,sell,7898.81,BTC-28JUN19-8000-C,93.24,0.11800000000000001,1.0,2,1558412709836,21668503,1168
2019-05-21 04:41:07.906,0.3,sell,7919.79,BTC-28JUN19-8000-C,92.93,0.11900000000000001,0.3,0,1558413667906,21668803,1169
2019-05-21 04:58:45.501,5.0,buy,7885.08,BTC-28JUN19-8000-C,96.81,0.122,5.0,0,1558414725501,21669507,1170
2019-05-21 04:59:43.314,5.0,buy,7886.96,BTC-28JUN19-8000-C,97.47,0.123,5.0,0,1558414783314,21669552,1171
2019-05-21 05:04:08.721,21.3,buy,7872.21,BTC-28JUN19-8000-C,97.86,0.1225,21.3,2,1558415048721,21669763,1172
2019-05-21 05:04:08.725,8.700000000000001,sell,7872.21,BTC-28JUN19-8000-C,97.86,0.1225,8.700000000000001,3,1558415048725,21669764,1173
2019-05-21 05:19:57.644,5.0,buy,7878.57,BTC-28JUN19-8000-C,98.05,0.123,5.0,0,1558415997644,21670877,1174
2019-05-21 07:49:12.175,5.0,buy,7934.4,BTC-28JUN19-8000-C,97.69,0.126,5.0,0,1558424952175,21675952,1175
2019-05-21 08:48:21.236,0.2,buy,7946.34,BTC-28JUN19-8000-C,99.01,0.128,0.2,0,1558428501236,21677648,1176
2019-05-21 11:11:26.746,1.0,sell,7937.85,BTC-28JUN19-8000-C,92.54,0.119,1.0,2,1558437086746,21684111,1177
2019-05-21 13:17:31.524,3.5,sell,7963.11,BTC-28JUN19-8000-C,93.14,0.122,3.5,0,1558444651524,21695138,1178
2019-05-21 14:47:52.400,10.0,sell,7924.9,BTC-28JUN19-8000-C,92.94,0.1185,10.0,2,1558450072400,21701555,1179
2019-05-21 15:24:17.761,2.2,buy,7956.36,BTC-28JUN19-8000-C,95.58,0.124,2.2,0,1558452257761,21703440,1180
2019-05-21 15:29:46.219,5.0,buy,7967.81,BTC-28JUN19-8000-C,94.72,0.1235,5.0,2,1558452586219,21703749,1181
2019-05-21 15:29:59.116,5.0,buy,7968.55,BTC-28JUN19-8000-C,95.08,0.124,5.0,0,1558452599116,21703757,1182
2019-05-21 15:34:04.299,5.0,sell,7944.12,BTC-28JUN19-8000-C,95.92,0.1235,5.0,2,1558452844299,21704094,1183
2019-05-21 15:39:22.556,5.0,buy,7941.45,BTC-28JUN19-8000-C,95.94,0.1235,5.0,3,1558453162556,21704289,1184
2019-05-21 15:56:55.444,5.0,sell,7940.68,BTC-28JUN19-8000-C,95.58,0.123,5.0,2,1558454215444,21706007,1185
2019-05-21 15:56:59.343,5.0,sell,7938.77,BTC-28JUN19-8000-C,95.69,0.123,5.0,3,1558454219343,21706009,1186
2019-05-21 16:37:24.090,1.0,sell,7922.14,BTC-28JUN19-8000-C,92.49,0.1175,1.0,2,1558456644090,21707930,1187
2019-05-21 17:01:56.623,5.0,buy,7918.48,BTC-28JUN19-8000-C,93.46,0.1185,5.0,0,1558458116623,21708975,1188
2019-05-21 17:02:07.867,5.0,sell,7917.96,BTC-28JUN19-8000-C,93.87,0.119,5.0,0,1558458127867,21708982,1189
2019-05-21 17:04:35.213,5.0,sell,7924.88,BTC-28JUN19-8000-C,93.82,0.1195,5.0,0,1558458275213,21709129,1190
2019-05-21 17:09:31.400,5.0,buy,7936.4,BTC-28JUN19-8000-C,94.91,0.1215,5.0,0,1558458571400,21709317,1191
2019-05-21 17:11:14.886,5.0,buy,7941.15,BTC-28JUN19-8000-C,94.99,0.122,5.0,0,1558458674886,21709468,1192
2019-05-21 20:34:35.196,10.0,buy,8080.29,BTC-28JUN19-8000-C,92.99,0.127,10.0,0,1558470875196,21723137,1193
2019-05-21 20:40:06.711,3.0,buy,8094.52,BTC-28JUN19-8000-C,92.41,0.127,3.0,1,1558471206711,21723844,1194
2019-05-21 20:51:34.637,1.0,sell,8091.33,BTC-28JUN19-8000-C,94.21,0.129,1.0,0,1558471894637,21724869,1195
2019-05-22 09:31:20.294,0.2,sell,7938.8,BTC-28JUN19-8000-C,88.88,0.1135,0.2,2,1558517480294,21753712,1196
2019-05-22 10:04:06.959,1.0,buy,7863.37,BTC-28JUN19-8000-C,94.34,0.116,1.0,0,1558519446959,21756328,1197
2019-05-22 11:16:07.025,1.0,sell,7812.49,BTC-28JUN19-8000-C,90.74,0.1085,1.0,2,1558523767025,21763143,1198
2019-05-22 12:06:36.678,0.6,sell,7841.7,BTC-28JUN19-8000-C,89.8,0.1095,0.6,0,1558526796678,21769329,1199
2019-05-22 15:19:54.358,1.0,buy,7889.19,BTC-28JUN19-8000-C,90.0,0.112,1.0,0,1558538394358,21778128,1200
2019-05-22 15:25:48.275,1.0,buy,8032.51,BTC-28JUN19-8000-C,89.58,0.12,1.0,0,1558538748275,21782300,1201
