date_utc,amount,direction,indexPrice,instrument,iv,price,quantity,tickDirection,timeStamp,tradeId,tradeSeq
2019-02-16 23:27:21.350,5.0,buy,3582.67,BTC-28JUN19-8000-C,63.91,0.0035,5.0,0,1550359641350,15424520,273
2019-02-16 23:27:21.350,3.9,buy,3582.67,BTC-28JUN19-8000-C,63.91,0.0035,3.9,1,1550359641350,15424522,275
2019-02-16 23:27:21.350,11.1,buy,3582.67,BTC-28JUN19-8000-C,63.91,0.0035,11.1,1,1550359641350,15424523,276
2019-02-16 23:27:21.350,5.0,buy,3582.67,BTC-28JUN19-8000-C,63.91,0.0035,5.0,1,1550359641350,15424521,274
2019-02-17 00:09:55.648,5.0,buy,3585.77,BTC-28JUN19-8000-C,63.86,0.0035,5.0,1,1550362195648,15425295,277
2019-02-17 00:09:55.648,20.0,buy,3585.77,BTC-28JUN19-8000-C,63.86,0.0035,20.0,1,1550362195648,15425296,278
2019-02-18 14:42:05.966,0.2,sell,3807.79,BTC-28JUN19-8000-C,58.88,0.003,0.2,2,1550500925966,15542638,279
2019-02-18 14:42:05.966,0.8,sell,3807.79,BTC-28JUN19-8000-C,58.88,0.003,0.8,3,1550500925966,15542639,280
2019-02-18 15:36:11.231,4.2,sell,3795.75,BTC-28JUN19-8000-C,59.09,0.003,4.2,3,1550504171231,15546430,281
2019-02-18 15:36:11.231,10.8,sell,3795.75,BTC-28JUN19-8000-C,59.09,0.003,10.8,3,1550504171231,15546431,282
2019-02-18 16:40:25.726,2.0,buy,3894.24,BTC-28JUN19-8000-C,60.97,0.0045,2.0,0,1550508025726,15558899,283
2019-02-18 17:05:38.776,3.4,sell,3841.05,BTC-28JUN19-8000-C,60.67,0.004,3.4,2,1550509538776,15566923,284
2019-02-18 18:30:15.250,2.0,buy,3892.35,BTC-28JUN19-8000-C,62.07,0.005,2.0,0,1550514615250,15573369,285
2019-02-19 22:47:13.026,19.1,sell,3910.84,BTC-28JUN19-8000-C,63.79,0.006,19.1,0,1550616433026,15667621,286
2019-02-19 22:48:11.314,19.2,buy,3909.67,BTC-28JUN19-8000-C,63.81,0.006,19.2,1,1550616491314,15667647,287
2019-02-19 22:48:27.243,19.1,buy,3910.2,BTC-28JUN19-8000-C,63.8,0.006,19.1,1,1550616507243,15667649,288
2019-02-19 22:48:27.339,0.1,sell,3910.2,BTC-28JUN19-8000-C,63.8,0.006,0.1,1,1550616507339,15667650,289
2019-02-19 22:49:13.970,15.0,buy,3909.21,BTC-28JUN19-8000-C,64.68,0.0065,15.0,0,1550616553970,15667651,290
2019-02-19 22:49:22.297,22.0,sell,3909.22,BTC-28JUN19-8000-C,64.68,0.0065,22.0,1,1550616562297,15667652,291
2019-02-19 23:16:32.425,20.7,buy,3904.57,BTC-28JUN19-8000-C,63.97,0.006,20.7,2,1550618192425,15668144,292
2019-02-19 23:16:43.676,19.1,sell,3905.53,BTC-28JUN19-8000-C,63.95,0.006,19.1,3,1550618203676,15668154,293
2019-02-19 23:16:46.653,19.2,sell,3904.21,BTC-28JUN19-8000-C,63.96,0.006,19.2,3,1550618206653,15668160,294
2019-02-19 23:16:52.452,19.0,sell,3904.3,BTC-28JUN19-8000-C,63.97,0.006,19.0,3,1550618212452,15668161,295
2019-02-19 23:17:02.030,18.2,sell,3904.69,BTC-28JUN19-8000-C,63.96,0.006,18.2,3,1550618222030,15668167,296
2019-02-19 23:17:07.247,3.8,sell,3904.73,BTC-28JUN19-8000-C,63.95,0.006,3.8,3,1550618227247,15668173,297
2019-02-20 10:31:48.990,4.0,buy,3943.7,BTC-28JUN19-8000-C,62.36,0.0055,4.0,2,1550658708990,15686862,298
2019-02-20 19:15:10.958,5.0,buy,3915.13,BTC-28JUN19-8000-C,63.04,0.0055,5.0,3,1550690110958,15708771,299
2019-02-21 02:08:27.497,1.0,buy,3924.36,BTC-28JUN19-8000-C,63.82,0.006,1.0,0,1550714907497,15718443,300
2019-02-21 02:29:59.126,1.0,buy,3922.78,BTC-28JUN19-8000-C,63.91,0.006,1.0,1,1550716199126,15718569,301
2019-02-21 03:19:26.545,4.0,buy,3921.17,BTC-28JUN19-8000-C,63.97,0.006,4.0,1,1550719166545,15718843,303
2019-02-21 03:19:26.545,6.0,buy,3921.17,BTC-28JUN19-8000-C,63.97,0.006,6.0,1,1550719166545,15718842,302
2019-02-21 10:07:26.991,0.1,sell,3898.21,BTC-28JUN19-8000-C,62.29,0.005,0.1,2,1550743646991,15737899,304
2019-02-21 10:07:27.410,0.1,buy,3898.21,BTC-28JUN19-8000-C,62.29,0.005,0.1,3,1550743647410,15737900,305
2019-02-21 10:07:43.146,0.1,buy,3897.7,BTC-28JUN19-8000-C,62.3,0.005,0.1,3,1550743663146,15737910,306
2019-02-21 10:07:57.835,0.1,buy,3897.7,BTC-28JUN19-8000-C,62.3,0.005,0.1,3,1550743677835,15737917,307
2019-02-21 10:08:13.358,0.1,buy,3897.71,BTC-28JUN19-8000-C,62.29,0.005,0.1,3,1550743693358,15737924,308
2019-02-21 10:08:28.914,0.1,buy,3897.71,BTC-28JUN19-8000-C,62.29,0.005,0.1,3,1550743708914,15737931,309
2019-02-21 10:17:16.397,1.0,sell,3890.99,BTC-28JUN19-8000-C,61.35,0.0045,1.0,2,1550744236397,15738260,310
2019-02-21 10:17:16.397,10.0,sell,3890.99,BTC-28JUN19-8000-C,61.35,0.0045,10.0,3,1550744236397,15738262,312
2019-02-21 10:17:16.397,10.0,sell,3890.99,BTC-28JUN19-8000-C,61.35,0.0045,10.0,3,1550744236397,15738261,311
2019-02-21 12:11:51.297,8.6,buy,3893.27,BTC-28JUN19-8000-C,62.32,0.005,8.6,1,1550751111297,15742135,314
2019-02-21 12:11:51.297,1.4,buy,3893.27,BTC-28JUN19-8000-C,62.32,0.005,1.4,0,1550751111297,15742134,313
2019-02-21 12:36:22.938,0.1,sell,3895.86,BTC-28JUN19-8000-C,54.37,0.002,0.1,2,1550752582938,15742836,315
2019-02-21 12:36:22.938,9.9,sell,3895.86,BTC-28JUN19-8000-C,54.37,0.002,9.9,3,1550752582938,15742837,316
2019-02-22 08:10:38.211,5.0,sell,3893.16,BTC-28JUN19-8000-C,61.56,0.0045,5.0,0,1550823038211,15760366,317
2019-02-22 10:46:53.964,0.3,buy,3924.89,BTC-28JUN19-8000-C,63.0,0.0055,0.3,0,1550832413964,15767285,318
2019-02-22 12:38:01.339,1.6,buy,3937.29,BTC-28JUN19-8000-C,62.78,0.0055,1.6,1,1550839081339,15770740,319
2019-02-23 12:19:38.903,2.0,buy,3931.5,BTC-28JUN19-8000-C,64.42,0.006,2.0,0,1550924378903,15802400,320
2019-02-23 14:08:42.235,5.1000000000000005,sell,3932.46,BTC-28JUN19-8000-C,64.38,0.006,5.1000000000000005,1,1550930922235,15803638,321
2019-02-23 16:59:10.784,4.7,sell,3969.92,BTC-28JUN19-8000-C,62.89,0.0055,4.7,2,1550941150784,15807901,322
2019-02-23 17:36:11.786,0.5,buy,4030.25,BTC-28JUN19-8000-C,62.86,0.006,0.5,0,1550943371786,15821332,323
2019-02-24 09:47:05.283,1.0,buy,4130.86,BTC-28JUN19-8000-C,64.28,0.008,1.0,0,1551001625283,15875319,324
2019-02-24 09:49:30.924,0.5,buy,4131.93,BTC-28JUN19-8000-C,64.2,0.008,0.5,1,1551001770924,15875340,325
2019-02-24 09:51:04.936,0.2,buy,4132.35,BTC-28JUN19-8000-C,64.21,0.008,0.2,1,1551001864936,15875357,326
2019-02-24 09:51:21.566,0.3,buy,4132.49,BTC-28JUN19-8000-C,64.22,0.008,0.3,1,1551001881566,15875363,327
2019-02-24 09:58:33.789,1.0,buy,4132.42,BTC-28JUN19-8000-C,64.28,0.008,1.0,1,1551002313789,15875470,328
2019-02-24 10:07:23.992,0.1,buy,4137.5,BTC-28JUN19-8000-C,64.17,0.008,0.1,1,1551002843992,15875774,329
2019-02-24 11:05:08.724,0.4,buy,4136.72,BTC-28JUN19-8000-C,64.15,0.008,0.4,1,1551006308724,15877072,330
2019-02-24 11:13:14.227,1.0,buy,4137.47,BTC-28JUN19-8000-C,64.14,0.008,1.0,1,1551006794227,15877196,331
2019-02-24 12:56:34.928,1.5,sell,4108.82,BTC-28JUN19-8000-C,62.98,0.006999999999999999,1.5,2,1551012994928,15880911,332
2019-02-24 14:49:58.057,5.0,buy,3816.92,BTC-28JUN19-8000-C,69.98,0.0075,5.0,0,1551019798057,15925486,333
2019-02-25 01:30:08.621,0.5,buy,3768.28,BTC-28JUN19-8000-C,68.28,0.006,0.5,2,1551058208621,15970180,334
2019-02-25 08:56:41.799,1.0,sell,3772.73,BTC-28JUN19-8000-C,66.12,0.005,1.0,2,1551085001799,15980898,335
2019-02-25 10:48:21.948,0.5,buy,3782.22,BTC-28JUN19-8000-C,67.03,0.0055,0.5,0,1551091701948,15985079,336
2019-02-25 11:00:28.419,2.0,buy,3781.58,BTC-28JUN19-8000-C,67.08,0.0055,2.0,1,1551092428419,15985456,337
2019-02-25 17:54:48.635,4.0,buy,3814.07,BTC-28JUN19-8000-C,68.57,0.0065,4.0,0,1551117288635,16001555,338
2019-02-26 07:18:57.797,0.1,sell,3778.3,BTC-28JUN19-8000-C,67.34,0.0055,0.1,2,1551165537797,16022772,339
2019-02-26 07:18:57.922,0.5,buy,3778.3,BTC-28JUN19-8000-C,67.34,0.0055,0.5,3,1551165537922,16022773,340
2019-02-26 07:19:13.193,0.5,sell,3778.3,BTC-28JUN19-8000-C,67.34,0.0055,0.5,3,1551165553193,16022787,341
2019-02-26 07:19:16.723,0.5,sell,3778.3,BTC-28JUN19-8000-C,67.34,0.0055,0.5,3,1551165556723,16022793,342
2019-02-26 07:19:23.106,0.5,sell,3777.46,BTC-28JUN19-8000-C,67.36,0.0055,0.5,3,1551165563106,16022794,343
2019-02-26 07:50:43.142,0.5,sell,3783.55,BTC-28JUN19-8000-C,67.26,0.0055,0.5,3,1551167443142,16023492,344
2019-02-26 07:50:46.243,0.5,sell,3784.05,BTC-28JUN19-8000-C,67.25,0.0055,0.5,3,1551167446243,16023493,345
2019-02-26 07:50:47.280,0.5,buy,3784.05,BTC-28JUN19-8000-C,67.25,0.0055,0.5,3,1551167447280,16023494,346
2019-02-26 07:51:03.637,0.5,sell,3783.91,BTC-28JUN19-8000-C,67.26,0.0055,0.5,3,1551167463637,16023497,347
2019-02-26 07:51:06.810,0.5,sell,3783.94,BTC-28JUN19-8000-C,67.26,0.0055,0.5,3,1551167466810,16023498,348
2019-02-26 07:51:07.009,0.5,buy,3783.94,BTC-28JUN19-8000-C,67.26,0.0055,0.5,3,1551167467009,16023499,349
2019-02-26 10:15:22.119,5.0,buy,3797.54,BTC-28JUN19-8000-C,68.03,0.006,5.0,0,1551176122119,16026809,350
2019-02-26 13:37:32.747,3.0,buy,3786.75,BTC-28JUN19-8000-C,67.33,0.0055,3.0,2,1551188252747,16031150,351
2019-02-26 16:52:37.727,1.0,sell,3795.08,BTC-28JUN19-8000-C,67.29,0.0055,1.0,3,1551199957727,16036559,352
2019-02-27 08:43:53.380,2.0,sell,3814.39,BTC-28JUN19-8000-C,67.04,0.0055,2.0,3,1551257033380,16051774,353
2019-02-27 19:32:21.108,2.0,sell,3799.23,BTC-28JUN19-8000-C,66.4,0.005,2.0,2,1551295941108,16064502,354
2019-02-27 21:41:59.446,2.0,sell,3739.91,BTC-28JUN19-8000-C,65.13,0.004,2.0,2,1551303719446,16079836,355
2019-02-28 15:31:37.436,5.0,sell,3800.67,BTC-28JUN19-8000-C,66.49,0.005,5.0,0,1551367897436,16107538,356
2019-03-01 18:18:15.357,5.0,buy,3830.97,BTC-28JUN19-8000-C,66.17,0.005,5.0,1,1551464295357,16154836,357
2019-03-01 19:32:00.235,5.0,buy,3831.9,BTC-28JUN19-8000-C,66.2,0.005,5.0,1,1551468720235,16155511,358
2019-03-01 19:32:00.235,5.0,buy,3831.9,BTC-28JUN19-8000-C,66.2,0.005,5.0,1,1551468720235,16155512,359
2019-03-01 19:41:03.695,4.0,buy,3831.39,BTC-28JUN19-8000-C,66.21,0.005,4.0,1,1551469263695,16155543,360
2019-03-01 19:41:17.291,11.0,buy,3831.39,BTC-28JUN19-8000-C,66.21,0.005,11.0,1,1551469277291,16155544,361
2019-03-01 19:43:42.284,15.0,buy,3831.21,BTC-28JUN19-8000-C,66.21,0.005,15.0,1,1551469422284,16155565,362
2019-03-01 23:01:13.767,10.0,sell,3810.79,BTC-28JUN19-8000-C,65.51,0.0045,10.0,2,1551481273767,16159788,363
2019-03-04 10:34:16.608,5.0,sell,3686.61,BTC-28JUN19-8000-C,66.02,0.0035,5.0,2,1551695656608,16228700,364
2019-03-05 13:21:34.887,10.0,buy,3765.12,BTC-28JUN19-8000-C,67.3,0.0045,10.0,0,1551792094887,16261692,365
2019-03-05 13:58:33.902,5.0,buy,3834.95,BTC-28JUN19-8000-C,67.14,0.005,5.0,0,1551794313902,16272187,366
2019-03-05 17:08:45.234,4.5,buy,3832.69,BTC-28JUN19-8000-C,68.18,0.0055,4.5,1,1551805725234,16291043,368
2019-03-05 17:08:45.234,12.0,buy,3832.69,BTC-28JUN19-8000-C,68.18,0.0055,12.0,0,1551805725234,16291042,367
2019-03-05 17:08:45.234,8.5,buy,3832.69,BTC-28JUN19-8000-C,68.18,0.0055,8.5,1,1551805725234,16291044,369
2019-03-05 17:09:57.606,15.0,sell,3826.3,BTC-28JUN19-8000-C,67.23,0.005,15.0,2,1551805797606,16291155,370
2019-03-06 02:31:59.044,10.0,sell,3827.55,BTC-28JUN19-8000-C,67.29,0.005,10.0,3,1551839519044,16302401,371
2019-03-06 12:09:26.112,10.0,sell,3853.48,BTC-28JUN19-8000-C,66.85,0.005,10.0,3,1551874166112,16318564,372
2019-03-06 12:14:29.066,5.0,sell,3851.51,BTC-28JUN19-8000-C,66.88,0.005,5.0,3,1551874469066,16318682,373
2019-03-08 13:52:54.201,4.0,buy,3879.53,BTC-28JUN19-8000-C,64.82,0.004,4.0,2,1552053174201,16385054,374
2019-03-08 15:53:54.930,5.0,sell,3886.22,BTC-28JUN19-8000-C,64.74,0.004,5.0,3,1552060434930,16388780,375
2019-03-08 19:46:00.190,1.0,sell,3890.62,BTC-28JUN19-8000-C,64.59,0.004,1.0,3,1552074360190,16391678,376
2019-03-08 19:46:00.190,12.0,sell,3890.62,BTC-28JUN19-8000-C,64.59,0.004,12.0,3,1552074360190,16391679,377
2019-03-09 17:12:53.707,4.0,sell,3893.94,BTC-28JUN19-8000-C,63.7,0.0035,4.0,2,1552151573707,16442532,378
2019-03-14 02:07:55.926,0.5,buy,3857.82,BTC-28JUN19-8000-C,67.09,0.004,0.5,0,1552529275926,16548524,379
2019-03-18 10:33:15.194,10.0,sell,3946.97,BTC-28JUN19-8000-C,65.26,0.0035,10.0,2,1552905195194,16686428,380
2019-03-18 18:50:35.426,6.6000000000000005,sell,3962.12,BTC-28JUN19-8000-C,63.62,0.003,6.6000000000000005,2,1552935035426,16692711,381
2019-03-18 19:00:37.558,3.4,sell,3961.73,BTC-28JUN19-8000-C,63.63,0.003,3.4,3,1552935637558,16692738,382
2019-03-19 10:38:38.030,10.0,sell,3975.17,BTC-28JUN19-8000-C,65.01,0.0035,10.0,0,1552991918030,16703354,383
2019-03-20 08:50:20.194,50.0,sell,3989.4,BTC-28JUN19-8000-C,63.62,0.003,50.0,2,1553071820194,16727076,384
2019-03-20 08:50:28.156,50.0,buy,3989.38,BTC-28JUN19-8000-C,65.1,0.0035,50.0,0,1553071828156,16727077,385
2019-03-21 03:37:04.193,0.5,sell,4030.15,BTC-28JUN19-8000-C,63.26,0.003,0.5,2,1553139424193,16748162,386
2019-03-21 12:15:36.927,10.0,buy,4037.38,BTC-28JUN19-8000-C,66.06,0.004,10.0,0,1553170536927,16751789,387
2019-03-21 16:09:54.085,3.4,buy,3964.07,BTC-28JUN19-8000-C,67.66,0.004,3.4,1,1553184594085,16768223,388
2019-03-22 07:29:05.980,10.0,sell,3965.06,BTC-28JUN19-8000-C,66.43,0.0035,10.0,2,1553239745980,16775079,389
2019-03-22 07:30:37.966,10.0,buy,3965.7,BTC-28JUN19-8000-C,67.8,0.004,10.0,0,1553239837966,16775103,390
2019-03-22 12:01:36.186,37.8,buy,3982.16,BTC-28JUN19-8000-C,67.55,0.004,37.8,1,1553256096186,16777314,392
2019-03-22 12:01:36.186,7.7,buy,3982.16,BTC-28JUN19-8000-C,67.55,0.004,7.7,1,1553256096186,16777313,391
2019-03-23 13:24:41.107,6.0,sell,3963.26,BTC-28JUN19-8000-C,66.68,0.0035,6.0,2,1553347481107,16793299,393
2019-03-25 18:54:00.559,0.2,sell,3908.04,BTC-28JUN19-8000-C,65.36,0.0025,0.2,2,1553540040559,16819353,394
2019-03-27 00:50:59.997,0.3,buy,3924.61,BTC-28JUN19-8000-C,68.92,0.0035,0.3,0,1553647859997,16843977,395
2019-03-27 08:25:31.146,5.0,sell,3983.55,BTC-28JUN19-8000-C,62.65,0.002,5.0,2,1553675131146,16855028,396
2019-03-28 00:01:19.489,0.1,buy,4022.43,BTC-28JUN19-8000-C,67.32,0.0035,0.1,0,1553731279489,16879019,397
2019-03-28 17:38:24.930,2.8000000000000003,sell,4008.76,BTC-28JUN19-8000-C,66.28,0.003,2.8000000000000003,2,1553794704930,16927406,398
2019-03-29 04:14:30.123,0.1,buy,4031.82,BTC-28JUN19-8000-C,67.54,0.0035,0.1,0,1553832870123,16933272,399
2019-03-29 08:06:24.049,5.3,buy,4026.37,BTC-28JUN19-8000-C,67.95,0.0035,5.3,1,1553846784049,16941101,400
2019-03-29 08:06:24.052,15.0,sell,4026.37,BTC-28JUN19-8000-C,81.35,0.01,15.0,0,1553846784052,16941102,401
2019-03-29 08:06:24.055,4.7,sell,4026.37,BTC-28JUN19-8000-C,81.35,0.01,4.7,1,1553846784055,16941103,402
2019-03-29 14:05:51.944,1.0,buy,4079.19,BTC-28JUN19-8000-C,68.0,0.004,1.0,2,1553868351944,16958542,403
2019-04-01 09:16:52.465,3.0,buy,4123.39,BTC-28JUN19-8000-C,68.35,0.004,3.0,3,1554110212465,17003017,404
2019-04-02 04:40:55.850,10.0,buy,4476.5,BTC-28JUN19-8000-C,63.07,0.0045,10.0,0,1554180055850,17030861,405
2019-04-02 04:53:56.780,0.2,buy,4754.98,BTC-28JUN19-8000-C,57.49,0.0045,0.2,1,1554180836780,17039306,406
2019-04-02 04:53:57.002,3.9,buy,4754.98,BTC-28JUN19-8000-C,57.49,0.0045,3.9,1,1554180837002,17039323,407
2019-04-02 04:56:17.743,6.9,buy,4766.68,BTC-28JUN19-8000-C,57.35,0.0045,6.9,1,1554180977743,17042151,408
2019-04-02 04:56:20.596,4.0,buy,4767.96,BTC-28JUN19-8000-C,57.21,0.0045,4.0,1,1554180980596,17042201,409
2019-04-02 05:26:04.546,10.0,buy,4980.89,BTC-28JUN19-8000-C,57.13,0.0065,10.0,0,1554182764546,17063675,410
2019-04-02 05:48:23.828,0.2,buy,4856.76,BTC-28JUN19-8000-C,59.4,0.0065,0.2,1,1554184103828,17072402,411
2019-04-02 08:25:21.778,0.5,buy,4714.68,BTC-28JUN19-8000-C,68.5,0.0105,0.5,0,1554193521778,17094521,412
2019-04-02 09:52:07.744,1.0,buy,4785.69,BTC-28JUN19-8000-C,67.79,0.011,1.0,0,1554198727744,17101735,413
2019-04-02 09:58:18.174,2.0,buy,4799.8,BTC-28JUN19-8000-C,67.51,0.011,2.0,1,1554199098174,17102303,414
2019-04-03 00:44:57.804,1.0,buy,4955.04,BTC-28JUN19-8000-C,64.26,0.0105,1.0,2,1554252297804,17161215,415
2019-04-03 00:49:40.444,3.5,buy,4952.5,BTC-28JUN19-8000-C,64.92,0.011,3.5,0,1554252580444,17161772,416
2019-04-03 01:52:00.993,14.5,buy,4974.29,BTC-28JUN19-8000-C,64.48,0.011,14.5,1,1554256320993,17166156,418
2019-04-03 01:52:00.993,3.5,buy,4974.29,BTC-28JUN19-8000-C,64.48,0.011,3.5,1,1554256320993,17166155,417
2019-04-03 01:52:41.652,5.5,buy,4978.9,BTC-28JUN19-8000-C,64.38,0.011,5.5,1,1554256361652,17166177,419
2019-04-03 02:29:44.839,10.0,sell,5022.73,BTC-28JUN19-8000-C,67.09,0.014,10.0,0,1554258584839,17170172,420
2019-04-03 13:20:46.001,0.1,buy,5019.73,BTC-28JUN19-8000-C,67.85,0.0145,0.1,0,1554297646001,17200660,421
2019-04-03 16:19:43.393,1.0,buy,5107.82,BTC-28JUN19-8000-C,67.61,0.016,1.0,0,1554308383393,17210904,422
2019-04-03 20:45:56.937,1.0,sell,5242.17,BTC-28JUN19-8000-C,67.07,0.018000000000000002,1.0,0,1554324356937,17236987,423
2019-04-03 21:44:23.853,1.0,buy,5296.85,BTC-28JUN19-8000-C,70.82,0.023,1.0,0,1554327863853,17242332,424
2019-04-04 01:31:12.588,1.0,sell,5045.1,BTC-28JUN19-8000-C,74.42,0.021,1.0,2,1554341472588,17283621,425
2019-04-04 01:31:59.832,3.5,sell,5046.59,BTC-28JUN19-8000-C,73.47,0.02,3.5,2,1554341519832,17283634,426
2019-04-04 11:11:31.386,10.0,sell,4948.34,BTC-28JUN19-8000-C,74.55,0.019,10.0,2,1554376291386,17302726,427
2019-04-05 09:58:28.341,0.1,sell,4951.88,BTC-28JUN19-8000-C,71.53,0.016,0.1,2,1554458308341,17357326,428
2019-04-05 12:37:41.712,0.4,buy,5019.36,BTC-28JUN19-8000-C,72.95,0.0185,0.4,0,1554467861712,17362462,429
2019-04-05 19:05:57.970,1.0,buy,5026.34,BTC-28JUN19-8000-C,74.13,0.0195,1.0,0,1554491157970,17379692,430
2019-04-06 14:59:47.101,1.0,buy,5047.29,BTC-28JUN19-8000-C,71.67,0.0175,1.0,2,1554562787101,17396130,431
2019-04-06 15:28:39.326,0.1,buy,5049.53,BTC-28JUN19-8000-C,72.07,0.018000000000000002,0.1,0,1554564519326,17399467,432
2019-04-06 15:57:18.095,11.0,buy,5095.38,BTC-28JUN19-8000-C,71.64,0.0185,11.0,0,1554566238095,17400994,433
2019-04-06 15:57:42.120,7.4,buy,5107.23,BTC-28JUN19-8000-C,71.27,0.0185,7.4,1,1554566262120,17401301,434
2019-04-06 16:42:40.556,2.6,sell,5211.07,BTC-28JUN19-8000-C,71.01,0.0205,2.6,0,1554568960556,17409276,435
2019-04-06 19:25:18.586,1.0,buy,5191.14,BTC-28JUN19-8000-C,70.79,0.02,1.0,2,1554578718586,17419832,436
2019-04-07 09:07:42.153,10.0,buy,5178.52,BTC-28JUN19-8000-C,73.69,0.0225,10.0,0,1554628062153,17462044,437
2019-04-07 09:08:52.982,8.0,buy,5170.74,BTC-28JUN19-8000-C,74.26,0.023,8.0,0,1554628132982,17462054,438
2019-04-07 21:06:59.017,6.9,sell,5160.55,BTC-28JUN19-8000-C,71.19,0.019,6.9,2,1554671219017,17481497,439
2019-04-08 00:23:15.791,0.1,sell,5206.88,BTC-28JUN19-8000-C,70.24,0.019,0.1,3,1554682995791,17496514,440
2019-04-08 00:43:33.660,5.8,sell,5239.31,BTC-28JUN19-8000-C,71.45,0.021,5.8,0,1554684213660,17498369,441
2019-04-08 01:30:33.080,0.1,sell,5274.59,BTC-28JUN19-8000-C,69.51,0.02,0.1,2,1554687033080,17503528,442
2019-04-08 01:31:26.814,0.1,sell,5276.62,BTC-28JUN19-8000-C,69.48,0.02,0.1,3,1554687086814,17503576,443
2019-04-08 02:05:41.834,0.1,sell,5300.34,BTC-28JUN19-8000-C,69.32,0.0205,0.1,0,1554689141834,17504678,444
2019-04-08 05:55:36.420,73.10000000000002,buy,5274.91,BTC-28JUN19-8000-C,72.24,0.023,73.10000000000002,0,1554702936420,17514631,445
2019-04-08 05:58:36.612,400.0,buy,5288.52,BTC-28JUN19-8000-C,71.52,0.0225,400.0,2,1554703116612,17514681,446
2019-04-08 06:51:41.745,25.0,sell,5271.74,BTC-28JUN19-8000-C,70.45,0.021,25.0,2,1554706301745,17516147,447
2019-04-08 09:23:16.348,1.0,buy,5229.9,BTC-28JUN19-8000-C,72.68,0.022000000000000002,1.0,0,1554715396348,17522638,448
2019-04-08 15:10:11.798,1.0,sell,5233.62,BTC-28JUN19-8000-C,69.29,0.0185,1.0,2,1554736211798,17534163,449
2019-04-08 15:56:55.247,1.0,buy,5236.85,BTC-28JUN19-8000-C,73.08,0.0225,1.0,0,1554739015247,17535107,450
2019-04-08 20:01:09.155,8.0,buy,5195.67,BTC-28JUN19-8000-C,72.74,0.021,8.0,2,1554753669155,17540678,451
2019-04-08 22:02:21.695,0.1,sell,5285.19,BTC-28JUN19-8000-C,71.8,0.022000000000000002,0.1,1,1554760941695,17545027,453
2019-04-08 22:02:21.695,0.3,sell,5285.19,BTC-28JUN19-8000-C,71.8,0.022000000000000002,0.3,0,1554760941695,17545026,452
2019-04-09 00:01:03.489,0.2,sell,5280.85,BTC-28JUN19-8000-C,70.0,0.02,0.2,2,1554768063489,17549785,454
2019-04-09 14:53:07.503,0.1,sell,5205.46,BTC-28JUN19-8000-C,71.62,0.0195,0.1,2,1554821587503,17576826,455
2019-04-10 19:27:47.674,12.0,sell,5407.74,BTC-28JUN19-8000-C,68.77,0.0205,12.0,0,1554924467674,17624709,456
2019-04-10 20:43:12.305,20.0,sell,5274.4,BTC-28JUN19-8000-C,70.92,0.02,20.0,2,1554928992305,17637148,457
2019-04-10 20:43:36.046,20.0,sell,5266.36,BTC-28JUN19-8000-C,71.16,0.02,20.0,3,1554929016046,17637410,458
2019-04-10 20:48:19.961,10.2,sell,5286.3,BTC-28JUN19-8000-C,70.93,0.02,10.2,3,1554929299961,17639054,459
2019-04-10 20:49:13.272,10.0,sell,5288.05,BTC-28JUN19-8000-C,70.9,0.02,10.0,3,1554929353272,17639325,460
2019-04-11 00:55:54.861,0.2,sell,5303.3,BTC-28JUN19-8000-C,70.56,0.02,0.2,3,1554944154861,17654692,461
2019-04-11 03:32:13.346,40.4,sell,5259.22,BTC-28JUN19-8000-C,71.83,0.02,40.4,3,1554953533346,17660139,463
2019-04-11 03:32:13.346,39.6,sell,5259.22,BTC-28JUN19-8000-C,71.83,0.02,39.6,3,1554953533346,17660138,462
2019-04-11 03:37:26.245,50.0,sell,5231.3,BTC-28JUN19-8000-C,72.59,0.02,50.0,3,1554953846245,17662091,464
2019-04-11 03:46:56.853,1.0,sell,5212.64,BTC-28JUN19-8000-C,73.03,0.02,1.0,3,1554954416853,17665507,465
2019-04-11 03:46:57.722,8.6,sell,5211.49,BTC-28JUN19-8000-C,73.05,0.02,8.6,3,1554954417722,17665529,466
2019-04-12 05:42:51.709,2.0,sell,5007.5,BTC-28JUN19-8000-C,69.38,0.0125,2.0,3,1555047771709,17738249,468
2019-04-12 05:42:51.709,1.0,sell,5007.5,BTC-28JUN19-8000-C,69.38,0.0125,1.0,2,1555047771709,17738248,467
2019-04-12 17:17:10.954,0.1,buy,5079.5,BTC-28JUN19-8000-C,68.91,0.013,0.1,0,1555089430954,17752568,469
2019-04-12 20:03:42.312,4.9,sell,5049.63,BTC-28JUN19-8000-C,69.7,0.013,4.9,1,1555099422312,17758885,470
2019-04-13 15:14:26.291,1.0,buy,5106.39,BTC-28JUN19-8000-C,68.72,0.0125,1.0,2,1555168466291,17779846,471
2019-04-14 07:26:15.673,10.0,sell,5041.04,BTC-28JUN19-8000-C,68.21,0.011,10.0,2,1555226775673,17792901,472
2019-04-14 07:30:40.761,90.0,sell,5040.23,BTC-28JUN19-8000-C,68.21,0.011,90.0,3,1555227040761,17792907,473
2019-04-14 13:01:52.211,0.1,buy,5070.71,BTC-28JUN19-8000-C,68.37,0.0115,0.1,0,1555246912211,17795906,474
2019-04-14 13:02:10.690,0.1,buy,5070.71,BTC-28JUN19-8000-C,68.37,0.0115,0.1,1,1555246930690,17795907,475
2019-04-14 13:02:15.878,0.1,buy,5070.67,BTC-28JUN19-8000-C,69.03,0.012,0.1,0,1555246935878,17795909,476
2019-04-14 21:20:10.847,0.1,buy,5102.93,BTC-28JUN19-8000-C,68.55,0.012,0.1,1,1555276810847,17801791,477
2019-04-14 22:09:15.993,0.1,buy,5141.65,BTC-28JUN19-8000-C,66.95,0.0115,0.1,2,1555279755993,17803005,478
2019-04-15 01:26:40.831,6.5,sell,5178.68,BTC-28JUN19-8000-C,68.16,0.013,6.5,0,1555291600831,17811381,479
2019-04-15 10:43:08.350,1.8,sell,5149.62,BTC-28JUN19-8000-C,65.68,0.0105,1.8,2,1555324988350,17816899,480
2019-04-15 20:08:23.822,0.3,sell,4977.05,BTC-28JUN19-8000-C,68.48,0.01,0.3,2,1555358903822,17840385,481
2019-04-16 06:55:42.363,0.1,buy,5065.52,BTC-28JUN19-8000-C,68.97,0.0115,0.1,0,1555397742363,17853900,482
2019-04-16 17:51:53.654,12.0,buy,5205.29,BTC-28JUN19-8000-C,65.97,0.0115,12.0,1,1555437113654,17873975,483
2019-04-16 17:54:02.129,12.0,buy,5217.27,BTC-28JUN19-8000-C,66.34,0.012,12.0,0,1555437242129,17874275,484
2019-04-17 09:55:43.340,5.0,buy,5209.75,BTC-28JUN19-8000-C,65.98,0.0115,5.0,2,1555494943340,17895012,485
2019-04-17 10:04:43.400,7.8,buy,5205.4,BTC-28JUN19-8000-C,66.04,0.0115,7.8,3,1555495483400,17895082,486
2019-04-17 10:04:43.408,4.2,buy,5205.4,BTC-28JUN19-8000-C,66.04,0.0115,4.2,3,1555495483408,17895083,487
2019-04-17 10:04:43.408,10.0,buy,5205.4,BTC-28JUN19-8000-C,66.71,0.012,10.0,0,1555495483408,17895084,488
2019-04-17 10:04:43.408,2.3000000000000003,buy,5205.4,BTC-28JUN19-8000-C,66.71,0.012,2.3000000000000003,1,1555495483408,17895086,490
2019-04-17 10:04:43.408,0.1,buy,5205.4,BTC-28JUN19-8000-C,66.71,0.012,0.1,1,1555495483408,17895085,489
2019-04-17 10:04:43.410,2.1,buy,5205.4,BTC-28JUN19-8000-C,66.71,0.012,2.1,1,1555495483410,17895087,491
2019-04-17 10:04:43.410,3.7,buy,5205.4,BTC-28JUN19-8000-C,67.36,0.0125,3.7,0,1555495483410,17895088,492
2019-04-17 10:04:43.413,3.2,buy,5205.4,BTC-28JUN19-8000-C,67.36,0.0125,3.2,1,1555495483413,17895089,493
2019-04-17 10:04:43.414,4.3,buy,5205.4,BTC-28JUN19-8000-C,67.36,0.0125,4.3,1,1555495483414,17895090,494
2019-04-17 10:04:43.415,5.7,buy,5205.4,BTC-28JUN19-8000-C,67.36,0.0125,5.7,1,1555495483415,17895091,495
2019-04-17 10:04:43.416,4.7,buy,5205.4,BTC-28JUN19-8000-C,67.36,0.0125,4.7,1,1555495483416,17895092,496
2019-04-17 10:04:43.417,4.2,buy,5205.4,BTC-28JUN19-8000-C,67.36,0.0125,4.2,1,1555495483417,17895093,497
2019-04-17 10:04:43.418,10.9,buy,5205.4,BTC-28JUN19-8000-C,67.36,0.0125,10.9,1,1555495483418,17895094,498
2019-04-17 10:04:43.419,4.8,buy,5205.4,BTC-28JUN19-8000-C,67.36,0.0125,4.8,1,1555495483419,17895095,499
2019-04-17 10:04:43.420,4.0,buy,5205.4,BTC-28JUN19-8000-C,67.36,0.0125,4.0,1,1555495483420,17895096,500
2019-04-17 10:04:43.421,6.9,buy,5205.4,BTC-28JUN19-8000-C,67.36,0.0125,6.9,1,1555495483421,17895097,501
2019-04-17 10:04:43.910,1.1,buy,5205.23,BTC-28JUN19-8000-C,67.36,0.0125,1.1,0,1555495483910,17895099,503
2019-04-17 10:04:43.910,0.1,buy,5205.23,BTC-28JUN19-8000-C,66.71,0.012,0.1,2,1555495483910,17895098,502
2019-04-17 10:04:43.911,11.6,buy,5205.23,BTC-28JUN19-8000-C,67.36,0.0125,11.6,1,1555495483911,17895100,504
2019-04-17 10:04:43.913,9.1,buy,5205.23,BTC-28JUN19-8000-C,67.36,0.0125,9.1,1,1555495483913,17895101,505
2019-04-17 10:05:09.813,2.8000000000000003,buy,5204.95,BTC-28JUN19-8000-C,66.71,0.012,2.8000000000000003,2,1555495509813,17895120,506
2019-04-17 10:05:09.820,3.9,buy,5204.95,BTC-28JUN19-8000-C,66.71,0.012,3.9,3,1555495509820,17895121,507
2019-04-17 10:05:09.822,2.9,buy,5204.95,BTC-28JUN19-8000-C,66.71,0.012,2.9,3,1555495509822,17895122,508
2019-04-17 10:05:09.823,2.0,buy,5204.95,BTC-28JUN19-8000-C,66.71,0.012,2.0,3,1555495509823,17895123,509
2019-04-17 10:05:09.824,3.0,buy,5204.95,BTC-28JUN19-8000-C,67.36,0.0125,3.0,0,1555495509824,17895125,511
2019-04-17 10:05:09.824,0.4,buy,5204.95,BTC-28JUN19-8000-C,66.71,0.012,0.4,3,1555495509824,17895124,510
2019-04-17 10:05:09.827,5.8,buy,5204.95,BTC-28JUN19-8000-C,67.36,0.0125,5.8,1,1555495509827,17895126,512
2019-04-17 10:05:09.830,1.6,buy,5204.95,BTC-28JUN19-8000-C,67.36,0.0125,1.6,1,1555495509830,17895127,513
2019-04-17 10:05:09.832,4.5,buy,5204.95,BTC-28JUN19-8000-C,67.36,0.0125,4.5,1,1555495509832,17895128,514
2019-04-17 10:05:09.833,0.6,buy,5204.95,BTC-28JUN19-8000-C,67.36,0.0125,0.6,1,1555495509833,17895129,515
2019-04-17 10:05:09.834,2.2,buy,5204.95,BTC-28JUN19-8000-C,67.36,0.0125,2.2,1,1555495509834,17895130,516
2019-04-17 10:05:09.835,2.3000000000000003,buy,5204.95,BTC-28JUN19-8000-C,67.36,0.0125,2.3000000000000003,1,1555495509835,17895131,517
2019-04-17 10:05:09.836,2.4,buy,5204.95,BTC-28JUN19-8000-C,67.36,0.0125,2.4,1,1555495509836,17895134,520
2019-04-17 10:05:09.836,5.8,buy,5204.95,BTC-28JUN19-8000-C,67.36,0.0125,5.8,1,1555495509836,17895132,518
2019-04-17 10:05:09.836,0.1,buy,5204.95,BTC-28JUN19-8000-C,67.36,0.0125,0.1,1,1555495509836,17895133,519
2019-04-17 10:05:09.840,2.4,buy,5204.95,BTC-28JUN19-8000-C,67.36,0.0125,2.4,1,1555495509840,17895135,521
2019-04-17 10:05:09.841,2.1,buy,5204.95,BTC-28JUN19-8000-C,67.36,0.0125,2.1,1,1555495509841,17895136,522
2019-04-17 10:05:10.348,3.1,buy,5204.95,BTC-28JUN19-8000-C,67.36,0.0125,3.1,1,1555495510348,17895138,523
2019-04-17 10:05:10.359,2.3000000000000003,sell,5204.95,BTC-28JUN19-8000-C,67.36,0.0125,2.3000000000000003,1,1555495510359,17895139,524
2019-04-17 10:10:32.370,12.0,buy,5202.27,BTC-28JUN19-8000-C,67.45,0.0125,12.0,1,1555495832370,17895233,525
2019-04-17 10:10:32.370,8.0,buy,5202.27,BTC-28JUN19-8000-C,67.45,0.0125,8.0,1,1555495832370,17895234,526
2019-04-17 19:25:17.285,0.3,sell,5216.11,BTC-28JUN19-8000-C,66.07,0.0115,0.3,2,1555529117285,17906806,527
2019-04-17 19:53:09.769,3.0,sell,5223.35,BTC-28JUN19-8000-C,65.9,0.0115,3.0,3,1555530789769,17907032,528
2019-04-17 19:54:00.663,10.0,sell,5223.3,BTC-28JUN19-8000-C,65.21,0.011,10.0,2,1555530840663,17907033,529
2019-04-17 19:54:12.515,5.0,sell,5223.23,BTC-28JUN19-8000-C,63.8,0.01,5.0,2,1555530852515,17907034,530
2019-04-18 08:16:56.205,1.0,buy,5257.25,BTC-28JUN19-8000-C,66.83,0.0125,1.0,0,1555575416205,17919303,531
2019-04-18 14:52:03.073,10.0,sell,5247.13,BTC-28JUN19-8000-C,63.73,0.01,10.0,3,1555599123073,17924053,533
2019-04-18 14:52:03.073,12.0,sell,5247.13,BTC-28JUN19-8000-C,63.73,0.01,12.0,2,1555599123073,17924052,532
2019-04-18 17:48:57.712,5.7,buy,5282.92,BTC-28JUN19-8000-C,65.81,0.012,5.7,0,1555609737712,17929962,534
2019-04-18 21:34:48.767,2.0,buy,5309.89,BTC-28JUN19-8000-C,66.6,0.013,2.0,0,1555623288767,17936208,535
2019-04-19 10:27:55.262,5.8,sell,5253.87,BTC-28JUN19-8000-C,63.31,0.0095,5.8,2,1555669675262,17949360,536
2019-04-21 12:24:22.646,4.0,sell,5244.13,BTC-28JUN19-8000-C,65.4,0.01,4.0,0,1555849462646,18012015,537
2019-04-22 21:34:28.968,3.0,buy,5380.36,BTC-28JUN19-8000-C,66.33,0.0125,3.0,0,1555968868968,18069736,538
2019-04-23 05:42:05.870,1.9,buy,5542.05,BTC-28JUN19-8000-C,66.07,0.015,1.9,1,1555998125870,18097519,540
2019-04-23 05:42:05.870,0.1,buy,5542.05,BTC-28JUN19-8000-C,66.07,0.015,0.1,0,1555998125870,18097518,539
2019-04-23 05:50:29.011,5.1000000000000005,sell,5553.07,BTC-28JUN19-8000-C,65.83,0.015,5.1000000000000005,1,1555998629011,18098023,541
2019-04-23 06:22:33.434,8.4,sell,5536.35,BTC-28JUN19-8000-C,66.21,0.015,8.4,1,1556000553434,18098846,542
2019-04-23 09:35:32.663,0.1,sell,5533.75,BTC-28JUN19-8000-C,65.06,0.013999999999999999,0.1,2,1556012132663,18104458,543
2019-04-23 09:41:43.638,0.2,sell,5524.93,BTC-28JUN19-8000-C,65.83,0.0145,0.2,0,1556012503638,18104680,544
2019-04-23 15:11:06.070,4.9,sell,5580.66,BTC-28JUN19-8000-C,64.2,0.013999999999999999,4.9,2,1556032266070,18112802,546
2019-04-23 15:11:06.070,0.1,sell,5580.66,BTC-28JUN19-8000-C,64.79,0.0145,0.1,1,1556032266070,18112801,545
2019-04-23 17:29:53.270,2.0,buy,5596.44,BTC-28JUN19-8000-C,65.14,0.015,2.0,0,1556040593270,18117579,547
2019-04-23 18:12:34.990,5.7,sell,5589.62,BTC-28JUN19-8000-C,64.73,0.0145,5.7,2,1556043154990,18120148,548
2019-04-23 18:12:34.990,0.1,sell,5589.62,BTC-28JUN19-8000-C,64.73,0.0145,0.1,3,1556043154990,18120149,549
2019-04-23 18:14:58.464,4.2,sell,5591.85,BTC-28JUN19-8000-C,64.03,0.013999999999999999,4.2,2,1556043298464,18120177,550
2019-04-23 21:32:15.793,4.0,buy,5584.74,BTC-28JUN19-8000-C,66.06,0.0155,4.0,0,1556055135793,18123905,551
2019-04-24 07:47:47.027,5.0,buy,5513.41,BTC-28JUN19-8000-C,67.57,0.015,5.0,2,1556092067027,18151833,552
2019-04-24 10:55:03.051,1.0,sell,5438.77,BTC-28JUN19-8000-C,67.06,0.013000000000000001,1.0,2,1556103303051,18170128,553
2019-04-24 18:10:00.822,8.1,sell,5419.61,BTC-28JUN19-8000-C,64.2,0.0105,8.1,2,1556129400822,18188122,554
2019-04-25 21:13:22.365,4.0,buy,5496.03,BTC-28JUN19-8000-C,66.0,0.0125,4.0,0,1556226802365,18231209,555
2019-04-25 21:34:09.026,5.0,sell,5468.69,BTC-28JUN19-8000-C,64.53,0.011000000000000001,5.0,2,1556228049026,18231899,556
2019-04-25 22:01:18.435,10.0,sell,5361.76,BTC-28JUN19-8000-C,67.03,0.011000000000000001,10.0,3,1556229678435,18239148,557
2019-04-25 22:01:18.788,10.5,sell,5360.94,BTC-28JUN19-8000-C,67.04,0.011000000000000001,10.5,3,1556229678788,18239157,558
2019-04-25 22:01:21.965,18.0,sell,5354.53,BTC-28JUN19-8000-C,67.25,0.011000000000000001,18.0,3,1556229681965,18239285,559
2019-04-26 08:40:18.170,1.0,sell,5187.7,BTC-28JUN19-8000-C,66.08,0.008,1.0,2,1556268018170,18320471,560
2019-04-26 09:22:53.838,0.6,buy,5181.19,BTC-28JUN19-8000-C,71.19,0.011000000000000001,0.6,0,1556270573838,18321268,561
2019-04-26 15:16:19.487,0.1,buy,5133.71,BTC-28JUN19-8000-C,70.3,0.0095,0.1,2,1556291779487,18332463,562
2019-04-26 22:28:38.951,100.0,buy,5156.3,BTC-28JUN19-8000-C,68.13,0.0085,100.0,2,1556317718951,18352392,563
2019-04-27 01:10:17.637,2.0,sell,5145.01,BTC-28JUN19-8000-C,67.58,0.008,2.0,2,1556327417637,18355158,564
2019-04-27 01:11:09.140,2.0,sell,5144.16,BTC-28JUN19-8000-C,67.55,0.008,2.0,3,1556327469140,18355162,565
2019-04-27 08:02:52.278,0.1,buy,5173.35,BTC-28JUN19-8000-C,69.24,0.009000000000000001,0.1,0,1556352172278,18360681,566
2019-04-27 08:03:18.387,0.1,buy,5173.35,BTC-28JUN19-8000-C,69.24,0.009000000000000001,0.1,1,1556352198387,18360682,567
2019-04-27 09:42:53.077,0.2,sell,5145.97,BTC-28JUN19-8000-C,67.94,0.008,0.2,2,1556358173077,18361980,568
2019-04-27 11:56:51.819,5.2,buy,5158.92,BTC-28JUN19-8000-C,69.43,0.009000000000000001,5.2,1,1556366211819,18363108,570
2019-04-27 11:56:51.819,4.8,buy,5158.92,BTC-28JUN19-8000-C,69.43,0.009000000000000001,4.8,0,1556366211819,18363107,569
2019-04-28 01:29:09.220,0.1,sell,5178.94,BTC-28JUN19-8000-C,67.7,0.008,0.1,2,1556414949220,18377468,571
2019-04-28 01:29:32.227,0.1,sell,5178.94,BTC-28JUN19-8000-C,67.69,0.008,0.1,3,1556414972227,18377471,572
2019-04-28 11:13:12.432,8.0,buy,5191.56,BTC-28JUN19-8000-C,69.38,0.009000000000000001,8.0,0,1556449992432,18383687,573
2019-04-30 01:15:48.520,0.1,buy,5157.02,BTC-28JUN19-8000-C,70.5,0.0085,0.1,2,1556586948520,18445725,574
2019-04-30 01:15:53.372,0.1,buy,5157.05,BTC-28JUN19-8000-C,70.5,0.0085,0.1,3,1556586953372,18445726,575
2019-05-02 14:09:27.294,1.0,buy,5366.75,BTC-28JUN19-8000-C,68.49,0.009000000000000001,1.0,0,1556806167294,18552302,576
2019-05-03 00:45:36.490,10.0,sell,5394.98,BTC-28JUN19-8000-C,67.42,0.0085,10.0,2,1556844336490,18579092,577
2019-05-03 06:34:31.684,1.0,buy,5556.3,BTC-28JUN19-8000-C,64.78,0.0095,1.0,0,1556865271684,18604755,578
2019-05-03 06:35:39.281,1.0,buy,5548.31,BTC-28JUN19-8000-C,65.02,0.0095,1.0,1,1556865339281,18605366,579
2019-05-03 07:59:49.973,0.1,sell,5584.36,BTC-28JUN19-8000-C,64.08,0.0095,0.1,1,1556870389973,18616791,580
2019-05-03 09:54:58.766,10.0,buy,5781.84,BTC-28JUN19-8000-C,64.3,0.013000000000000001,10.0,0,1556877298766,18653230,581
2019-05-03 09:55:29.668,1.0,sell,5780.41,BTC-28JUN19-8000-C,63.07,0.012,1.0,2,1556877329668,18653313,582
2019-05-03 11:47:31.187,10.0,sell,5720.41,BTC-28JUN19-8000-C,64.88,0.0125,10.0,0,1556884051187,18672205,583
2019-05-03 15:26:34.640,1.0,buy,5715.92,BTC-28JUN19-8000-C,67.61,0.0145,1.0,0,1556897194640,18689280,584
2019-05-04 06:29:20.215,1.0,sell,5709.63,BTC-28JUN19-8000-C,64.31,0.0115,1.0,2,1556951360215,18752680,585
2019-05-04 14:42:23.629,1.0,buy,5571.7,BTC-28JUN19-8000-C,67.02,0.011000000000000001,1.0,2,1556980943629,18783330,586
2019-05-04 22:15:55.869,1.0,sell,5803.23,BTC-28JUN19-8000-C,63.55,0.0125,1.0,0,1557008155869,18821358,587
2019-05-04 22:52:09.127,2.0,sell,5806.56,BTC-28JUN19-8000-C,63.74,0.0125,2.0,1,1557010329127,18827904,588
2019-05-04 23:04:48.899,1.0,sell,5817.05,BTC-28JUN19-8000-C,63.38,0.0125,1.0,1,1557011088899,18828875,589
2019-05-05 06:02:07.065,0.2,buy,5747.91,BTC-28JUN19-8000-C,68.43,0.015,0.2,0,1557036127065,18855182,590
2019-05-05 06:02:07.065,1.8,buy,5747.91,BTC-28JUN19-8000-C,69.05,0.0155,1.8,0,1557036127065,18855183,591
2019-05-05 06:02:19.949,10.0,buy,5748.23,BTC-28JUN19-8000-C,69.66,0.016,10.0,0,1557036139949,18855184,592
2019-05-05 06:03:34.085,16.0,sell,5751.48,BTC-28JUN19-8000-C,65.09,0.0125,16.0,2,1557036214085,18855224,593
2019-05-05 06:03:45.869,4.0,buy,5751.9,BTC-28JUN19-8000-C,68.91,0.0155,4.0,0,1557036225869,18855225,594
2019-05-06 16:39:42.261,0.1,buy,5699.94,BTC-28JUN19-8000-C,69.08,0.013999999999999999,0.1,2,1557160782261,18962682,595
2019-05-06 18:22:54.991,3.0,sell,5704.34,BTC-28JUN19-8000-C,67.69,0.013000000000000001,3.0,2,1557166974991,18968425,596
2019-05-07 02:28:36.831,0.1,buy,5819.52,BTC-28JUN19-8000-C,67.03,0.0145,0.1,0,1557196116831,18998064,597
2019-05-07 02:29:50.785,0.1,buy,5844.45,BTC-28JUN19-8000-C,66.9,0.015,0.1,0,1557196190785,18998924,598
2019-05-07 02:58:37.542,0.1,buy,5899.37,BTC-28JUN19-8000-C,66.67,0.016,0.1,0,1557197917542,19008738,599
2019-05-07 02:58:37.542,0.2,buy,5899.37,BTC-28JUN19-8000-C,66.67,0.016,0.2,1,1557197917542,19008739,600
2019-05-07 12:55:24.618,0.1,buy,5905.16,BTC-28JUN19-8000-C,68.08,0.017,0.1,0,1557233724618,19040941,601
2019-05-07 12:55:24.618,9.9,buy,5905.16,BTC-28JUN19-8000-C,69.24,0.018000000000000002,9.9,0,1557233724618,19040942,602
2019-05-07 13:56:56.783,0.3,buy,5927.83,BTC-28JUN19-8000-C,69.32,0.0185,0.3,0,1557237416783,19044998,603
2019-05-07 14:01:43.238,0.2,buy,5961.17,BTC-28JUN19-8000-C,68.91,0.019,0.2,0,1557237703238,19046114,604
2019-05-07 14:02:07.646,1.9,buy,5943.55,BTC-28JUN19-8000-C,69.39,0.019,1.9,1,1557237727646,19046354,605
2019-05-07 14:02:07.647,2.7,buy,5943.55,BTC-28JUN19-8000-C,69.39,0.019,2.7,1,1557237727647,19046355,606
2019-05-07 14:02:07.650,7.1000000000000005,buy,5943.55,BTC-28JUN19-8000-C,69.39,0.019,7.1000000000000005,1,1557237727650,19046356,607
2019-05-07 14:02:07.652,0.5,buy,5943.55,BTC-28JUN19-8000-C,69.39,0.019,0.5,1,1557237727652,19046357,608
2019-05-07 14:02:07.654,1.3,buy,5943.55,BTC-28JUN19-8000-C,69.39,0.019,1.3,1,1557237727654,19046358,609
2019-05-07 14:02:07.656,2.3000000000000003,buy,5943.55,BTC-28JUN19-8000-C,69.39,0.019,2.3000000000000003,1,1557237727656,19046359,610
2019-05-07 14:02:07.658,5.4,buy,5943.55,BTC-28JUN19-8000-C,69.39,0.019,5.4,1,1557237727658,19046360,611
2019-05-07 14:02:07.665,2.6,buy,5943.55,BTC-28JUN19-8000-C,69.39,0.019,2.6,1,1557237727665,19046361,612
2019-05-07 14:02:07.668,0.2,buy,5943.55,BTC-28JUN19-8000-C,69.39,0.019,0.2,1,1557237727668,19046362,613
2019-05-07 14:02:09.538,8.2,sell,5943.03,BTC-28JUN19-8000-C,70.49,0.02,8.2,0,1557237729538,19046377,614
2019-05-07 14:02:09.538,1.1,sell,5943.03,BTC-28JUN19-8000-C,70.49,0.02,1.1,1,1557237729538,19046381,618
2019-05-07 14:02:09.538,3.6,sell,5943.03,BTC-28JUN19-8000-C,70.49,0.02,3.6,1,1557237729538,19046378,615
2019-05-07 14:02:09.538,8.5,sell,5943.03,BTC-28JUN19-8000-C,70.49,0.02,8.5,1,1557237729538,19046380,617
2019-05-07 14:02:09.538,2.6,sell,5943.03,BTC-28JUN19-8000-C,70.49,0.02,2.6,1,1557237729538,19046379,616
2019-05-07 14:02:11.038,0.8,sell,5942.17,BTC-28JUN19-8000-C,70.52,0.02,0.8,1,1557237731038,19046383,619
2019-05-07 14:02:11.038,1.6,sell,5942.17,BTC-28JUN19-8000-C,70.52,0.02,1.6,1,1557237731038,19046384,620
2019-05-07 14:02:11.038,3.7,sell,5942.17,BTC-28JUN19-8000-C,70.52,0.02,3.7,1,1557237731038,19046385,621
2019-05-07 14:02:11.038,1.9,sell,5942.17,BTC-28JUN19-8000-C,70.52,0.02,1.9,1,1557237731038,19046386,622
2019-05-07 17:03:53.501,0.1,sell,5894.85,BTC-28JUN19-8000-C,67.61,0.016,0.1,2,1557248633501,19067985,623
2019-05-07 19:24:20.607,4.0,sell,5807.49,BTC-28JUN19-8000-C,67.16,0.013999999999999999,4.0,2,1557257060607,19076360,624
2019-05-08 03:35:33.393,5.4,sell,5777.38,BTC-28JUN19-8000-C,68.15,0.0135,5.4,2,1557286533393,19128348,625
2019-05-08 17:17:02.639,2.0,sell,5869.22,BTC-28JUN19-8000-C,68.42,0.015,2.0,0,1557335822639,19161439,626
2019-05-09 00:57:56.748,0.1,buy,6022.48,BTC-28JUN19-8000-C,67.12,0.017,0.1,0,1557363476748,19199748,627
2019-05-09 00:58:25.378,0.1,buy,6044.22,BTC-28JUN19-8000-C,67.12,0.0175,0.1,0,1557363505378,19200384,628
2019-05-09 01:11:45.305,0.1,buy,6091.11,BTC-28JUN19-8000-C,67.26,0.0185,0.1,0,1557364305305,19207578,629
2019-05-09 08:19:25.108,0.2,sell,6063.83,BTC-28JUN19-8000-C,67.72,0.018000000000000002,0.2,2,1557389965108,19227806,630
2019-05-09 08:41:56.434,0.1,buy,6059.69,BTC-28JUN19-8000-C,69.01,0.019,0.1,0,1557391316434,19228667,631
2019-05-09 08:41:56.434,0.1,buy,6059.69,BTC-28JUN19-8000-C,70.66,0.0205,0.1,0,1557391316434,19228668,632
2019-05-09 08:41:56.434,2.0,buy,6059.69,BTC-28JUN19-8000-C,70.66,0.0205,2.0,1,1557391316434,19228669,633
2019-05-09 08:41:56.434,2.8000000000000003,buy,6059.69,BTC-28JUN19-8000-C,70.66,0.0205,2.8000000000000003,1,1557391316434,19228670,634
2019-05-09 12:25:21.955,2.0,buy,5995.09,BTC-28JUN19-8000-C,68.62,0.017,2.0,2,1557404721955,19240602,635
2019-05-09 16:43:33.668,1.0,buy,6034.36,BTC-28JUN19-8000-C,70.05,0.019,1.0,0,1557420213668,19253735,636
2019-05-09 18:32:00.747,10.0,sell,6042.88,BTC-28JUN19-8000-C,66.93,0.0165,10.0,2,1557426720747,19258621,637
2019-05-09 18:32:00.747,10.0,sell,6042.88,BTC-28JUN19-8000-C,66.93,0.0165,10.0,3,1557426720747,19258622,638
2019-05-09 23:55:06.423,0.1,buy,6150.62,BTC-28JUN19-8000-C,69.7,0.021,0.1,0,1557446106423,19280963,639
2019-05-09 23:55:06.423,2.1,buy,6150.62,BTC-28JUN19-8000-C,69.7,0.021,2.1,1,1557446106423,19280964,640
2019-05-09 23:55:06.429,5.0,buy,6150.62,BTC-28JUN19-8000-C,69.7,0.021,5.0,1,1557446106429,19280965,641
2019-05-09 23:55:06.438,1.5,buy,6150.62,BTC-28JUN19-8000-C,69.7,0.021,1.5,1,1557446106438,19280966,642
2019-05-09 23:55:06.439,1.4,buy,6150.62,BTC-28JUN19-8000-C,69.7,0.021,1.4,1,1557446106439,19280967,643
2019-05-09 23:55:06.441,2.8000000000000003,sell,6150.62,BTC-28JUN19-8000-C,69.7,0.021,2.8000000000000003,1,1557446106441,19280968,644
2019-05-09 23:55:06.467,1.1,sell,6150.62,BTC-28JUN19-8000-C,69.7,0.021,1.1,1,1557446106467,19280969,645
2019-05-09 23:55:06.467,1.6,sell,6150.62,BTC-28JUN19-8000-C,69.7,0.021,1.6,1,1557446106467,19280970,646
2019-05-09 23:55:06.467,1.3,sell,6150.62,BTC-28JUN19-8000-C,69.7,0.021,1.3,1,1557446106467,19280971,647
2019-05-09 23:55:06.467,1.1,sell,6150.62,BTC-28JUN19-8000-C,69.7,0.021,1.1,1,1557446106467,19280972,648
2019-05-09 23:55:06.476,0.3,sell,6150.62,BTC-28JUN19-8000-C,69.7,0.021,0.3,1,1557446106476,19280973,649
2019-05-09 23:55:06.476,0.9,sell,6150.62,BTC-28JUN19-8000-C,69.7,0.021,0.9,1,1557446106476,19280974,650
2019-05-09 23:55:06.488,0.8,sell,6150.62,BTC-28JUN19-8000-C,69.7,0.021,0.8,1,1557446106488,19280978,654
2019-05-09 23:55:06.488,1.5,sell,6150.62,BTC-28JUN19-8000-C,69.7,0.021,1.5,1,1557446106488,19280977,653
2019-05-09 23:55:06.488,1.1,sell,6150.62,BTC-28JUN19-8000-C,69.7,0.021,1.1,1,1557446106488,19280976,652
2019-05-09 23:55:06.488,3.2,sell,6150.62,BTC-28JUN19-8000-C,69.7,0.021,3.2,1,1557446106488,19280975,651
2019-05-09 23:55:06.503,2.2,sell,6150.62,BTC-28JUN19-8000-C,69.7,0.021,2.2,1,1557446106503,19280979,655
2019-05-09 23:55:06.983,5.0,sell,6150.62,BTC-28JUN19-8000-C,69.7,0.021,5.0,1,1557446106983,19280980,656
2019-05-09 23:55:37.877,2.7,buy,6150.85,BTC-28JUN19-8000-C,70.24,0.0215,2.7,0,1557446137877,19281027,657
2019-05-09 23:55:37.888,5.2,buy,6150.85,BTC-28JUN19-8000-C,70.24,0.0215,5.2,1,1557446137888,19281028,658
2019-05-09 23:55:37.895,11.4,buy,6150.85,BTC-28JUN19-8000-C,70.24,0.0215,11.4,1,1557446137895,19281029,659
2019-05-09 23:55:37.895,5.3,buy,6150.85,BTC-28JUN19-8000-C,70.24,0.0215,5.3,1,1557446137895,19281030,660
2019-05-09 23:55:37.896,3.8,buy,6150.85,BTC-28JUN19-8000-C,70.24,0.0215,3.8,1,1557446137896,19281031,661
2019-05-09 23:55:37.900,0.9,buy,6150.85,BTC-28JUN19-8000-C,70.24,0.0215,0.9,1,1557446137900,19281032,662
2019-05-09 23:55:37.900,0.1,buy,6150.85,BTC-28JUN19-8000-C,70.24,0.0215,0.1,1,1557446137900,19281033,663
2019-05-09 23:55:37.902,5.5,buy,6150.85,BTC-28JUN19-8000-C,70.24,0.0215,5.5,1,1557446137902,19281034,664
2019-05-09 23:55:37.905,5.0,buy,6150.85,BTC-28JUN19-8000-C,70.24,0.0215,5.0,1,1557446137905,19281035,665
2019-05-09 23:55:37.906,7.4,buy,6150.85,BTC-28JUN19-8000-C,70.24,0.0215,7.4,1,1557446137906,19281036,666
2019-05-09 23:55:37.907,3.8,buy,6150.85,BTC-28JUN19-8000-C,70.24,0.0215,3.8,1,1557446137907,19281037,667
2019-05-09 23:55:37.913,16.7,buy,6150.85,BTC-28JUN19-8000-C,70.24,0.0215,16.7,1,1557446137913,19281038,668
2019-05-09 23:55:37.914,13.9,buy,6150.85,BTC-28JUN19-8000-C,70.24,0.0215,13.9,1,1557446137914,19281039,669
2019-05-09 23:55:37.919,3.8,buy,6150.85,BTC-28JUN19-8000-C,70.24,0.0215,3.8,1,1557446137919,19281040,670
2019-05-09 23:55:37.941,3.2,buy,6150.85,BTC-28JUN19-8000-C,70.24,0.0215,3.2,1,1557446137941,19281041,671
2019-05-09 23:55:38.650,4.5,sell,6150.85,BTC-28JUN19-8000-C,70.24,0.0215,4.5,1,1557446138650,19281043,673
2019-05-09 23:55:38.650,7.4,sell,6150.85,BTC-28JUN19-8000-C,70.24,0.0215,7.4,1,1557446138650,19281042,672
2019-05-09 23:55:38.650,7.2,sell,6150.85,BTC-28JUN19-8000-C,70.24,0.0215,7.2,1,1557446138650,19281044,674
2019-05-09 23:55:38.650,0.2,sell,6150.85,BTC-28JUN19-8000-C,70.24,0.0215,0.2,1,1557446138650,19281045,675
2019-05-09 23:55:56.923,2.9,sell,6149.13,BTC-28JUN19-8000-C,70.27,0.0215,2.9,1,1557446156923,19281076,676
2019-05-10 00:01:37.708,1.0,buy,6155.73,BTC-28JUN19-8000-C,70.64,0.022000000000000002,1.0,0,1557446497708,19281343,677
2019-05-10 00:01:43.654,1.0,buy,6155.48,BTC-28JUN19-8000-C,70.65,0.022000000000000002,1.0,1,1557446503654,19281353,678
2019-05-10 00:01:56.731,0.9,buy,6157.3,BTC-28JUN19-8000-C,71.14,0.0225,0.9,1,1557446516731,19281367,680
2019-05-10 00:01:56.731,0.1,buy,6157.3,BTC-28JUN19-8000-C,71.14,0.0225,0.1,0,1557446516731,19281366,679
2019-05-10 00:02:02.364,1.0,buy,6156.7,BTC-28JUN19-8000-C,71.16,0.0225,1.0,1,1557446522364,19281371,681
2019-05-10 00:02:09.473,1.0,buy,6156.9,BTC-28JUN19-8000-C,71.16,0.0225,1.0,1,1557446529473,19281378,682
2019-05-10 00:02:15.549,1.0,buy,6157.2,BTC-28JUN19-8000-C,71.14,0.0225,1.0,1,1557446535549,19281405,683
2019-05-10 00:02:24.036,1.0,buy,6157.95,BTC-28JUN19-8000-C,71.12,0.0225,1.0,1,1557446544036,19281407,684
2019-05-10 00:02:36.126,1.0,buy,6156.58,BTC-28JUN19-8000-C,71.13,0.0225,1.0,1,1557446556126,19281417,685
2019-05-10 00:02:41.381,1.0,buy,6156.88,BTC-28JUN19-8000-C,71.12,0.0225,1.0,1,1557446561381,19281418,686
2019-05-10 00:02:58.597,2.0,buy,6160.1,BTC-28JUN19-8000-C,71.05,0.0225,2.0,1,1557446578597,19281482,687
2019-05-10 00:03:53.240,0.5,buy,6159.45,BTC-28JUN19-8000-C,71.05,0.0225,0.5,1,1557446633240,19281546,688
2019-05-10 00:04:00.473,0.1,buy,6159.79,BTC-28JUN19-8000-C,71.04,0.0225,0.1,1,1557446640473,19281547,689
2019-05-10 00:04:05.187,0.1,buy,6159.78,BTC-28JUN19-8000-C,71.05,0.0225,0.1,1,1557446645187,19281551,690
2019-05-10 00:04:09.920,0.1,buy,6160.38,BTC-28JUN19-8000-C,71.04,0.0225,0.1,1,1557446649920,19281579,691
2019-05-10 01:59:16.581,0.1,buy,6170.55,BTC-28JUN19-8000-C,68.41,0.02,0.1,2,1557453556581,19288227,692
2019-05-10 02:35:59.306,19.3,buy,6215.18,BTC-28JUN19-8000-C,70.62,0.0235,19.3,0,1557455759306,19295869,693
2019-05-10 02:35:59.306,5.0,buy,6215.18,BTC-28JUN19-8000-C,70.62,0.0235,5.0,1,1557455759306,19295870,694
2019-05-10 02:35:59.306,5.7,buy,6215.18,BTC-28JUN19-8000-C,70.62,0.0235,5.7,1,1557455759306,19295871,695
2019-05-10 03:30:26.533,1.0,buy,6263.92,BTC-28JUN19-8000-C,69.92,0.024,1.0,0,1557459026533,19308454,696
2019-05-10 03:34:27.263,0.7000000000000001,buy,6279.78,BTC-28JUN19-8000-C,70.05,0.0245,0.7000000000000001,0,1557459267263,19308932,697
2019-05-10 03:37:56.115,0.1,buy,6285.96,BTC-28JUN19-8000-C,67.85,0.0225,0.1,2,1557459476115,19309231,698
2019-05-10 05:22:54.956,2.0,sell,6269.8,BTC-28JUN19-8000-C,68.19,0.022000000000000002,2.0,2,1557465774956,19323599,699
2019-05-10 07:14:23.147,0.2,buy,6288.14,BTC-28JUN19-8000-C,70.63,0.025,0.2,0,1557472463147,19331191,700
2019-05-10 07:14:23.147,9.6,buy,6288.14,BTC-28JUN19-8000-C,71.61,0.026000000000000002,9.6,0,1557472463147,19331193,702
2019-05-10 07:14:23.147,0.2,buy,6288.14,BTC-28JUN19-8000-C,70.63,0.025,0.2,1,1557472463147,19331192,701
2019-05-10 08:12:08.528,0.1,sell,6296.24,BTC-28JUN19-8000-C,68.15,0.0225,0.1,2,1557475928528,19337664,703
2019-05-10 10:34:04.982,0.2,sell,6294.0,BTC-28JUN19-8000-C,67.71,0.022000000000000002,0.2,2,1557484444982,19348875,704
2019-05-10 10:34:41.345,0.1,sell,6294.37,BTC-28JUN19-8000-C,67.7,0.022000000000000002,0.1,3,1557484481345,19348885,705
2019-05-10 15:05:14.718,3.6,sell,6241.83,BTC-28JUN19-8000-C,69.08,0.022000000000000002,3.6,3,1557500714718,19364396,716
2019-05-10 15:05:14.718,14.1,sell,6241.83,BTC-28JUN19-8000-C,69.08,0.022000000000000002,14.1,3,1557500714718,19364387,707
2019-05-10 15:05:14.718,5.0,sell,6241.83,BTC-28JUN19-8000-C,69.08,0.022000000000000002,5.0,3,1557500714718,19364386,706
2019-05-10 15:05:14.718,3.8,sell,6241.83,BTC-28JUN19-8000-C,69.08,0.022000000000000002,3.8,3,1557500714718,19364391,711
2019-05-10 15:05:14.718,5.5,sell,6241.83,BTC-28JUN19-8000-C,69.08,0.022000000000000002,5.5,3,1557500714718,19364395,715
2019-05-10 15:05:14.718,7.6,sell,6241.83,BTC-28JUN19-8000-C,69.08,0.022000000000000002,7.6,3,1557500714718,19364388,708
2019-05-10 15:05:14.718,4.6000000000000005,sell,6241.83,BTC-28JUN19-8000-C,69.08,0.022000000000000002,4.6000000000000005,3,1557500714718,19364394,714
2019-05-10 15:05:14.718,2.7,sell,6241.83,BTC-28JUN19-8000-C,69.08,0.022000000000000002,2.7,3,1557500714718,19364392,712
2019-05-10 15:05:14.718,10.8,sell,6241.83,BTC-28JUN19-8000-C,69.08,0.022000000000000002,10.8,3,1557500714718,19364393,713
2019-05-10 15:05:14.718,5.3,sell,6241.83,BTC-28JUN19-8000-C,69.08,0.022000000000000002,5.3,3,1557500714718,19364389,709
2019-05-10 15:05:14.718,17.0,sell,6241.83,BTC-28JUN19-8000-C,69.08,0.022000000000000002,17.0,3,1557500714718,19364390,710
2019-05-10 15:20:25.281,0.1,sell,6258.89,BTC-28JUN19-8000-C,68.52,0.022000000000000002,0.1,3,1557501625281,19364929,717
2019-05-10 15:21:15.230,0.9,sell,6260.05,BTC-28JUN19-8000-C,68.56,0.022000000000000002,0.9,3,1557501675230,19364951,718
2019-05-10 16:12:49.605,0.5,buy,6344.39,BTC-28JUN19-8000-C,68.73,0.0245,0.5,0,1557504769605,19370442,719
2019-05-10 16:18:00.593,0.1,buy,6339.35,BTC-28JUN19-8000-C,69.86,0.0255,0.1,0,1557505080593,19371646,720
2019-05-10 18:03:00.077,4.0,buy,6412.67,BTC-28JUN19-8000-C,69.59,0.027000000000000003,4.0,0,1557511380077,19387214,721
2019-05-10 19:04:43.628,0.1,buy,6390.86,BTC-28JUN19-8000-C,71.21,0.027999999999999997,0.1,0,1557515083628,19391651,722
2019-05-10 19:04:43.628,19.0,buy,6390.86,BTC-28JUN19-8000-C,71.21,0.027999999999999997,19.0,1,1557515083628,19391652,723
2019-05-10 19:08:13.112,0.2,buy,6385.15,BTC-28JUN19-8000-C,69.88,0.0265,0.2,2,1557515293112,19392037,724
2019-05-10 20:12:11.996,0.1,buy,6360.0,BTC-28JUN19-8000-C,70.56,0.0265,0.1,3,1557519131996,19396306,725
2019-05-10 20:37:31.000,0.5,sell,6338.25,BTC-28JUN19-8000-C,70.19,0.0255,0.5,2,1557520651000,19397591,726
2019-05-10 20:46:14.598,1.0,sell,6297.15,BTC-28JUN19-8000-C,70.8,0.025,1.0,2,1557521174598,19401650,727
2019-05-10 23:29:26.444,2.1,sell,6366.77,BTC-28JUN19-8000-C,67.04,0.023,2.1,2,1557530966444,19415006,730
2019-05-10 23:29:26.444,16.0,sell,6366.77,BTC-28JUN19-8000-C,68.04,0.024,16.0,3,1557530966444,19415005,729
2019-05-10 23:29:26.444,1.0,sell,6366.77,BTC-28JUN19-8000-C,68.04,0.024,1.0,2,1557530966444,19415004,728
2019-05-11 03:06:33.603,0.1,buy,6532.07,BTC-28JUN19-8000-C,68.66,0.03,0.1,0,1557543993603,19435155,731
2019-05-11 03:11:05.244,9.9,buy,6544.43,BTC-28JUN19-8000-C,68.4,0.03,9.9,1,1557544265244,19435850,732
2019-05-11 03:26:21.845,0.1,sell,6533.03,BTC-28JUN19-8000-C,67.93,0.029,0.1,2,1557545181845,19438031,733
2019-05-11 04:49:00.870,1.0,buy,6694.93,BTC-28JUN19-8000-C,67.7,0.034,1.0,0,1557550140870,19452193,734
2019-05-11 05:19:38.096,0.1,buy,6700.07,BTC-28JUN19-8000-C,66.08,0.0325,0.1,2,1557551978096,19465746,735
2019-05-11 05:19:38.877,6.0,buy,6700.07,BTC-28JUN19-8000-C,67.35,0.034,6.0,0,1557551978877,19465748,736
2019-05-11 06:08:06.819,8.4,buy,6788.34,BTC-28JUN19-8000-C,65.99,0.035,8.4,0,1557554886819,19478344,737
2019-05-11 06:08:07.558,13.6,buy,6788.34,BTC-28JUN19-8000-C,65.99,0.035,13.6,1,1557554887558,19478357,738
2019-05-11 06:11:34.724,1.0,buy,6833.17,BTC-28JUN19-8000-C,65.67,0.036000000000000004,1.0,0,1557555094724,19483056,739
2019-05-11 06:11:34.724,0.5,buy,6833.17,BTC-28JUN19-8000-C,65.67,0.036000000000000004,0.5,1,1557555094724,19483057,740
2019-05-11 06:24:09.145,0.1,buy,6916.43,BTC-28JUN19-8000-C,65.09,0.038,0.1,0,1557555849145,19493178,741
2019-05-11 07:48:19.459,0.3,sell,6802.26,BTC-28JUN19-8000-C,66.24,0.036000000000000004,0.3,2,1557560899459,19528012,742
2019-05-11 08:02:11.476,0.7000000000000001,buy,6811.1,BTC-28JUN19-8000-C,66.38,0.0365,0.7000000000000001,0,1557561731476,19530206,743
2019-05-11 09:19:28.708,1.1,buy,6739.99,BTC-28JUN19-8000-C,68.67,0.037000000000000005,1.1,0,1557566368708,19543111,744
2019-05-11 09:26:43.070,1.0,sell,6739.67,BTC-28JUN19-8000-C,67.43,0.0355,1.0,2,1557566803070,19543795,745
2019-05-11 10:02:39.267,0.4,buy,6814.3,BTC-28JUN19-8000-C,67.79,0.0385,0.4,0,1557568959267,19547111,746
2019-05-11 10:03:30.661,0.1,buy,6827.75,BTC-28JUN19-8000-C,67.36,0.0385,0.1,1,1557569010661,19547277,747
2019-05-11 10:46:21.488,1.0,buy,6805.57,BTC-28JUN19-8000-C,70.86,0.042,1.0,0,1557571581488,19553001,749
2019-05-11 10:46:21.488,1.0,buy,6805.57,BTC-28JUN19-8000-C,70.06,0.040999999999999995,1.0,0,1557571581488,19553000,748
2019-05-11 10:46:21.488,1.0,buy,6805.57,BTC-28JUN19-8000-C,70.86,0.042,1.0,1,1557571581488,19553002,750
2019-05-11 10:59:06.253,10.0,buy,6840.78,BTC-28JUN19-8000-C,76.12,0.05,10.0,1,1557572346253,19554059,752
2019-05-11 10:59:06.253,0.5,buy,6840.78,BTC-28JUN19-8000-C,76.12,0.05,0.5,0,1557572346253,19554058,751
2019-05-11 11:53:00.669,18.0,sell,6801.2,BTC-28JUN19-8000-C,79.98,0.0535,18.0,0,1557575580669,19558390,753
2019-05-11 15:46:26.188,1.0,buy,6874.23,BTC-28JUN19-8000-C,75.87,0.052000000000000005,1.0,2,1557589586188,19584006,754
2019-05-11 15:54:13.370,24.0,buy,6915.41,BTC-28JUN19-8000-C,78.74,0.057999999999999996,24.0,0,1557590053370,19586710,755
2019-05-11 18:46:19.888,0.3,buy,6992.79,BTC-28JUN19-8000-C,79.37,0.062,0.3,0,1557600379888,19627241,756
2019-05-11 18:46:31.234,0.2,buy,6992.65,BTC-28JUN19-8000-C,79.36,0.062,0.2,1,1557600391234,19627249,757
2019-05-11 21:13:20.065,2.0,sell,6946.43,BTC-28JUN19-8000-C,78.01,0.057999999999999996,2.0,2,1557609200065,19639164,758
2019-05-11 21:21:25.736,1.1,sell,6958.19,BTC-28JUN19-8000-C,77.6,0.057999999999999996,1.1,3,1557609685736,19639358,759
2019-05-11 22:03:24.447,0.5,buy,7122.21,BTC-28JUN19-8000-C,75.14,0.062,0.5,0,1557612204447,19649127,760
2019-05-11 22:05:40.780,1.5,buy,7209.07,BTC-28JUN19-8000-C,73.23,0.065,1.5,1,1557612340780,19652802,762
2019-05-11 22:05:40.780,0.2,buy,7209.07,BTC-28JUN19-8000-C,73.23,0.065,0.2,0,1557612340780,19652801,761
2019-05-11 22:23:41.731,0.5,buy,7217.0,BTC-28JUN19-8000-C,75.27,0.068,0.5,0,1557613421731,19664057,763
2019-05-11 22:30:03.865,0.5,buy,7213.62,BTC-28JUN19-8000-C,76.75,0.07,0.5,0,1557613803865,19669545,764
2019-05-11 22:35:39.598,10.0,buy,7332.39,BTC-28JUN19-8000-C,86.63,0.0905,10.0,0,1557614139598,19674830,765
2019-05-11 22:54:30.049,1.0,buy,7280.49,BTC-28JUN19-8000-C,87.13,0.0875,1.0,2,1557615270049,19688394,766
2019-05-11 22:54:30.049,10.0,buy,7280.49,BTC-28JUN19-8000-C,87.83,0.0885,10.0,0,1557615270049,19688395,767
2019-05-12 00:04:21.533,1.0,buy,7279.22,BTC-28JUN19-8000-C,88.04,0.0875,1.0,2,1557619461533,19733630,768
2019-05-12 00:04:21.533,1.0,buy,7279.22,BTC-28JUN19-8000-C,89.09,0.08900000000000001,1.0,0,1557619461533,19733631,769
2019-05-12 00:04:21.533,0.8,buy,7279.22,BTC-28JUN19-8000-C,91.2,0.092,0.8,0,1557619461533,19733632,770
2019-05-12 00:04:21.533,0.3,buy,7279.22,BTC-28JUN19-8000-C,91.9,0.09300000000000001,0.3,0,1557619461533,19733633,771
2019-05-12 00:38:17.928,5.7,buy,6969.44,BTC-28JUN19-8000-C,80.48,0.062,5.7,2,1557621497928,19754879,772
2019-05-12 00:38:18.103,0.5,buy,6969.44,BTC-28JUN19-8000-C,80.48,0.062,0.5,3,1557621498103,19754903,773
2019-05-12 07:05:30.017,0.5,sell,7410.77,BTC-28JUN19-8000-C,80.28,0.081,0.5,0,1557644730017,19828052,774
2019-05-12 07:13:45.216,0.9,buy,7507.97,BTC-28JUN19-8000-C,85.86,0.09300000000000001,0.9,0,1557645225216,19832014,776
2019-05-12 07:13:45.216,0.1,buy,7507.97,BTC-28JUN19-8000-C,85.16,0.092,0.1,0,1557645225216,19832013,775
2019-05-12 07:16:55.930,1.1,buy,7497.28,BTC-28JUN19-8000-C,85.94,0.09300000000000001,1.1,1,1557645415930,19833264,777
2019-05-12 08:12:24.089,2.0,sell,7408.64,BTC-28JUN19-8000-C,71.93,0.0685,2.0,2,1557648744089,19846753,778
2019-05-12 11:33:23.815,1.0,buy,7116.82,BTC-28JUN19-8000-C,82.89,0.0715,1.0,0,1557660803815,19937816,779
