date_utc,amount,direction,indexPrice,instrument,iv,price,quantity,tickDirection,timeStamp,tradeId,tradeSeq
2019-04-10 08:26:34.806,0.1,sell,5245.81,BTC-26APR19-5750-P,60.14,0.114,0.1,1,1554884794806,17595414,1
2019-04-10 18:51:47.358,12.0,sell,5420.58,BTC-26APR19-5750-P,62.75,0.08900000000000001,12.0,2,1554922307358,17621724,2
2019-04-10 18:52:21.125,12.0,buy,5413.87,BTC-26APR19-5750-P,65.47,0.092,12.0,0,1554922341125,17621800,3
2019-04-10 18:52:34.487,12.0,buy,5413.92,BTC-26APR19-5750-P,66.78,0.09300000000000001,12.0,0,1554922354487,17621803,4
2019-04-10 19:18:51.820,12.0,buy,5398.81,BTC-26APR19-5750-P,65.42,0.094,12.0,0,1554923931820,17623948,5
2019-04-10 19:19:10.553,12.0,buy,5394.79,BTC-26APR19-5750-P,67.31,0.096,12.0,0,1554923950553,17623974,6
2019-04-10 19:19:28.890,12.0,buy,5389.46,BTC-26APR19-5750-P,68.96,0.098,12.0,0,1554923968890,17624030,7
2019-04-10 19:25:10.116,10.0,sell,5413.5,BTC-26APR19-5750-P,62.83,0.09,10.0,2,1554924310116,17624599,8
2019-04-16 17:56:18.395,9.0,sell,5227.85,BTC-26APR19-5750-P,24.69,0.1,9.0,0,1555437378395,17874541,9
2019-04-16 17:56:54.049,8.9,sell,5225.75,BTC-26APR19-5750-P,0.0,0.095,8.9,2,1555437414049,17874636,10
2019-04-16 17:57:35.989,9.0,sell,5227.41,BTC-26APR19-5750-P,0.0,0.0945,9.0,2,1555437455989,17874694,11
2019-04-16 17:58:34.753,8.9,sell,5215.55,BTC-26APR19-5750-P,0.0,0.1015,8.9,0,1555437514753,17874832,12
2019-04-16 17:58:47.176,8.9,sell,5215.78,BTC-26APR19-5750-P,0.0,0.0955,8.9,2,1555437527176,17874839,13
2019-04-16 17:59:31.717,8.8,sell,5211.8,BTC-26APR19-5750-P,0.0,0.1015,8.8,0,1555437571717,17874949,14
2019-04-16 17:59:53.874,8.700000000000001,sell,5209.14,BTC-26APR19-5750-P,0.0,0.102,8.700000000000001,0,1555437593874,17875043,15
2019-04-16 18:00:22.712,8.700000000000001,sell,5210.85,BTC-26APR19-5750-P,0.0,0.0965,8.700000000000001,2,1555437622712,17875078,16
2019-04-16 18:00:29.948,1.1,sell,5213.36,BTC-26APR19-5750-P,0.0,0.0915,1.1,2,1555437629948,17875103,17
2019-04-18 04:52:53.970,0.1,sell,5277.53,BTC-26APR19-5750-P,57.51,0.097,0.1,0,1555563173970,17917629,18
2019-04-18 04:53:05.013,0.1,sell,5278.26,BTC-26APR19-5750-P,57.85,0.097,0.1,1,1555563185013,17917630,19
2019-04-18 04:53:05.054,0.1,sell,5278.26,BTC-26APR19-5750-P,57.85,0.097,0.1,1,1555563185054,17917631,20
2019-04-18 04:53:05.069,0.1,sell,5278.26,BTC-26APR19-5750-P,57.85,0.097,0.1,1,1555563185069,17917632,21
2019-04-18 04:53:05.084,0.1,sell,5278.26,BTC-26APR19-5750-P,57.85,0.097,0.1,1,1555563185084,17917633,22
2019-04-18 04:53:05.096,0.1,sell,5278.26,BTC-26APR19-5750-P,57.85,0.097,0.1,1,1555563185096,17917634,23
2019-04-18 04:53:05.109,0.1,sell,5278.26,BTC-26APR19-5750-P,57.85,0.097,0.1,1,1555563185109,17917635,24
2019-04-18 04:53:05.122,0.1,sell,5278.26,BTC-26APR19-5750-P,57.85,0.097,0.1,1,1555563185122,17917636,25
2019-04-18 04:53:05.142,0.1,sell,5278.26,BTC-26APR19-5750-P,57.85,0.097,0.1,1,1555563185142,17917637,26
2019-04-18 04:53:05.154,0.1,sell,5278.26,BTC-26APR19-5750-P,57.85,0.09699999999999999,0.1,1,1555563185154,17917638,27
2019-04-18 19:28:06.433,0.3,sell,5293.66,BTC-26APR19-5750-P,59.29,0.094,0.3,2,1555615686433,17931442,28
2019-04-19 09:00:48.420,2.9,sell,5264.64,BTC-26APR19-5750-P,54.98,0.09699999999999999,2.9,0,1555664448420,17948613,29
2019-04-19 09:38:16.891,0.1,buy,5253.08,BTC-26APR19-5750-P,54.6,0.099,0.1,0,1555666696891,17949133,30
2019-04-19 09:44:32.583,0.1,buy,5256.13,BTC-26APR19-5750-P,56.58,0.099,0.1,1,1555667072583,17949175,31
2019-04-19 09:45:33.280,0.1,sell,5255.94,BTC-26APR19-5750-P,41.59,0.0955,0.1,2,1555667133280,17949177,32
2019-04-19 09:47:58.015,0.1,sell,5255.99,BTC-26APR19-5750-P,41.65,0.0955,0.1,3,1555667278015,17949184,33
2019-04-19 16:25:42.267,0.1,sell,5348.3,BTC-26APR19-5750-P,49.46,0.08,0.1,2,1555691142267,17957010,34
2019-04-20 23:25:19.899,0.5,sell,5300.91,BTC-26APR19-5750-P,57.23,0.08900000000000001,0.5,0,1555802719899,17994487,35
2019-04-20 23:27:25.316,0.5,sell,5308.61,BTC-26APR19-5750-P,56.82,0.0875,0.5,2,1555802845316,17994556,36
2019-04-23 10:49:55.129,1.0,sell,5550.62,BTC-26APR19-5750-P,61.09,0.0445,1.0,2,1556016595129,18106278,37
2019-04-23 12:54:02.607,1.0,sell,5569.67,BTC-26APR19-5750-P,59.06,0.040999999999999995,1.0,2,1556024042607,18109494,38
2019-04-23 14:19:14.809,0.1,buy,5573.46,BTC-26APR19-5750-P,68.11,0.043,0.1,0,1556029154809,18111759,39
2019-04-23 14:34:42.371,2.0,sell,5569.45,BTC-26APR19-5750-P,66.49,0.043,2.0,1,1556030082371,18112050,40
2019-04-23 14:52:59.002,4.7,sell,5583.81,BTC-26APR19-5750-P,56.25,0.038,4.7,2,1556031179002,18112598,41
2019-04-23 14:53:52.627,4.0,sell,5583.45,BTC-26APR19-5750-P,54.36,0.0375,4.0,2,1556031232627,18112600,42
2019-04-23 14:53:52.627,1.3,sell,5583.45,BTC-26APR19-5750-P,54.36,0.0375,1.3,3,1556031232627,18112601,43
2019-04-23 19:26:47.245,0.7000000000000001,buy,5584.59,BTC-26APR19-5750-P,63.97,0.0395,0.7000000000000001,0,1556047607245,18121255,44
2019-04-24 01:17:00.380,4.0,buy,5506.24,BTC-26APR19-5750-P,66.7,0.0505,4.0,0,1556068620380,18135922,45
2019-04-24 05:08:02.691,10.0,buy,5595.24,BTC-26APR19-5750-P,54.0,0.034,10.0,2,1556082482691,18144383,46
2019-04-24 07:39:03.707,4.0,buy,5549.63,BTC-26APR19-5750-P,64.01,0.0425,4.0,0,1556091543707,18150246,47
2019-04-25 22:01:13.487,0.1,buy,5367.18,BTC-26APR19-5750-P,93.98,0.0715,0.1,0,1556229673487,18238871,48
2019-04-25 22:01:14.245,0.9,buy,5365.39,BTC-26APR19-5750-P,0.0,0.0715,0.9,1,1556229674245,18238918,49
2019-04-25 22:04:24.555,6.0,buy,5249.81,BTC-26APR19-5750-P,236.13,0.1005,6.0,0,1556229864555,18243718,50
2019-04-25 22:04:30.490,0.1,buy,5230.87,BTC-26APR19-5750-P,212.52,0.1025,0.1,0,1556229870490,18244108,51
2019-04-26 02:39:14.462,0.1,sell,5265.69,BTC-26APR19-5750-P,127.33,0.092,0.1,2,1556246354462,18300489,52
2019-04-26 02:39:17.024,6.0,sell,5269.82,BTC-26APR19-5750-P,176.04,0.0915,6.0,2,1556246357024,18300563,53
