date_utc,amount,direction,indexPrice,instrument,iv,price,quantity,tickDirection,timeStamp,tradeId,tradeSeq
2019-05-02 15:29:54.333,2.0,sell,5406.67,BTC-31MAY19-6500-P,67.03,0.22,2.0,1,1556810994333,18558934,1
2019-05-07 10:10:27.977,0.1,sell,5914.27,BTC-31MAY19-6500-P,61.13,0.1265,0.1,2,1557223827977,19037211,2
2019-05-07 14:13:28.043,0.1,buy,5822.84,BTC-31MAY19-6500-P,64.01,0.142,0.1,0,1557238408043,19053282,3
2019-05-09 04:41:45.009,0.1,buy,6048.72,BTC-31MAY19-6500-P,70.37,0.115,0.1,2,1557376905009,19220118,4
2019-05-09 11:04:33.509,0.1,sell,6039.24,BTC-31MAY19-6500-P,67.35,0.113,0.1,2,1557399873509,19234542,5
2019-05-09 11:22:47.372,0.3,buy,6035.51,BTC-31MAY19-6500-P,71.22,0.117,0.3,0,1557400967372,19235562,6
2019-05-09 11:22:48.641,0.3,sell,6035.51,BTC-31MAY19-6500-P,71.76,0.1175,0.3,0,1557400968641,19235563,7
2019-05-09 11:22:48.679,0.3,sell,6035.51,BTC-31MAY19-6500-P,71.76,0.1175,0.3,1,1557400968679,19235564,8
2019-05-09 11:25:24.700,1.1,buy,6026.0,BTC-31MAY19-6500-P,73.19,0.12,1.1,0,1557401124700,19235771,9
2019-05-09 11:37:13.596,0.1,sell,6037.43,BTC-31MAY19-6500-P,67.68,0.1135,0.1,2,1557401833596,19236391,10
2019-05-09 17:46:34.970,1.0,sell,6051.39,BTC-31MAY19-6500-P,66.69,0.1105,1.0,2,1557423994970,19256242,11
2019-05-09 18:04:44.034,1.0,sell,6060.28,BTC-31MAY19-6500-P,66.82,0.1095,1.0,2,1557425084034,19256852,12
2019-05-09 18:05:34.029,1.0,sell,6060.05,BTC-31MAY19-6500-P,66.79,0.1095,1.0,3,1557425134029,19256882,13
2019-05-09 18:51:08.165,0.3,buy,6060.04,BTC-31MAY19-6500-P,71.2,0.1135,0.3,0,1557427868165,19259005,14
2019-05-10 00:48:10.110,0.2,buy,6136.18,BTC-31MAY19-6500-P,69.46,0.1025,0.2,2,1557449290110,19283024,15
2019-05-10 08:34:54.924,1.0,buy,6281.09,BTC-31MAY19-6500-P,73.3,0.09,1.0,2,1557477294924,19341675,16
2019-05-11 01:56:36.600,0.1,sell,6463.85,BTC-31MAY19-6500-P,66.57,0.0655,0.1,2,1557539796600,19423880,17
2019-05-11 03:32:25.724,0.4,sell,6542.49,BTC-31MAY19-6500-P,66.57,0.059000000000000004,0.4,2,1557545545724,19438357,18
2019-05-11 03:32:40.414,5.0,buy,6544.36,BTC-31MAY19-6500-P,66.73,0.059000000000000004,5.0,3,1557545560414,19438419,19
2019-05-11 03:34:08.709,4.6000000000000005,buy,6541.22,BTC-31MAY19-6500-P,66.47,0.059000000000000004,4.6000000000000005,3,1557545648709,19438531,20
2019-05-11 03:34:41.874,0.2,buy,6536.93,BTC-31MAY19-6500-P,67.18,0.06,0.2,0,1557545681874,19438605,21
2019-05-11 04:01:12.929,0.2,buy,6550.14,BTC-31MAY19-6500-P,69.4,0.061,0.2,0,1557547272929,19441641,22
2019-05-11 04:03:27.358,0.4,sell,6578.35,BTC-31MAY19-6500-P,71.74,0.061,0.4,1,1557547407358,19442056,23
2019-05-11 04:05:18.872,0.3,buy,6569.09,BTC-31MAY19-6500-P,72.06,0.062,0.3,0,1557547518872,19442445,24
2019-05-11 04:05:18.872,0.4,buy,6569.09,BTC-31MAY19-6500-P,72.6,0.0625,0.4,0,1557547518872,19442446,25
2019-05-11 04:05:18.872,2.3000000000000003,buy,6569.09,BTC-31MAY19-6500-P,73.67,0.0635,2.3000000000000003,0,1557547518872,19442447,26
2019-05-11 04:08:22.990,0.2,buy,6565.57,BTC-31MAY19-6500-P,72.31,0.0625,0.2,2,1557547702990,19442778,27
2019-05-11 04:08:22.990,1.8,buy,6565.57,BTC-31MAY19-6500-P,72.31,0.0625,1.8,3,1557547702990,19442779,28
2019-05-11 05:02:47.880,0.2,buy,6649.9,BTC-31MAY19-6500-P,65.5,0.05,0.2,2,1557550967880,19462679,29
2019-05-11 05:02:47.961,0.2,sell,6649.9,BTC-31MAY19-6500-P,65.5,0.05,0.2,3,1557550967961,19462680,30
2019-05-11 05:13:22.222,0.3,buy,6679.09,BTC-31MAY19-6500-P,71.56,0.0535,0.3,0,1557551602222,19464860,31
2019-05-11 05:13:22.222,2.7,buy,6679.09,BTC-31MAY19-6500-P,74.31,0.055999999999999994,2.7,0,1557551602222,19464861,32
2019-05-11 05:24:09.549,0.3,buy,6682.74,BTC-31MAY19-6500-P,69.1,0.051,0.3,2,1557552249549,19467612,33
2019-05-11 05:24:09.621,0.2,buy,6682.74,BTC-31MAY19-6500-P,69.1,0.051,0.2,3,1557552249621,19467613,34
2019-05-11 06:11:35.581,1.0,sell,6832.58,BTC-31MAY19-6500-P,71.83,0.044000000000000004,1.0,2,1557555095581,19483083,35
2019-05-11 06:22:58.935,3.1,buy,6905.42,BTC-31MAY19-6500-P,68.95,0.0375,3.1,2,1557555778935,19491907,36
2019-05-11 09:11:14.144,1.0,buy,6721.4,BTC-31MAY19-6500-P,73.34,0.052000000000000005,1.0,0,1557565874144,19542022,37
2019-05-11 09:11:28.475,2.0,buy,6722.29,BTC-31MAY19-6500-P,73.96,0.0525,2.0,0,1557565888475,19542036,38
2019-05-11 10:12:02.404,0.4,buy,6827.79,BTC-31MAY19-6500-P,76.98,0.0485,0.4,2,1557569522404,19548628,39
2019-05-11 13:36:17.719,0.4,buy,6802.85,BTC-31MAY19-6500-P,78.97,0.0515,0.4,0,1557581777719,19568385,40
2019-05-11 13:48:55.819,0.4,buy,6813.42,BTC-31MAY19-6500-P,79.72,0.0515,0.4,1,1557582535819,19568977,41
2019-05-11 13:52:45.175,0.4,buy,6819.45,BTC-31MAY19-6500-P,79.0,0.0505,0.4,2,1557582765175,19569193,42
2019-05-11 13:52:45.177,1.6,sell,6819.45,BTC-31MAY19-6500-P,79.58,0.051,1.6,0,1557582765177,19569194,43
2019-05-11 14:00:56.195,0.4,buy,6810.62,BTC-31MAY19-6500-P,78.97,0.051,0.4,1,1557583256195,19569715,44
2019-05-11 14:32:39.174,0.1,sell,6778.52,BTC-31MAY19-6500-P,71.63,0.0465,0.1,2,1557585159174,19573339,45
2019-05-11 14:41:07.494,0.4,buy,6781.04,BTC-31MAY19-6500-P,76.38,0.0505,0.4,0,1557585667494,19574087,46
2019-05-11 14:42:15.092,0.4,buy,6787.66,BTC-31MAY19-6500-P,76.85,0.0505,0.4,1,1557585735092,19574532,47
2019-05-11 14:44:10.106,0.4,buy,6792.26,BTC-31MAY19-6500-P,77.74,0.051,0.4,0,1557585850106,19574718,48
2019-05-11 14:45:41.793,0.4,buy,6799.77,BTC-31MAY19-6500-P,76.56,0.0495,0.4,2,1557585941793,19575017,49
2019-05-11 14:47:11.960,2.0,sell,6793.15,BTC-31MAY19-6500-P,77.81,0.051,2.0,0,1557586031960,19575153,50
2019-05-11 14:50:12.600,0.4,sell,6795.46,BTC-31MAY19-6500-P,77.41,0.0505,0.4,2,1557586212600,19575378,51
2019-05-11 14:50:12.620,0.1,sell,6795.46,BTC-31MAY19-6500-P,77.41,0.0505,0.1,3,1557586212620,19575379,52
2019-05-11 14:51:32.156,0.3,buy,6793.14,BTC-31MAY19-6500-P,77.82,0.051,0.3,0,1557586292156,19575411,53
2019-05-11 15:37:50.992,1.0,buy,6861.55,BTC-31MAY19-6500-P,79.14,0.048,1.0,2,1557589070992,19583259,54
2019-05-11 16:18:56.471,4.0,buy,6995.95,BTC-31MAY19-6500-P,79.53,0.040999999999999995,4.0,2,1557591536471,19598336,55
2019-05-11 18:06:35.032,1.0,sell,6974.86,BTC-31MAY19-6500-P,78.37,0.040999999999999995,1.0,3,1557597995032,19618735,56
2019-05-11 21:47:47.615,0.4,sell,7018.15,BTC-31MAY19-6500-P,80.74,0.0405,0.4,2,1557611267615,19642029,57
2019-05-11 21:47:49.010,0.6,sell,7025.32,BTC-31MAY19-6500-P,81.18,0.0405,0.6,3,1557611269010,19642060,58
2019-05-11 21:48:14.878,1.0,sell,7034.72,BTC-31MAY19-6500-P,81.13,0.04,1.0,2,1557611294878,19642450,59
2019-05-11 21:58:07.728,1.0,sell,7065.67,BTC-31MAY19-6500-P,80.49,0.038,1.0,2,1557611887728,19646050,60
2019-05-11 22:15:06.078,1.0,sell,7114.63,BTC-31MAY19-6500-P,79.54,0.035,1.0,2,1557612906078,19660706,61
2019-05-12 00:34:06.622,0.4,buy,7081.88,BTC-31MAY19-6500-P,101.58,0.054000000000000006,0.4,0,1557621246622,19750813,62
2019-05-12 00:34:25.053,0.4,buy,7095.06,BTC-31MAY19-6500-P,133.92,0.08,0.4,0,1557621265053,19751147,64
2019-05-12 00:34:25.053,0.4,buy,7095.06,BTC-31MAY19-6500-P,103.03,0.0545,0.4,0,1557621265053,19751146,63
2019-05-12 00:39:20.145,0.4,buy,6985.66,BTC-31MAY19-6500-P,102.52,0.06,0.4,2,1557621560145,19756647,65
2019-05-12 00:39:20.147,9.6,sell,6985.66,BTC-31MAY19-6500-P,102.52,0.06,9.6,3,1557621560147,19756648,66
2019-05-12 00:43:41.293,0.4,buy,7052.73,BTC-31MAY19-6500-P,103.38,0.057,0.4,2,1557621821293,19760140,67
2019-05-12 00:43:54.678,0.4,buy,7064.66,BTC-31MAY19-6500-P,105.37,0.057999999999999996,0.4,0,1557621834678,19760294,68
2019-05-12 00:43:54.678,0.4,buy,7064.66,BTC-31MAY19-6500-P,119.85,0.07,0.4,0,1557621834678,19760295,69
2019-05-12 01:02:57.065,0.4,buy,7083.24,BTC-31MAY19-6500-P,107.83,0.059000000000000004,0.4,2,1557622977065,19768262,70
2019-05-12 01:19:47.376,1.0,buy,7118.15,BTC-31MAY19-6500-P,105.81,0.0555,1.0,2,1557623987376,19772830,71
2019-05-12 01:53:25.425,0.4,sell,7206.1,BTC-31MAY19-6500-P,92.23,0.0405,0.4,2,1557626005425,19782010,72
2019-05-12 01:54:22.235,0.4,sell,7199.59,BTC-31MAY19-6500-P,90.55,0.0395,0.4,2,1557626062235,19782062,73
2019-05-12 01:54:22.235,7.1000000000000005,sell,7199.59,BTC-31MAY19-6500-P,90.55,0.0395,7.1000000000000005,3,1557626062235,19782063,74
2019-05-12 01:54:26.588,0.4,buy,7200.37,BTC-31MAY19-6500-P,90.6,0.0395,0.4,3,1557626066588,19782068,75
2019-05-12 01:54:26.614,0.4,buy,7200.37,BTC-31MAY19-6500-P,90.6,0.0395,0.4,3,1557626066614,19782069,76
2019-05-12 01:54:26.652,0.4,buy,7200.37,BTC-31MAY19-6500-P,90.6,0.0395,0.4,3,1557626066652,19782070,77
2019-05-12 01:54:38.882,0.4,sell,7201.67,BTC-31MAY19-6500-P,89.37,0.0385,0.4,2,1557626078882,19782075,78
2019-05-12 01:55:20.370,0.4,sell,7200.72,BTC-31MAY19-6500-P,88.0,0.0375,0.4,2,1557626120370,19782126,79
2019-05-12 01:55:45.315,0.1,sell,7200.21,BTC-31MAY19-6500-P,87.32,0.037000000000000005,0.1,2,1557626145315,19782142,80
2019-05-12 07:28:37.955,25.0,sell,7507.1,BTC-31MAY19-6500-P,102.97,0.036000000000000004,25.0,2,1557646117955,19836167,81
2019-05-12 07:35:39.251,0.4,sell,7511.32,BTC-31MAY19-6500-P,101.76,0.035,0.4,2,1557646539251,19837287,82
2019-05-12 07:39:05.235,1.0,sell,7545.82,BTC-31MAY19-6500-P,102.06,0.034,1.0,2,1557646745235,19837888,83
2019-05-12 07:39:05.235,0.1,sell,7545.82,BTC-31MAY19-6500-P,100.59,0.033,0.1,2,1557646745235,19837889,84
2019-05-12 07:47:28.731,0.4,sell,7522.99,BTC-31MAY19-6500-P,99.47,0.033,0.4,3,1557647248731,19840302,85
2019-05-12 08:22:46.124,1.0,buy,7272.83,BTC-31MAY19-6500-P,96.69,0.0405,1.0,0,1557649366124,19857772,86
2019-05-12 08:29:25.874,0.1,buy,7330.84,BTC-31MAY19-6500-P,103.97,0.0435,0.1,0,1557649765874,19862960,87
2019-05-12 08:50:19.082,0.8,sell,7392.08,BTC-31MAY19-6500-P,102.66,0.04,0.8,2,1557651019082,19868209,88
2019-05-12 08:50:21.325,0.1,buy,7392.08,BTC-31MAY19-6500-P,105.4,0.042,0.1,0,1557651021325,19868210,89
2019-05-12 08:51:20.550,0.2,sell,7409.62,BTC-31MAY19-6500-P,103.62,0.04,0.2,2,1557651080550,19868366,90
2019-05-12 09:02:44.624,1.0,sell,7440.4,BTC-31MAY19-6500-P,102.51,0.038,1.0,2,1557651764624,19870566,91
2019-05-12 09:21:39.194,1.0,sell,7487.37,BTC-31MAY19-6500-P,102.17,0.036000000000000004,1.0,2,1557652899194,19874327,92
2019-05-12 09:22:37.810,1.0,sell,7506.17,BTC-31MAY19-6500-P,97.33,0.032,1.0,2,1557652957810,19874793,93
2019-05-12 11:38:52.779,0.4,buy,7008.96,BTC-31MAY19-6500-P,86.99,0.045,0.4,0,1557661132779,19942748,94
2019-05-12 11:38:56.965,0.4,buy,7000.35,BTC-31MAY19-6500-P,86.44,0.045,0.4,1,1557661136965,19942878,95
2019-05-12 11:38:59.185,0.2,buy,6991.36,BTC-31MAY19-6500-P,85.87,0.045,0.2,1,1557661139185,19942970,96
2019-05-12 12:54:26.333,0.3,sell,7164.77,BTC-31MAY19-6500-P,84.36,0.0355,0.3,2,1557665666333,19969504,97
2019-05-12 15:42:08.694,0.4,buy,6847.19,BTC-31MAY19-6500-P,76.67,0.045,0.4,0,1557675728694,20010392,98
2019-05-12 15:42:22.308,0.4,buy,6823.05,BTC-31MAY19-6500-P,75.0,0.045,0.4,1,1557675742308,20010590,99
2019-05-12 15:42:31.965,0.2,buy,6810.82,BTC-31MAY19-6500-P,74.14,0.045,0.2,1,1557675751965,20010868,100
2019-05-12 15:44:11.176,1.0,buy,6774.86,BTC-31MAY19-6500-P,77.45,0.05,1.0,0,1557675851176,20012830,101
2019-05-12 16:58:59.167,0.1,buy,6828.05,BTC-31MAY19-6500-P,82.57,0.051,0.1,0,1557680339167,20033846,102
2019-05-12 19:24:58.258,4.6000000000000005,sell,7000.66,BTC-31MAY19-6500-P,77.16,0.037000000000000005,4.6000000000000005,2,1557689098258,20061949,104
2019-05-12 19:24:58.258,0.4,sell,7000.66,BTC-31MAY19-6500-P,78.43,0.038,0.4,2,1557689098258,20061948,103
2019-05-13 04:32:20.267,0.4,buy,7017.6,BTC-31MAY19-6500-P,83.51,0.0405,0.4,0,1557721940267,20128907,105
2019-05-13 06:57:00.196,4.6000000000000005,buy,7064.57,BTC-31MAY19-6500-P,84.09,0.0385,4.6000000000000005,2,1557730620196,20139418,106
2019-05-13 08:35:18.771,0.4,sell,7064.43,BTC-31MAY19-6500-P,82.93,0.0375,0.4,2,1557736518771,20145449,107
2019-05-13 08:46:42.208,5.0,buy,7059.39,BTC-31MAY19-6500-P,82.64,0.0375,5.0,3,1557737202208,20146180,108
2019-05-13 09:00:15.951,0.4,sell,7047.71,BTC-31MAY19-6500-P,82.59,0.038,0.4,0,1557738015951,20146657,109
2019-05-13 09:01:26.949,0.2,sell,7054.55,BTC-31MAY19-6500-P,83.02,0.038,0.2,1,1557738086949,20146711,110
2019-05-13 13:59:24.932,0.5,sell,7384.39,BTC-31MAY19-6500-P,88.19,0.027999999999999997,0.5,2,1557755964932,20188410,111
2019-05-13 14:18:44.924,0.5,sell,7413.7,BTC-31MAY19-6500-P,89.74,0.027999999999999997,0.5,3,1557757124924,20191053,112
2019-05-13 14:34:22.922,1.0,sell,7485.22,BTC-31MAY19-6500-P,92.63,0.0275,1.0,2,1557758062922,20194407,113
2019-05-13 14:36:19.894,0.1,sell,7494.78,BTC-31MAY19-6500-P,91.55,0.0265,0.1,2,1557758179894,20195473,114
2019-05-13 14:39:05.814,1.0,sell,7502.22,BTC-31MAY19-6500-P,91.13,0.026000000000000002,1.0,2,1557758345814,20196619,115
2019-05-13 15:06:50.899,0.4,sell,7551.15,BTC-31MAY19-6500-P,91.97,0.025,0.4,2,1557760010899,20205584,116
2019-05-13 15:07:33.299,0.6,sell,7539.07,BTC-31MAY19-6500-P,91.38,0.025,0.6,3,1557760053299,20206015,117
2019-05-13 15:11:26.598,1.0,sell,7719.82,BTC-31MAY19-6500-P,94.79,0.022000000000000002,1.0,2,1557760286598,20213045,118
2019-05-13 15:11:43.193,1.0,sell,7745.87,BTC-31MAY19-6500-P,94.19,0.021,1.0,2,1557760303193,20213640,119
2019-05-13 16:19:03.141,0.4,buy,7811.03,BTC-31MAY19-6500-P,98.99,0.022000000000000002,0.4,0,1557764343141,20258053,120
2019-05-13 16:32:58.765,0.4,sell,7864.1,BTC-31MAY19-6500-P,95.78,0.019,0.4,2,1557765178765,20262146,121
2019-05-13 16:32:58.767,10.8,buy,7864.1,BTC-31MAY19-6500-P,95.78,0.019,10.8,3,1557765178767,20262147,122
2019-05-13 16:33:09.061,13.8,buy,7855.86,BTC-31MAY19-6500-P,95.43,0.019,13.8,3,1557765189061,20262187,123
2019-05-13 17:23:32.174,3.2,sell,7901.17,BTC-31MAY19-6500-P,101.22,0.021,3.2,0,1557768212174,20277979,124
2019-05-13 17:25:11.450,1.8,buy,7873.5,BTC-31MAY19-6500-P,100.03,0.021,1.8,1,1557768311450,20278478,125
2019-05-13 17:29:22.927,5.0,buy,7835.06,BTC-31MAY19-6500-P,100.19,0.022000000000000002,5.0,0,1557768562927,20280303,126
2019-05-13 17:39:34.806,3.1,sell,7803.05,BTC-31MAY19-6500-P,97.9,0.0215,3.1,2,1557769174806,20284247,127
2019-05-13 18:34:41.338,10.0,buy,7863.7,BTC-31MAY19-6500-P,104.29,0.0235,10.0,0,1557772481338,20292823,128
2019-05-13 19:44:59.781,0.4,sell,7936.86,BTC-31MAY19-6500-P,96.26,0.0175,0.4,2,1557776699781,20299458,129
2019-05-13 19:48:08.392,0.4,buy,7902.18,BTC-31MAY19-6500-P,94.84,0.0175,0.4,3,1557776888392,20299940,130
2019-05-13 19:48:19.666,9.2,buy,7893.41,BTC-31MAY19-6500-P,94.48,0.0175,9.2,3,1557776899666,20300008,131
2019-05-13 19:58:15.652,0.4,buy,7918.03,BTC-31MAY19-6500-P,96.5,0.018000000000000002,0.4,0,1557777495652,20301491,132
2019-05-13 20:00:40.068,0.4,buy,7899.12,BTC-31MAY19-6500-P,95.72,0.018000000000000002,0.4,1,1557777640068,20301774,133
2019-05-13 20:00:42.455,9.2,buy,7889.36,BTC-31MAY19-6500-P,95.31,0.018000000000000002,9.2,1,1557777642455,20301823,134
2019-05-13 20:01:35.376,2.2,sell,7855.75,BTC-31MAY19-6500-P,95.82,0.019,2.2,0,1557777695376,20302151,135
2019-05-13 20:02:09.698,10.0,sell,7873.83,BTC-31MAY19-6500-P,94.66,0.018000000000000002,10.0,2,1557777729698,20302360,136
2019-05-13 20:03:09.778,1.6,buy,7851.96,BTC-31MAY19-6500-P,95.66,0.019,1.6,0,1557777789778,20302547,137
2019-05-13 20:03:34.117,6.2,buy,7806.46,BTC-31MAY19-6500-P,93.72,0.019,6.2,1,1557777814117,20302887,138
2019-05-13 21:40:55.082,0.1,buy,8095.55,BTC-31MAY19-6500-P,107.99,0.02,0.1,0,1557783655082,20326782,139
2019-05-13 23:02:19.814,0.4,buy,7796.36,BTC-31MAY19-6500-P,102.69,0.024,0.4,0,1557788539814,20347203,140
2019-05-13 23:11:16.103,0.4,buy,7615.41,BTC-31MAY19-6500-P,99.26,0.027000000000000003,0.4,0,1557789076103,20355916,141
2019-05-13 23:11:16.230,0.4,buy,7615.4,BTC-31MAY19-6500-P,99.26,0.027000000000000003,0.4,1,1557789076230,20355925,142
2019-05-13 23:20:31.722,0.1,buy,7700.75,BTC-31MAY19-6500-P,103.41,0.027000000000000003,0.1,1,1557789631722,20361052,143
2019-05-13 23:23:45.709,0.1,sell,7730.44,BTC-31MAY19-6500-P,103.99,0.0265,0.1,2,1557789825709,20362708,144
2019-05-14 09:45:58.424,0.1,buy,8095.24,BTC-31MAY19-6500-P,109.57,0.02,0.1,2,1557827158424,20491739,145
2019-05-14 11:05:54.807,0.1,buy,8060.55,BTC-31MAY19-6500-P,113.22,0.0225,0.1,0,1557831954807,20505214,146
2019-05-14 13:12:10.355,2.2,buy,8138.19,BTC-31MAY19-6500-P,108.72,0.0185,2.2,2,1557839530355,20520786,147
2019-05-14 13:12:19.816,2.4,buy,8137.11,BTC-31MAY19-6500-P,111.78,0.02,2.4,0,1557839539816,20520789,148
2019-05-14 13:12:19.820,0.1,sell,8137.11,BTC-31MAY19-6500-P,111.78,0.02,0.1,1,1557839539820,20520790,149
2019-05-14 15:58:14.164,0.4,buy,7980.18,BTC-31MAY19-6500-P,101.51,0.018000000000000002,0.4,2,1557849494164,20544511,150
2019-05-14 16:00:08.298,0.4,buy,7949.12,BTC-31MAY19-6500-P,100.21,0.018000000000000002,0.4,3,1557849608298,20545144,151
2019-05-14 16:00:08.361,0.4,buy,7949.12,BTC-31MAY19-6500-P,100.21,0.018000000000000002,0.4,3,1557849608361,20545145,152
2019-05-14 16:00:08.374,0.4,buy,7949.12,BTC-31MAY19-6500-P,100.21,0.018000000000000002,0.4,3,1557849608374,20545146,153
2019-05-14 16:00:08.398,0.4,buy,7949.12,BTC-31MAY19-6500-P,100.21,0.018000000000000002,0.4,3,1557849608398,20545147,154
2019-05-14 16:00:08.429,0.4,buy,7949.12,BTC-31MAY19-6500-P,100.21,0.018000000000000002,0.4,3,1557849608429,20545148,155
2019-05-14 16:00:08.481,0.4,buy,7949.12,BTC-31MAY19-6500-P,100.21,0.018000000000000002,0.4,3,1557849608481,20545149,156
2019-05-14 16:00:08.525,0.4,buy,7949.12,BTC-31MAY19-6500-P,100.21,0.018000000000000002,0.4,3,1557849608525,20545150,157
2019-05-14 16:01:33.687,6.8,buy,7917.42,BTC-31MAY19-6500-P,98.87,0.018000000000000002,6.8,3,1557849693687,20545876,158
2019-05-14 16:02:19.063,10.0,buy,7842.21,BTC-31MAY19-6500-P,97.6,0.019,10.0,0,1557849739063,20547074,159
2019-05-14 19:27:58.692,0.1,sell,7772.37,BTC-31MAY19-6500-P,99.63,0.0215,0.1,0,1557862078692,20597637,160
2019-05-15 00:14:46.213,0.5,sell,8137.27,BTC-31MAY19-6500-P,99.02,0.0135,0.5,2,1557879286213,20645078,161
2019-05-15 00:17:41.049,1.0,buy,8133.4,BTC-31MAY19-6500-P,100.06,0.013999999999999999,1.0,0,1557879461049,20645827,162
2019-05-15 00:40:23.619,0.5,buy,8021.04,BTC-31MAY19-6500-P,99.01,0.0155,0.5,0,1557880823619,20649643,163
2019-05-15 06:41:58.843,0.5,sell,8005.09,BTC-31MAY19-6500-P,102.38,0.017,0.5,0,1557902518843,20671588,164
2019-05-15 08:19:10.733,0.4,sell,7954.92,BTC-31MAY19-6500-P,100.47,0.017,0.4,1,1557908350733,20682717,165
2019-05-15 08:26:00.289,0.1,sell,7938.75,BTC-31MAY19-6500-P,99.8,0.017,0.1,1,1557908760289,20683192,166
2019-05-15 11:04:34.289,0.4,sell,8090.66,BTC-31MAY19-6500-P,108.73,0.018000000000000002,0.4,0,1557918274289,20699368,167
2019-05-15 15:18:30.709,10.0,buy,7967.1,BTC-31MAY19-6500-P,105.08,0.0185,10.0,0,1557933510709,20729503,168
2019-05-15 17:01:00.930,0.1,sell,8017.03,BTC-31MAY19-6500-P,95.21,0.013000000000000001,0.1,2,1557939660930,20742482,169
2019-05-15 18:56:46.249,1.0,sell,8245.91,BTC-31MAY19-6500-P,100.61,0.0115,1.0,2,1557946606249,20756089,170
2019-05-15 21:15:43.938,0.1,buy,8126.52,BTC-31MAY19-6500-P,98.9,0.0125,0.1,0,1557954943938,20782038,171
2019-05-16 02:08:42.692,1.9,buy,8283.18,BTC-31MAY19-6500-P,98.84,0.01,1.9,2,1557972522692,20830929,172
2019-05-16 23:39:30.093,2.0,buy,7835.24,BTC-31MAY19-6500-P,105.9,0.0195,2.0,0,1558049970093,21001161,173
2019-05-17 03:01:29.342,9.1,buy,7220.1,BTC-31MAY19-6500-P,87.2,0.027000000000000003,9.1,0,1558062089342,21029809,174
2019-05-17 03:02:21.392,0.5,buy,7233.93,BTC-31MAY19-6500-P,99.18,0.034,0.5,0,1558062141392,21032583,175
2019-05-17 03:08:05.813,1.0,buy,6984.99,BTC-31MAY19-6500-P,87.01,0.037000000000000005,1.0,0,1558062485813,21044233,176
2019-05-17 03:09:25.664,0.2,buy,6783.73,BTC-31MAY19-6500-P,76.08,0.04,0.2,0,1558062565664,21047453,177
2019-05-17 03:09:37.158,1.0,sell,6749.11,BTC-31MAY19-6500-P,100.59,0.0605,1.0,0,1558062577158,21048191,178
2019-05-17 03:09:46.736,1.0,sell,6740.44,BTC-31MAY19-6500-P,100.49,0.061,1.0,0,1558062586736,21048736,179
2019-05-17 03:10:02.066,1.0,sell,6723.97,BTC-31MAY19-6500-P,100.35,0.062,1.0,0,1558062602066,21049337,180
2019-05-17 03:10:04.990,1.0,sell,6692.81,BTC-31MAY19-6500-P,99.51,0.0635,1.0,0,1558062604990,21049555,181
2019-05-17 03:10:05.752,1.0,sell,6693.99,BTC-31MAY19-6500-P,100.27,0.064,1.0,0,1558062605752,21049580,182
2019-05-17 03:10:09.106,1.0,sell,6676.07,BTC-31MAY19-6500-P,99.28,0.0645,1.0,0,1558062609106,21049826,183
2019-05-17 03:10:11.932,1.0,sell,6664.06,BTC-31MAY19-6500-P,99.47,0.0655,1.0,0,1558062611932,21050073,184
2019-05-17 03:10:13.911,1.0,sell,6659.65,BTC-31MAY19-6500-P,99.71,0.066,1.0,0,1558062613911,21050164,185
2019-05-17 03:10:17.170,1.0,sell,6651.28,BTC-31MAY19-6500-P,100.23,0.067,1.0,0,1558062617170,21050348,186
2019-05-17 03:10:22.079,1.0,sell,6638.85,BTC-31MAY19-6500-P,99.7,0.0675,1.0,0,1558062622079,21050657,187
2019-05-17 03:10:26.178,1.0,sell,6632.68,BTC-31MAY19-6500-P,100.41,0.0685,1.0,0,1558062626178,21050824,188
2019-05-17 04:38:11.827,5.5,buy,7269.74,BTC-31MAY19-6500-P,98.5,0.032,5.5,2,1558067891827,21100780,189
2019-05-17 04:38:21.773,5.0,buy,7276.88,BTC-31MAY19-6500-P,100.54,0.033,5.0,0,1558067901773,21100967,190
2019-05-17 04:38:57.348,0.1,buy,7320.01,BTC-31MAY19-6500-P,104.82,0.034,0.1,0,1558067937348,21101212,191
2019-05-17 04:50:58.375,70.0,buy,7227.65,BTC-31MAY19-6500-P,97.48,0.033,70.0,2,1558068658375,21104327,192
2019-05-17 04:58:04.709,1.0,buy,7207.49,BTC-31MAY19-6500-P,97.77,0.034,1.0,0,1558069084709,21106618,193
2019-05-17 04:58:40.560,1.0,buy,7200.43,BTC-31MAY19-6500-P,97.32,0.034,1.0,1,1558069120560,21106813,194
2019-05-17 05:01:11.075,2.9,buy,7253.32,BTC-31MAY19-6500-P,100.7,0.034,2.9,1,1558069271075,21107674,195
2019-05-17 07:44:27.899,1.0,sell,7347.61,BTC-31MAY19-6500-P,95.42,0.027000000000000003,1.0,2,1558079067899,21128391,196
2019-05-17 07:49:02.287,10.0,buy,7319.67,BTC-31MAY19-6500-P,98.78,0.03,10.0,0,1558079342287,21128788,197
2019-05-17 08:04:40.831,2.0,buy,7256.43,BTC-31MAY19-6500-P,98.17,0.032,2.0,0,1558080280831,21130499,198
2019-05-17 08:05:46.766,10.0,buy,7244.98,BTC-31MAY19-6500-P,97.46,0.032,10.0,1,1558080346766,21130703,199
2019-05-17 08:05:54.000,3.0,buy,7239.18,BTC-31MAY19-6500-P,97.09,0.032,3.0,1,1558080354000,21130750,200
2019-05-17 10:29:28.007,3.0,buy,7183.48,BTC-31MAY19-6500-P,98.58,0.035,3.0,0,1558088968007,21141777,201
2019-05-17 14:07:35.265,1.6,sell,7255.22,BTC-31MAY19-6500-P,104.6,0.0355,1.6,0,1558102055265,21181518,202
2019-05-17 21:14:28.984,2.0,sell,7232.98,BTC-31MAY19-6500-P,104.28,0.0355,2.0,1,1558127668984,21233819,203
2019-05-17 21:14:32.931,2.2,sell,7233.91,BTC-31MAY19-6500-P,104.34,0.0355,2.2,1,1558127672931,21233862,204
2019-05-17 21:14:33.869,2.1,sell,7234.5,BTC-31MAY19-6500-P,104.38,0.0355,2.1,1,1558127673869,21233873,205
2019-05-17 21:14:36.876,2.1,sell,7235.83,BTC-31MAY19-6500-P,104.47,0.0355,2.1,1,1558127676876,21233944,206
2019-05-17 21:15:17.216,17.1,sell,7243.74,BTC-31MAY19-6500-P,104.99,0.0355,17.1,1,1558127717216,21234075,207
2019-05-17 21:16:01.369,10.0,sell,7231.72,BTC-31MAY19-6500-P,103.4,0.035,10.0,2,1558127761369,21234220,208
2019-05-17 21:16:33.416,10.0,sell,7234.03,BTC-31MAY19-6500-P,102.76,0.0345,10.0,2,1558127793416,21234260,209
2019-05-17 21:16:56.895,10.0,sell,7239.6,BTC-31MAY19-6500-P,102.32,0.034,10.0,2,1558127816895,21234293,210
2019-05-17 22:03:04.562,10.0,sell,7307.28,BTC-31MAY19-6500-P,105.16,0.033,10.0,2,1558130584562,21238120,211
2019-05-17 23:32:30.743,10.0,sell,7355.12,BTC-31MAY19-6500-P,106.74,0.032,10.0,2,1558135950743,21246039,212
2019-05-18 00:03:19.777,10.0,sell,7411.6,BTC-31MAY19-6500-P,108.6,0.031,10.0,2,1558137799777,21250470,213
2019-05-18 01:38:32.666,0.5,buy,7290.74,BTC-31MAY19-6500-P,103.04,0.032,0.5,0,1558143512666,21258400,214
2019-05-18 01:42:06.947,1.5,sell,7259.6,BTC-31MAY19-6500-P,101.06,0.032,1.5,1,1558143726947,21258668,215
2019-05-18 02:21:45.054,10.0,sell,7313.6,BTC-31MAY19-6500-P,101.24,0.03,10.0,2,1558146105054,21260750,216
2019-05-18 02:21:45.054,5.0,sell,7313.6,BTC-31MAY19-6500-P,101.24,0.03,5.0,3,1558146105054,21260751,217
2019-05-18 14:48:25.210,16.0,sell,7372.08,BTC-31MAY19-6500-P,102.55,0.0275,16.0,2,1558190905210,21302802,218
2019-05-18 14:59:19.247,16.0,buy,7360.12,BTC-31MAY19-6500-P,100.96,0.027000000000000003,16.0,2,1558191559247,21303129,219
2019-05-18 14:59:19.300,16.0,buy,7360.12,BTC-31MAY19-6500-P,100.96,0.027000000000000003,16.0,3,1558191559300,21303130,220
2019-05-18 14:59:19.323,16.0,buy,7360.12,BTC-31MAY19-6500-P,100.96,0.027000000000000003,16.0,3,1558191559323,21303131,221
2019-05-18 14:59:19.335,16.0,buy,7360.12,BTC-31MAY19-6500-P,100.96,0.027000000000000003,16.0,3,1558191559335,21303132,222
2019-05-18 14:59:19.356,16.0,buy,7360.12,BTC-31MAY19-6500-P,100.96,0.027000000000000003,16.0,3,1558191559356,21303133,223
2019-05-18 14:59:19.407,1.1,buy,7360.12,BTC-31MAY19-6500-P,100.96,0.027000000000000003,1.1,3,1558191559407,21303134,224
2019-05-18 17:03:48.297,1.0,buy,7257.75,BTC-31MAY19-6500-P,100.08,0.03,1.0,0,1558199028297,21307418,225
2019-05-18 18:43:18.317,0.1,buy,7237.62,BTC-31MAY19-6500-P,106.59,0.0345,0.1,0,1558204998317,21313633,226
2019-05-19 03:25:05.086,5.0,sell,7870.93,BTC-31MAY19-6500-P,112.1,0.0175,5.0,2,1558236305086,21358770,227
2019-05-19 06:25:38.406,5.0,buy,7959.1,BTC-31MAY19-6500-P,117.07,0.0175,5.0,3,1558247138406,21379049,228
2019-05-19 10:31:16.330,2.0,sell,8098.14,BTC-31MAY19-6500-P,107.08,0.011000000000000001,2.0,2,1558261876330,21396713,229
2019-05-19 15:39:56.472,0.1,sell,7939.45,BTC-31MAY19-6500-P,97.99,0.01,0.1,2,1558280396472,21432108,230
2019-05-19 16:15:16.185,0.1,buy,7954.82,BTC-31MAY19-6500-P,112.61,0.015,0.1,0,1558282516185,21434305,231
2019-05-19 20:04:59.051,2.0,buy,7954.25,BTC-31MAY19-6500-P,102.4,0.011000000000000001,2.0,2,1558296299051,21451442,232
2019-05-19 20:07:10.538,20.0,buy,7955.75,BTC-31MAY19-6500-P,105.34,0.012,20.0,0,1558296430538,21451552,233
2019-05-19 22:48:45.643,11.0,buy,8204.9,BTC-31MAY19-6500-P,111.02,0.01,11.0,2,1558306125643,21469247,234
2019-05-20 14:24:52.037,1.0,buy,7732.14,BTC-31MAY19-6500-P,105.8,0.015,1.0,0,1558362292037,21592767,235
2019-05-20 15:29:52.703,0.8,buy,7797.2,BTC-31MAY19-6500-P,110.75,0.0155,0.8,0,1558366192703,21597510,236
2019-05-20 19:29:52.058,1.0,buy,7815.23,BTC-31MAY19-6500-P,107.29,0.0135,1.0,2,1558380592058,21614324,237
2019-05-20 20:58:17.666,1.0,sell,8015.4,BTC-31MAY19-6500-P,96.76,0.006999999999999999,1.0,2,1558385897666,21624396,238
2019-05-20 22:19:42.272,10.1,buy,8063.14,BTC-31MAY19-6500-P,111.26,0.0105,10.1,0,1558390782272,21640906,239
2019-05-21 00:34:12.470,10.0,buy,7979.38,BTC-31MAY19-6500-P,109.35,0.011000000000000001,10.0,0,1558398852470,21654608,240
2019-05-21 01:48:21.171,0.1,buy,7924.36,BTC-31MAY19-6500-P,108.46,0.0115,0.1,0,1558403301171,21659427,241
2019-05-21 06:49:34.630,1.0,buy,7911.66,BTC-31MAY19-6500-P,105.87,0.0105,1.0,2,1558421374630,21673790,242
2019-05-21 09:20:47.597,0.1,sell,8009.73,BTC-31MAY19-6500-P,90.75,0.005,0.1,2,1558430447597,21679344,243
2019-05-21 20:59:06.579,1.0,sell,8082.38,BTC-31MAY19-6500-P,96.18,0.005,1.0,3,1558472346579,21725300,244
2019-05-22 16:17:53.960,0.6,sell,7977.38,BTC-31MAY19-6500-P,90.81,0.004,0.6,2,1558541873960,21787100,245
2019-05-23 09:13:48.813,0.2,buy,7505.03,BTC-31MAY19-6500-P,87.44,0.008,0.2,0,1558602828813,21884326,246
2019-05-23 19:56:24.494,0.3,sell,7790.11,BTC-31MAY19-6500-P,93.53,0.005,0.3,2,1558641384494,21929010,247
2019-05-23 20:09:36.261,0.1,buy,7821.92,BTC-31MAY19-6500-P,97.57,0.0055,0.1,0,1558642176261,21930599,248
2019-05-23 21:47:17.731,0.2,sell,7939.39,BTC-31MAY19-6500-P,98.96,0.0045,0.2,2,1558648037731,21938635,249
2019-05-24 06:32:38.989,1.0,sell,7847.36,BTC-31MAY19-6500-P,94.12,0.004,1.0,2,1558679558989,21965031,250
2019-05-24 08:13:27.555,0.2,sell,7930.86,BTC-31MAY19-6500-P,92.54,0.003,0.2,2,1558685607555,21970169,251
2019-05-24 08:13:31.058,0.2,sell,7930.75,BTC-31MAY19-6500-P,92.54,0.003,0.2,3,1558685611058,21970170,252
2019-05-24 08:13:33.464,0.2,sell,7932.56,BTC-31MAY19-6500-P,92.63,0.003,0.2,3,1558685613464,21970172,253
2019-05-24 08:17:15.892,0.2,sell,7929.79,BTC-31MAY19-6500-P,92.51,0.003,0.2,3,1558685835892,21970315,254
2019-05-24 08:30:10.172,2.0,buy,7974.93,BTC-31MAY19-6500-P,97.96,0.0035,2.0,0,1558686610172,21973039,255
2019-05-24 08:35:10.005,2.0,buy,8025.19,BTC-31MAY19-6500-P,97.06,0.003,2.0,2,1558686910005,21974013,256
2019-05-24 10:11:56.641,0.1,sell,8009.39,BTC-31MAY19-6500-P,93.16,0.0025,0.1,2,1558692716641,21978715,257
2019-05-24 11:41:26.310,0.5,buy,8036.98,BTC-31MAY19-6500-P,98.52,0.003,0.5,0,1558698086310,21985071,258
2019-05-24 11:49:45.266,0.4,sell,8032.6,BTC-31MAY19-6500-P,98.36,0.003,0.4,1,1558698585266,21985529,259
2019-05-24 12:03:49.510,0.1,buy,8011.05,BTC-31MAY19-6500-P,100.77,0.0035,0.1,0,1558699429510,21986137,260
2019-05-24 15:14:39.201,1.0,sell,8127.33,BTC-31MAY19-6500-P,100.0,0.0025,1.0,2,1558710879201,21996172,261
2019-05-24 15:18:11.680,2.0,sell,8137.28,BTC-31MAY19-6500-P,100.47,0.0025,2.0,3,1558711091680,21997058,262
2019-05-24 15:44:53.001,47.0,sell,8117.2,BTC-31MAY19-6500-P,99.7,0.0025,47.0,3,1558712693001,21999474,263
2019-05-24 16:29:52.260,25.0,sell,8167.81,BTC-31MAY19-6500-P,97.86,0.002,25.0,2,1558715392260,22003399,264
2019-05-24 17:09:26.079,0.6,buy,8064.23,BTC-31MAY19-6500-P,93.49,0.002,0.6,3,1558717766079,22007046,265
2019-05-26 13:06:05.161,5.0,buy,7946.84,BTC-31MAY19-6500-P,103.71,0.002,5.0,3,1558875965161,22102757,266
2019-05-26 16:27:52.027,10.0,buy,7999.43,BTC-31MAY19-6500-P,108.1,0.002,10.0,3,1558888072027,22109286,267
2019-05-26 16:37:29.234,10.0,buy,7998.68,BTC-31MAY19-6500-P,108.14,0.002,10.0,3,1558888649234,22109637,268
2019-05-26 19:49:01.267,2.0,sell,8447.81,BTC-31MAY19-6500-P,106.92,0.0005,2.0,2,1558900141267,22153343,269
2019-05-26 19:49:01.267,1.0,sell,8447.81,BTC-31MAY19-6500-P,106.92,0.0005,1.0,3,1558900141267,22153344,270
2019-05-27 03:29:56.907,0.1,buy,8776.85,BTC-31MAY19-6500-P,172.82,0.0035,0.1,0,1558927796907,22271231,271
2019-05-27 15:40:49.323,0.1,buy,8884.31,BTC-31MAY19-6500-P,152.64,0.001,0.1,2,1558971649323,22314717,272
2019-05-27 15:41:42.577,0.9,buy,8873.93,BTC-31MAY19-6500-P,152.16,0.001,0.9,3,1558971702577,22314846,273
2019-05-27 15:41:42.577,9.1,buy,8873.93,BTC-31MAY19-6500-P,152.16,0.001,9.1,3,1558971702577,22314847,274
2019-05-27 18:53:17.400,10.0,sell,8784.4,BTC-31MAY19-6500-P,136.29,0.0005,10.0,2,1558983197400,22347272,275
2019-05-27 18:53:17.400,15.0,sell,8784.4,BTC-31MAY19-6500-P,136.29,0.0005,15.0,3,1558983197400,22347273,276
2019-05-28 14:00:34.819,10.0,buy,8660.97,BTC-31MAY19-6500-P,148.33,0.0005,10.0,3,1559052034819,22417653,277
