date_utc,amount,direction,indexPrice,instrument,iv,price,quantity,tickDirection,timeStamp,tradeId,tradeSeq
2019-05-10 08:36:44.758,7.0,sell,6287.43,BTC-17MAY19-7500-C,80.94,0.003,7.0,1,1557477404758,19341819,1
2019-05-10 09:39:26.260,0.5,buy,6282.45,BTC-17MAY19-7500-C,86.83,0.004,0.5,0,1557481166260,19346721,2
2019-05-10 14:08:32.975,1.0,sell,6258.06,BTC-17MAY19-7500-C,73.38,0.0015,1.0,2,1557497312975,19360354,3
2019-05-10 17:41:37.500,1.0,buy,6381.98,BTC-17MAY19-7500-C,74.81,0.0025,1.0,0,1557510097500,19386231,4
2019-05-10 18:19:46.998,6.7,buy,6391.01,BTC-17MAY19-7500-C,77.41,0.003,6.7,0,1557512386998,19389085,5
2019-05-10 19:17:18.061,3.3000000000000003,buy,6374.7,BTC-17MAY19-7500-C,78.59,0.003,3.3000000000000003,1,1557515838061,19392801,6
2019-05-10 20:12:34.310,6.0,buy,6358.71,BTC-17MAY19-7500-C,79.76,0.003,6.0,1,1557519154310,19396314,7
2019-05-10 20:12:44.161,3.0,buy,6360.0,BTC-17MAY19-7500-C,79.68,0.003,3.0,1,1557519164161,19396319,8
2019-05-10 20:12:50.318,1.0,buy,6360.37,BTC-17MAY19-7500-C,79.66,0.003,1.0,1,1557519170318,19396320,9
2019-05-11 00:21:18.394,10.0,buy,6389.4,BTC-17MAY19-7500-C,81.8,0.0035,10.0,0,1557534078394,19417081,10
2019-05-11 01:36:23.119,4.0,buy,6401.45,BTC-17MAY19-7500-C,81.41,0.0035,4.0,1,1557538583119,19420351,11
2019-05-11 02:11:29.808,25.0,sell,6477.15,BTC-17MAY19-7500-C,76.98,0.0035,25.0,1,1557540689808,19426897,12
2019-05-11 06:02:31.175,5.0,buy,6731.81,BTC-17MAY19-7500-C,74.01,0.0065,5.0,0,1557554551175,19476331,13
2019-05-11 06:14:21.788,1.0,buy,6866.15,BTC-17MAY19-7500-C,80.72,0.012,1.0,0,1557555261788,19486963,14
2019-05-11 06:48:59.820,0.1,buy,6784.23,BTC-17MAY19-7500-C,83.01,0.0105,0.1,2,1557557339820,19513832,15
2019-05-11 07:09:18.812,0.1,buy,6796.51,BTC-17MAY19-7500-C,80.73,0.01,0.1,2,1557558558812,19520823,16
2019-05-11 07:09:18.812,0.9,buy,6796.51,BTC-17MAY19-7500-C,80.73,0.01,0.9,3,1557558558812,19520824,17
2019-05-11 07:33:41.860,0.4,sell,6835.08,BTC-17MAY19-7500-C,73.53,0.0085,0.4,2,1557560021860,19525843,18
2019-05-11 07:33:51.473,0.4,sell,6835.99,BTC-17MAY19-7500-C,73.46,0.0085,0.4,3,1557560031473,19525851,19
2019-05-11 07:33:52.724,0.4,sell,6836.61,BTC-17MAY19-7500-C,73.42,0.0085,0.4,3,1557560032724,19525855,20
2019-05-11 07:34:24.119,0.2,buy,6841.4,BTC-17MAY19-7500-C,78.89,0.0105,0.2,0,1557560064119,19526046,21
2019-05-11 07:34:24.194,0.4,sell,6841.4,BTC-17MAY19-7500-C,78.89,0.0105,0.4,1,1557560064194,19526047,22
2019-05-11 07:34:27.698,0.4,sell,6841.33,BTC-17MAY19-7500-C,78.89,0.0105,0.4,1,1557560067698,19526064,23
2019-05-11 07:34:38.215,0.2,buy,6841.71,BTC-17MAY19-7500-C,81.65,0.0115,0.2,0,1557560078215,19526083,24
2019-05-11 07:34:38.299,4.8,sell,6841.71,BTC-17MAY19-7500-C,81.65,0.0115,4.8,1,1557560078299,19526084,25
2019-05-11 07:34:52.376,0.4,sell,6841.77,BTC-17MAY19-7500-C,81.64,0.0115,0.4,1,1557560092376,19526086,26
2019-05-11 07:35:07.651,20.0,buy,6841.78,BTC-17MAY19-7500-C,85.68,0.013000000000000001,20.0,0,1557560107651,19526095,27
2019-05-11 07:35:07.651,60.0,buy,6841.78,BTC-17MAY19-7500-C,85.68,0.013000000000000001,60.0,1,1557560107651,19526096,28
2019-05-11 07:35:39.626,20.0,buy,6836.7,BTC-17MAY19-7500-C,87.4,0.0135,20.0,0,1557560139626,19526160,29
2019-05-11 07:35:39.629,25.0,sell,6836.7,BTC-17MAY19-7500-C,87.4,0.0135,25.0,1,1557560139629,19526161,30
2019-05-11 07:35:39.645,0.4,sell,6836.7,BTC-17MAY19-7500-C,87.4,0.0135,0.4,1,1557560139645,19526162,31
2019-05-11 07:35:44.036,14.6,sell,6836.7,BTC-17MAY19-7500-C,87.4,0.0135,14.6,1,1557560144036,19526175,32
2019-05-11 07:40:57.686,20.0,buy,6830.36,BTC-17MAY19-7500-C,89.24,0.013999999999999999,20.0,0,1557560457686,19526809,33
2019-05-11 07:58:39.032,20.0,buy,6807.1,BTC-17MAY19-7500-C,89.87,0.0135,20.0,2,1557561519032,19529885,34
2019-05-11 08:05:00.682,10.0,sell,6808.47,BTC-17MAY19-7500-C,84.36,0.0115,10.0,2,1557561900682,19530328,35
2019-05-11 08:10:40.675,0.1,sell,6786.57,BTC-17MAY19-7500-C,86.08,0.0115,0.1,3,1557562240675,19530787,36
2019-05-11 08:31:17.385,24.0,sell,6729.9,BTC-17MAY19-7500-C,90.53,0.0115,24.0,3,1557563477385,19534404,37
2019-05-11 08:44:09.934,5.0,sell,6718.95,BTC-17MAY19-7500-C,91.43,0.0115,5.0,3,1557564249934,19537309,38
2019-05-11 08:44:40.387,5.0,sell,6716.32,BTC-17MAY19-7500-C,91.64,0.0115,5.0,3,1557564280387,19537358,39
2019-05-11 08:56:45.163,0.4,sell,6668.85,BTC-17MAY19-7500-C,95.32,0.0115,0.4,3,1557565005163,19539609,40
2019-05-11 10:08:28.315,0.2,buy,6826.42,BTC-17MAY19-7500-C,92.93,0.015,0.2,0,1557569308315,19548245,41
2019-05-11 10:08:28.315,9.8,buy,6826.42,BTC-17MAY19-7500-C,94.22,0.0155,9.8,0,1557569308315,19548246,42
2019-05-11 10:13:56.184,20.0,sell,6825.44,BTC-17MAY19-7500-C,83.68,0.0115,20.0,2,1557569636184,19548794,43
2019-05-11 10:42:51.089,0.4,buy,6813.12,BTC-17MAY19-7500-C,86.17,0.012,0.4,0,1557571371089,19552213,44
2019-05-11 10:42:52.788,0.4,buy,6813.04,BTC-17MAY19-7500-C,86.18,0.012,0.4,1,1557571372788,19552215,45
2019-05-11 10:50:08.708,4.2,buy,6823.65,BTC-17MAY19-7500-C,85.38,0.012,4.2,1,1557571808708,19553364,46
2019-05-11 11:39:33.324,20.0,sell,6824.02,BTC-17MAY19-7500-C,88.34,0.013,20.0,0,1557574773324,19557390,47
2019-05-11 11:40:09.107,0.4,sell,6818.36,BTC-17MAY19-7500-C,90.14,0.0135,0.4,0,1557574809107,19557484,48
2019-05-11 11:56:43.339,0.1,sell,6790.92,BTC-17MAY19-7500-C,89.7,0.0125,0.1,2,1557575803339,19558745,49
2019-05-11 11:56:44.691,0.1,buy,6790.16,BTC-17MAY19-7500-C,89.76,0.0125,0.1,3,1557575804691,19558753,50
2019-05-11 11:56:45.687,0.1,buy,6790.09,BTC-17MAY19-7500-C,89.76,0.0125,0.1,3,1557575805687,19558756,51
2019-05-11 12:56:54.449,1.4,buy,6782.05,BTC-17MAY19-7500-C,89.32,0.012,1.4,2,1557579414449,19565769,52
2019-05-11 14:05:56.973,3.0,sell,6810.12,BTC-17MAY19-7500-C,84.62,0.011000000000000001,3.0,2,1557583556973,19569938,53
2019-05-11 14:33:41.743,1.0,sell,6777.49,BTC-17MAY19-7500-C,87.32,0.011000000000000001,1.0,3,1557585221743,19573422,54
2019-05-11 15:48:20.373,10.0,sell,6884.48,BTC-17MAY19-7500-C,84.73,0.013000000000000001,10.0,0,1557589700373,19584377,55
2019-05-11 15:54:52.708,4.0,buy,6921.02,BTC-17MAY19-7500-C,85.65,0.0145,4.0,0,1557590092708,19587110,56
2019-05-11 16:16:53.361,0.2,buy,6970.73,BTC-17MAY19-7500-C,87.72,0.017,0.2,0,1557591413361,19597427,57
2019-05-11 16:19:14.681,0.2,buy,7023.69,BTC-17MAY19-7500-C,87.76,0.019,0.2,0,1557591554681,19598825,58
2019-05-11 16:20:44.934,1.0,buy,6966.76,BTC-17MAY19-7500-C,88.1,0.017,1.0,2,1557591644934,19600487,59
2019-05-11 16:26:01.890,10.0,buy,6990.76,BTC-17MAY19-7500-C,89.6,0.0185,10.0,0,1557591961890,19602951,60
2019-05-11 17:13:07.075,1.0,buy,6915.62,BTC-17MAY19-7500-C,90.35,0.016,1.0,2,1557594787075,19613870,61
2019-05-11 19:52:03.361,0.4,buy,6937.8,BTC-17MAY19-7500-C,89.32,0.016,0.4,3,1557604323361,19633867,62
2019-05-11 22:22:30.177,8.6,buy,7160.37,BTC-17MAY19-7500-C,90.19,0.025,8.6,1,1557613350177,19663147,64
2019-05-11 22:22:30.177,0.2,buy,7160.37,BTC-17MAY19-7500-C,90.19,0.025,0.2,0,1557613350177,19663146,63
2019-05-11 22:26:53.341,5.0,sell,7191.21,BTC-17MAY19-7500-C,87.05,0.025,5.0,1,1557613613341,19667416,65
2019-05-11 22:32:00.667,0.2,buy,7278.78,BTC-17MAY19-7500-C,88.43,0.03,0.2,0,1557613920667,19670700,66
2019-05-11 22:35:50.845,0.1,buy,7330.19,BTC-17MAY19-7500-C,93.13,0.035,0.1,0,1557614150845,19675109,67
2019-05-11 22:36:20.178,11.5,buy,7315.36,BTC-17MAY19-7500-C,104.22,0.0395,11.5,0,1557614180178,19675517,70
2019-05-11 22:36:20.178,0.1,buy,7315.36,BTC-17MAY19-7500-C,101.09,0.038,0.1,1,1557614180178,19675516,69
2019-05-11 22:36:20.178,0.4,buy,7315.36,BTC-17MAY19-7500-C,101.09,0.038,0.4,0,1557614180178,19675515,68
2019-05-11 22:37:34.692,8.0,sell,7298.32,BTC-17MAY19-7500-C,107.24,0.04,8.0,0,1557614254692,19676980,71
2019-05-11 22:39:53.609,0.1,buy,7285.92,BTC-17MAY19-7500-C,96.11,0.034,0.1,2,1557614393609,19679380,72
2019-05-11 22:41:31.860,0.4,buy,7247.03,BTC-17MAY19-7500-C,91.97,0.03,0.4,2,1557614491860,19681427,73
2019-05-11 22:41:35.048,0.4,buy,7246.68,BTC-17MAY19-7500-C,92.02,0.03,0.4,3,1557614495048,19681471,74
2019-05-11 22:41:53.198,0.6,buy,7252.5,BTC-17MAY19-7500-C,91.38,0.03,0.6,3,1557614513198,19681618,75
2019-05-11 22:43:22.076,4.6000000000000005,buy,7243.33,BTC-17MAY19-7500-C,108.26,0.0375,4.6000000000000005,0,1557614602076,19682269,77
2019-05-11 22:43:22.076,0.4,buy,7243.33,BTC-17MAY19-7500-C,106.16,0.0365,0.4,0,1557614602076,19682268,76
2019-05-11 23:58:01.484,5.0,sell,7260.78,BTC-17MAY19-7500-C,96.25,0.0325,5.0,2,1557619081484,19730354,78
2019-05-12 00:01:36.521,5.0,buy,7258.07,BTC-17MAY19-7500-C,98.7,0.0335,5.0,0,1557619296521,19732174,79
2019-05-12 00:01:38.770,1.0,sell,7259.42,BTC-17MAY19-7500-C,92.16,0.0305,1.0,2,1557619298770,19732203,80
2019-05-12 00:03:35.080,5.0,buy,7296.13,BTC-17MAY19-7500-C,97.58,0.035,5.0,0,1557619415080,19733194,81
2019-05-12 00:03:35.080,0.4,buy,7296.13,BTC-17MAY19-7500-C,97.58,0.035,0.4,1,1557619415080,19733195,82
2019-05-12 00:03:43.553,0.4,buy,7301.42,BTC-17MAY19-7500-C,98.03,0.0355,0.4,0,1557619423553,19733267,83
2019-05-12 00:04:16.414,5.0,buy,7280.13,BTC-17MAY19-7500-C,99.4,0.035,5.0,2,1557619456414,19733522,84
2019-05-12 00:41:30.418,0.4,buy,7030.61,BTC-17MAY19-7500-C,100.58,0.0235,0.4,2,1557621690418,19758547,85
2019-05-12 01:08:18.053,5.0,buy,7132.83,BTC-17MAY19-7500-C,105.1,0.03,5.0,0,1557623298053,19769412,86
2019-05-12 01:30:52.159,1.0,buy,7135.12,BTC-17MAY19-7500-C,102.81,0.028999999999999998,1.0,2,1557624652159,19777009,87
2019-05-12 01:52:47.986,0.4,sell,7206.39,BTC-17MAY19-7500-C,100.83,0.0315,0.4,0,1557625967986,19781971,88
2019-05-12 01:56:14.622,0.4,sell,7195.51,BTC-17MAY19-7500-C,99.86,0.0305,0.4,2,1557626174622,19782163,89
2019-05-12 02:31:23.467,0.4,buy,7255.23,BTC-17MAY19-7500-C,96.77,0.032,0.4,0,1557628283467,19788194,90
2019-05-12 02:41:43.118,0.1,buy,7217.9,BTC-17MAY19-7500-C,105.3,0.034,0.1,0,1557628903118,19789595,91
2019-05-12 02:41:53.692,1.0,sell,7217.07,BTC-17MAY19-7500-C,94.55,0.028999999999999998,1.0,2,1557628913692,19789626,92
2019-05-12 02:47:07.287,1.0,buy,7240.01,BTC-17MAY19-7500-C,95.33,0.0305,1.0,0,1557629227287,19790323,93
2019-05-12 02:50:48.529,1.0,buy,7223.58,BTC-17MAY19-7500-C,98.25,0.031,1.0,0,1557629448529,19790748,94
2019-05-12 03:21:51.246,0.2,sell,7213.77,BTC-17MAY19-7500-C,99.53,0.031,0.2,1,1557631311246,19797124,95
2019-05-12 03:29:05.988,0.4,sell,7218.27,BTC-17MAY19-7500-C,92.52,0.027999999999999997,0.4,2,1557631745988,19797846,96
2019-05-12 03:32:32.928,0.4,sell,7197.5,BTC-17MAY19-7500-C,94.79,0.027999999999999997,0.4,3,1557631952928,19798066,97
2019-05-12 03:33:34.391,0.4,sell,7196.82,BTC-17MAY19-7500-C,94.87,0.027999999999999997,0.4,3,1557632014391,19798123,98
2019-05-12 03:48:53.308,0.1,buy,7147.09,BTC-17MAY19-7500-C,95.78,0.026,0.1,2,1557632933308,19801159,99
2019-05-12 04:36:23.733,0.8,sell,7195.98,BTC-17MAY19-7500-C,90.92,0.026000000000000002,0.8,3,1557635783733,19806159,100
2019-05-12 04:43:23.153,0.7000000000000001,sell,7208.36,BTC-17MAY19-7500-C,89.63,0.026000000000000002,0.7000000000000001,3,1557636203153,19807025,101
2019-05-12 05:16:08.208,0.1,buy,7240.5,BTC-17MAY19-7500-C,98.41,0.0315,0.1,0,1557638168208,19809394,102
2019-05-12 05:29:02.727,0.1,buy,7257.53,BTC-17MAY19-7500-C,97.67,0.032,0.1,0,1557638942727,19810201,103
2019-05-12 05:32:39.348,0.1,buy,7296.24,BTC-17MAY19-7500-C,108.33,0.039,0.1,0,1557639159348,19811598,104
2019-05-12 05:32:39.348,4.9,buy,7296.24,BTC-17MAY19-7500-C,110.47,0.04,4.9,0,1557639159348,19811599,105
2019-05-12 07:10:58.523,0.1,buy,7477.99,BTC-17MAY19-7500-C,106.54,0.0485,0.1,0,1557645058523,19830634,106
2019-05-12 07:12:54.828,0.2,buy,7516.52,BTC-17MAY19-7500-C,104.55,0.05,0.2,0,1557645174828,19831612,107
2019-05-12 07:16:59.247,0.5,buy,7497.55,BTC-17MAY19-7500-C,116.79,0.0545,0.5,0,1557645419247,19833278,108
2019-05-12 07:27:44.596,1.0,buy,7532.83,BTC-17MAY19-7500-C,100.26,0.049,1.0,2,1557646064596,19835954,109
2019-05-12 07:27:46.420,1.0,buy,7532.35,BTC-17MAY19-7500-C,100.33,0.049,1.0,3,1557646066420,19835975,110
2019-05-12 07:28:06.922,0.1,buy,7525.49,BTC-17MAY19-7500-C,101.28,0.049,0.1,3,1557646086922,19836047,111
2019-05-12 07:28:40.796,0.1,buy,7506.57,BTC-17MAY19-7500-C,103.89,0.049,0.1,3,1557646120796,19836180,112
2019-05-12 07:31:38.232,7.8,buy,7509.14,BTC-17MAY19-7500-C,103.56,0.049,7.8,3,1557646298232,19836825,113
2019-05-12 07:32:14.398,0.2,sell,7497.12,BTC-17MAY19-7500-C,105.19,0.049,0.2,3,1557646334398,19836910,114
2019-05-12 07:32:39.749,0.1,buy,7495.5,BTC-17MAY19-7500-C,107.56,0.05,0.1,0,1557646359749,19837042,115
2019-05-12 07:36:42.880,0.1,buy,7525.02,BTC-17MAY19-7500-C,109.99,0.053,0.1,0,1557646602880,19837458,116
2019-05-12 07:38:12.756,0.4,sell,7528.86,BTC-17MAY19-7500-C,111.62,0.054000000000000006,0.4,0,1557646692756,19837671,117
2019-05-12 07:38:13.043,0.4,sell,7528.61,BTC-17MAY19-7500-C,111.66,0.054000000000000006,0.4,1,1557646693043,19837674,118
2019-05-12 07:38:13.215,0.4,sell,7528.61,BTC-17MAY19-7500-C,111.66,0.054000000000000006,0.4,1,1557646693215,19837676,119
2019-05-12 07:38:13.259,0.4,sell,7528.61,BTC-17MAY19-7500-C,111.66,0.054000000000000006,0.4,1,1557646693259,19837678,120
2019-05-12 07:38:41.742,0.4,buy,7533.67,BTC-17MAY19-7500-C,115.26,0.055999999999999994,0.4,0,1557646721742,19837817,122
2019-05-12 07:38:41.742,0.1,buy,7533.67,BTC-17MAY19-7500-C,113.11,0.055,0.1,0,1557646721742,19837816,121
2019-05-12 07:38:45.753,0.4,sell,7534.14,BTC-17MAY19-7500-C,117.35,0.057,0.4,0,1557646725753,19837832,123
2019-05-12 07:38:46.871,0.4,sell,7534.11,BTC-17MAY19-7500-C,117.35,0.057,0.4,1,1557646726871,19837834,124
2019-05-12 07:38:58.906,1.0,sell,7540.8,BTC-17MAY19-7500-C,116.43,0.057,1.0,1,1557646738906,19837871,125
2019-05-12 07:39:21.571,6.0,buy,7548.68,BTC-17MAY19-7500-C,118.56,0.0585,6.0,0,1557646761571,19837930,126
2019-05-12 07:48:24.300,0.4,sell,7520.25,BTC-17MAY19-7500-C,106.44,0.051,0.4,2,1557647304300,19840478,127
2019-05-12 07:50:36.055,0.4,buy,7524.66,BTC-17MAY19-7500-C,106.93,0.0515,0.4,0,1557647436055,19840835,128
2019-05-12 07:50:36.055,11.6,buy,7524.66,BTC-17MAY19-7500-C,108.0,0.052000000000000005,11.6,0,1557647436055,19840836,129
2019-05-12 07:54:27.592,12.0,buy,7517.21,BTC-17MAY19-7500-C,107.98,0.0515,12.0,2,1557647667592,19841477,130
2019-05-12 08:12:10.992,0.2,sell,7443.97,BTC-17MAY19-7500-C,109.36,0.0475,0.2,2,1557648730992,19846111,131
2019-05-12 08:19:04.649,0.4,buy,7374.48,BTC-17MAY19-7500-C,116.17,0.0465,0.4,2,1557649144649,19855622,132
2019-05-12 08:19:19.060,0.4,buy,7338.58,BTC-17MAY19-7500-C,118.48,0.0455,0.4,2,1557649159060,19855776,133
2019-05-12 08:19:28.029,0.4,buy,7337.51,BTC-17MAY19-7500-C,120.76,0.0465,0.4,0,1557649168029,19855820,134
2019-05-12 08:20:27.617,0.4,sell,7362.25,BTC-17MAY19-7500-C,119.86,0.0475,0.4,0,1557649227617,19856618,135
2019-05-12 08:21:36.484,0.4,buy,7336.38,BTC-17MAY19-7500-C,116.62,0.0445,0.4,2,1557649296484,19857094,136
2019-05-12 08:40:44.156,0.3,buy,7348.86,BTC-17MAY19-7500-C,101.21,0.038,0.3,2,1557650444156,19866323,137
2019-05-12 08:55:37.777,0.4,buy,7428.17,BTC-17MAY19-7500-C,101.0,0.0425,0.4,0,1557651337777,19869259,138
2019-05-12 08:55:57.682,0.4,buy,7427.13,BTC-17MAY19-7500-C,101.14,0.0425,0.4,1,1557651357682,19869393,139
2019-05-12 09:17:41.525,0.2,sell,7432.59,BTC-17MAY19-7500-C,95.2,0.04,0.2,2,1557652661525,19872554,140
2019-05-12 10:10:11.497,0.1,sell,7412.09,BTC-17MAY19-7500-C,98.21,0.04,0.1,3,1557655811497,19900009,141
2019-05-12 10:10:38.000,0.2,sell,7409.9,BTC-17MAY19-7500-C,98.5,0.04,0.2,3,1557655838000,19900050,142
2019-05-12 10:22:29.721,0.2,sell,7427.64,BTC-17MAY19-7500-C,96.28,0.04,0.2,3,1557656549721,19902838,143
2019-05-12 10:22:58.125,0.1,sell,7416.69,BTC-17MAY19-7500-C,96.62,0.0395,0.1,2,1557656578125,19902973,144
2019-05-12 10:42:38.790,0.2,sell,7368.56,BTC-17MAY19-7500-C,94.19,0.0355,0.2,2,1557657758790,19911546,145
2019-05-12 11:01:47.858,0.1,sell,7193.46,BTC-17MAY19-7500-C,102.77,0.03,0.1,2,1557658907858,19920206,146
2019-05-12 11:06:27.681,0.4,buy,7243.32,BTC-17MAY19-7500-C,97.16,0.03,0.4,3,1557659187681,19923447,147
2019-05-12 11:06:29.324,0.4,buy,7243.28,BTC-17MAY19-7500-C,97.16,0.03,0.4,3,1557659189324,19923457,148
2019-05-12 11:06:29.372,0.2,buy,7243.28,BTC-17MAY19-7500-C,97.16,0.03,0.2,3,1557659189372,19923459,149
2019-05-12 11:07:19.028,0.4,sell,7231.28,BTC-17MAY19-7500-C,101.9,0.0315,0.4,0,1557659239028,19923770,150
2019-05-12 11:08:18.403,0.4,sell,7241.1,BTC-17MAY19-7500-C,100.79,0.0315,0.4,1,1557659298403,19924249,151
2019-05-12 11:09:34.666,1.0,sell,7228.13,BTC-17MAY19-7500-C,100.04,0.0305,1.0,2,1557659374666,19924787,152
2019-05-12 11:51:00.600,0.1,sell,7063.77,BTC-17MAY19-7500-C,98.27,0.022000000000000002,0.1,2,1557661860600,19950688,153
2019-05-12 11:51:02.310,0.1,sell,7062.79,BTC-17MAY19-7500-C,98.37,0.022000000000000002,0.1,3,1557661862310,19950690,154
2019-05-12 11:51:02.357,0.1,sell,7062.79,BTC-17MAY19-7500-C,98.37,0.022000000000000002,0.1,3,1557661862357,19950692,155
2019-05-12 11:51:02.460,0.1,sell,7062.79,BTC-17MAY19-7500-C,98.37,0.022000000000000002,0.1,3,1557661862460,19950694,156
2019-05-12 11:51:08.028,0.5,sell,7055.13,BTC-17MAY19-7500-C,99.15,0.022000000000000002,0.5,3,1557661868028,19950717,157
2019-05-12 11:51:15.316,0.5,sell,7051.43,BTC-17MAY19-7500-C,99.53,0.022000000000000002,0.5,3,1557661875316,19950773,158
2019-05-12 11:51:36.994,1.1,sell,7060.37,BTC-17MAY19-7500-C,98.63,0.022000000000000002,1.1,3,1557661896994,19950967,159
2019-05-12 12:02:04.435,0.1,sell,7175.31,BTC-17MAY19-7500-C,93.74,0.025,0.1,0,1557662524435,19954737,160
2019-05-12 12:02:06.815,0.1,sell,7177.65,BTC-17MAY19-7500-C,92.32,0.0245,0.1,2,1557662526815,19954774,161
2019-05-12 12:02:11.280,0.1,sell,7178.34,BTC-17MAY19-7500-C,93.41,0.025,0.1,0,1557662531280,19954824,162
2019-05-12 12:22:47.041,4.0,sell,7070.15,BTC-17MAY19-7500-C,92.94,0.02,4.0,2,1557663767041,19963333,163
2019-05-12 12:23:22.133,4.0,sell,7062.34,BTC-17MAY19-7500-C,91.24,0.019,4.0,2,1557663802133,19963534,164
2019-05-12 12:29:24.665,0.4,sell,7127.34,BTC-17MAY19-7500-C,87.15,0.02,0.4,0,1557664164665,19965216,165
2019-05-12 12:29:24.665,0.6,sell,7127.34,BTC-17MAY19-7500-C,87.15,0.02,0.6,1,1557664164665,19965217,166
2019-05-12 12:37:37.575,0.2,buy,7118.28,BTC-17MAY19-7500-C,90.56,0.021,0.2,0,1557664657575,19966398,167
2019-05-12 12:42:17.348,0.2,buy,7085.05,BTC-17MAY19-7500-C,92.79,0.0205,0.2,2,1557664937348,19967259,168
2019-05-12 13:08:23.638,8.0,sell,7187.49,BTC-17MAY19-7500-C,81.09,0.02,8.0,2,1557666503638,19971048,171
2019-05-12 13:08:23.638,0.4,sell,7187.49,BTC-17MAY19-7500-C,87.01,0.0225,0.4,2,1557666503638,19971047,170
2019-05-12 13:08:23.638,3.8,sell,7187.49,BTC-17MAY19-7500-C,88.18,0.023,3.8,0,1557666503638,19971046,169
2019-05-12 14:26:51.789,4.3,sell,7125.72,BTC-17MAY19-7500-C,83.13,0.018000000000000002,4.3,2,1557671211789,19984933,172
2019-05-12 14:33:54.739,4.1,sell,7140.02,BTC-17MAY19-7500-C,80.47,0.0175,4.1,2,1557671634739,19985647,173
2019-05-12 14:34:25.479,9.5,sell,7143.01,BTC-17MAY19-7500-C,78.92,0.017,9.5,3,1557671665479,19985657,175
2019-05-12 14:34:25.479,0.4,sell,7143.01,BTC-17MAY19-7500-C,78.92,0.017,0.4,2,1557671665479,19985656,174
2019-05-12 14:36:28.904,6.3,sell,7114.93,BTC-17MAY19-7500-C,77.97,0.0155,6.3,2,1557671788904,19986035,177
2019-05-12 14:36:28.904,0.4,sell,7114.93,BTC-17MAY19-7500-C,79.24,0.016,0.4,2,1557671788904,19986034,176
2019-05-12 14:50:15.852,0.4,sell,7016.79,BTC-17MAY19-7500-C,76.6,0.0115,0.4,2,1557672615852,19991869,178
2019-05-12 15:48:58.216,5.6000000000000005,buy,6805.35,BTC-17MAY19-7500-C,106.44,0.015,5.6000000000000005,0,1557676138216,20015932,180
2019-05-12 15:48:58.216,4.4,buy,6805.35,BTC-17MAY19-7500-C,90.98,0.01,4.4,2,1557676138216,20015931,179
2019-05-12 15:55:57.578,4.0,buy,6843.4,BTC-17MAY19-7500-C,87.77,0.01,4.0,2,1557676557578,20018724,181
2019-05-12 16:08:38.863,0.5,buy,6948.03,BTC-17MAY19-7500-C,91.95,0.0145,0.5,0,1557677318863,20023181,182
2019-05-12 16:51:25.882,10.0,sell,6836.45,BTC-17MAY19-7500-C,87.09,0.0095,10.0,2,1557679885882,20032049,183
2019-05-12 17:01:04.863,0.3,buy,6854.48,BTC-17MAY19-7500-C,88.85,0.0105,0.3,0,1557680464863,20034080,184
2019-05-12 17:02:14.445,0.2,sell,6859.69,BTC-17MAY19-7500-C,88.4,0.0105,0.2,1,1557680534445,20034247,185
2019-05-12 17:15:49.957,0.2,buy,6891.91,BTC-17MAY19-7500-C,90.3,0.012,0.2,0,1557681349957,20037520,186
2019-05-12 17:18:46.403,0.1,sell,6878.98,BTC-17MAY19-7500-C,89.95,0.0115,0.1,2,1557681526403,20038610,187
2019-05-12 18:48:54.383,2.8000000000000003,buy,7038.18,BTC-17MAY19-7500-C,92.44,0.0175,2.8000000000000003,0,1557686934383,20053739,188
2019-05-12 21:44:47.195,1.0,buy,7123.4,BTC-17MAY19-7500-C,80.99,0.016,1.0,2,1557697487195,20084959,189
2019-05-12 21:59:45.621,0.1,buy,7150.5,BTC-17MAY19-7500-C,88.47,0.02,0.1,0,1557698385621,20085520,190
2019-05-12 21:59:45.811,0.2,sell,7150.5,BTC-17MAY19-7500-C,88.47,0.02,0.2,1,1557698385811,20085522,191
2019-05-12 21:59:52.680,0.7000000000000001,sell,7153.4,BTC-17MAY19-7500-C,88.15,0.02,0.7000000000000001,1,1557698392680,20085555,192
2019-05-13 04:22:11.338,25.0,buy,7036.03,BTC-17MAY19-7500-C,87.14,0.013999999999999999,25.0,2,1557721331338,20128256,193
2019-05-13 04:23:11.042,25.0,buy,7039.01,BTC-17MAY19-7500-C,88.28,0.0145,25.0,0,1557721391042,20128331,194
2019-05-13 04:23:16.887,35.0,buy,7039.59,BTC-17MAY19-7500-C,88.22,0.0145,35.0,1,1557721396887,20128342,195
2019-05-13 04:23:30.577,5.0,sell,7042.54,BTC-17MAY19-7500-C,87.92,0.0145,5.0,1,1557721410577,20128359,196
2019-05-13 07:31:30.945,10.0,sell,7031.01,BTC-17MAY19-7500-C,91.98,0.015,10.0,0,1557732690945,20140754,197
2019-05-13 08:40:06.896,2.5,sell,7050.09,BTC-17MAY19-7500-C,90.53,0.015,2.5,1,1557736806896,20145752,198
2019-05-13 09:13:59.741,1.7,buy,7092.09,BTC-17MAY19-7500-C,93.36,0.0175,1.7,0,1557738839741,20147847,199
2019-05-13 09:56:02.873,2.0,buy,7093.85,BTC-17MAY19-7500-C,93.51,0.0175,2.0,1,1557741362873,20151269,200
2019-05-13 09:56:15.173,2.0,buy,7092.8,BTC-17MAY19-7500-C,93.62,0.0175,2.0,1,1557741375173,20151277,201
2019-05-13 09:56:24.142,2.0,buy,7091.95,BTC-17MAY19-7500-C,95.1,0.018000000000000002,2.0,0,1557741384142,20151284,202
2019-05-13 11:36:39.446,10.0,buy,7248.15,BTC-17MAY19-7500-C,88.31,0.022,10.0,0,1557747399446,20161040,203
2019-05-13 11:38:55.207,0.1,buy,7275.74,BTC-17MAY19-7500-C,86.16,0.0225,0.1,0,1557747535207,20161806,204
2019-05-13 11:39:07.416,5.0,buy,7279.09,BTC-17MAY19-7500-C,87.01,0.023,5.0,0,1557747547416,20161840,205
2019-05-13 11:40:49.410,1.0,buy,7292.58,BTC-17MAY19-7500-C,87.84,0.024,1.0,0,1557747649410,20162392,206
2019-05-13 11:41:17.831,2.0,buy,7281.67,BTC-17MAY19-7500-C,89.24,0.024,2.0,1,1557747677831,20162512,207
2019-05-13 11:46:51.100,6.0,buy,7308.74,BTC-17MAY19-7500-C,85.79,0.024,6.0,1,1557748011100,20164175,208
2019-05-13 11:46:59.783,0.2,buy,7312.07,BTC-17MAY19-7500-C,85.36,0.024,0.2,1,1557748019783,20164191,209
2019-05-13 11:47:06.162,0.2,buy,7312.74,BTC-17MAY19-7500-C,85.27,0.024,0.2,1,1557748026162,20164223,210
2019-05-13 11:47:17.363,0.6,buy,7313.17,BTC-17MAY19-7500-C,85.22,0.024,0.6,1,1557748037363,20164254,211
2019-05-13 11:48:00.472,1.0,buy,7320.38,BTC-17MAY19-7500-C,86.79,0.025,1.0,0,1557748080472,20164426,212
2019-05-13 11:48:25.578,6.0,buy,7321.43,BTC-17MAY19-7500-C,85.4,0.0245,6.0,2,1557748105578,20164611,213
2019-05-13 12:20:56.069,4.0,buy,7298.91,BTC-17MAY19-7500-C,88.6,0.0245,4.0,3,1557750056069,20170698,214
2019-05-13 12:21:04.684,9.0,buy,7305.97,BTC-17MAY19-7500-C,88.95,0.025,9.0,0,1557750064684,20170770,215
2019-05-13 12:32:19.932,0.2,sell,7297.83,BTC-17MAY19-7500-C,91.36,0.0255,0.2,0,1557750739932,20174854,216
2019-05-13 12:33:00.242,0.8,sell,7299.48,BTC-17MAY19-7500-C,91.16,0.0255,0.8,1,1557750780242,20174919,217
2019-05-13 13:13:23.308,0.1,buy,7393.53,BTC-17MAY19-7500-C,87.4,0.028999999999999998,0.1,0,1557753203308,20181083,218
2019-05-13 13:13:56.620,0.2,buy,7404.8,BTC-17MAY19-7500-C,88.27,0.03,0.2,0,1557753236620,20181201,219
2019-05-13 13:20:37.886,2.0,buy,7408.62,BTC-17MAY19-7500-C,85.3,0.028999999999999998,2.0,2,1557753637886,20182629,220
2019-05-13 13:42:03.289,0.2,sell,7379.22,BTC-17MAY19-7500-C,83.43,0.0265,0.2,2,1557754923289,20185493,221
2019-05-13 13:42:03.289,0.9,sell,7379.22,BTC-17MAY19-7500-C,83.43,0.0265,0.9,3,1557754923289,20185494,222
2019-05-13 13:48:02.342,5.0,buy,7427.24,BTC-17MAY19-7500-C,85.27,0.03,5.0,0,1557755282342,20186680,223
2019-05-13 13:49:02.826,1.0,sell,7425.62,BTC-17MAY19-7500-C,83.04,0.028999999999999998,1.0,2,1557755342826,20186880,224
2019-05-13 14:00:59.408,1.0,sell,7366.93,BTC-17MAY19-7500-C,84.04,0.026000000000000002,1.0,2,1557756059408,20188612,225
2019-05-13 14:01:00.413,1.0,sell,7367.11,BTC-17MAY19-7500-C,84.02,0.026000000000000002,1.0,3,1557756060413,20188613,226
2019-05-13 14:20:31.378,0.1,buy,7420.22,BTC-17MAY19-7500-C,91.54,0.032,0.1,0,1557757231378,20191172,227
2019-05-13 14:40:07.864,10.0,buy,7506.15,BTC-17MAY19-7500-C,85.92,0.035,10.0,0,1557758407864,20197000,228
2019-05-13 14:42:27.504,1.0,sell,7498.55,BTC-17MAY19-7500-C,88.39,0.0355,1.0,0,1557758547504,20197870,229
2019-05-13 14:44:47.383,0.1,buy,7536.93,BTC-17MAY19-7500-C,87.15,0.0375,0.1,0,1557758687383,20198681,230
2019-05-13 14:44:58.643,0.2,buy,7539.46,BTC-17MAY19-7500-C,86.73,0.0375,0.2,1,1557758698643,20198849,231
2019-05-13 14:48:35.855,0.7000000000000001,buy,7510.03,BTC-17MAY19-7500-C,90.34,0.037000000000000005,0.7000000000000001,2,1557758915855,20199781,232
2019-05-13 14:49:59.321,0.1,buy,7510.89,BTC-17MAY19-7500-C,90.21,0.037000000000000005,0.1,3,1557758999321,20200211,233
2019-05-13 14:50:32.627,1.0,buy,7512.5,BTC-17MAY19-7500-C,96.18,0.0395,1.0,0,1557759032627,20200274,234
2019-05-13 15:06:11.773,1.0,buy,7517.09,BTC-17MAY19-7500-C,88.09,0.0365,1.0,2,1557759971773,20205191,235
2019-05-13 15:07:50.360,0.2,buy,7567.36,BTC-17MAY19-7500-C,83.42,0.038,0.2,0,1557760070360,20206284,236
2019-05-13 15:08:32.712,1.0,buy,7635.54,BTC-17MAY19-7500-C,88.98,0.045,1.0,0,1557760112712,20207866,237
2019-05-13 15:08:39.495,2.4,buy,7662.98,BTC-17MAY19-7500-C,91.56,0.048,2.4,0,1557760119495,20208314,238
2019-05-13 15:08:46.145,0.1,buy,7668.99,BTC-17MAY19-7500-C,95.6,0.05,0.1,1,1557760126145,20208751,240
2019-05-13 15:08:46.145,0.1,buy,7668.99,BTC-17MAY19-7500-C,95.6,0.05,0.1,0,1557760126145,20208750,239
2019-05-13 15:11:42.712,1.0,buy,7745.6,BTC-17MAY19-7500-C,99.01,0.057,1.0,0,1557760302712,20213609,241
2019-05-13 15:11:46.067,0.9,buy,7746.82,BTC-17MAY19-7500-C,101.43,0.057999999999999996,0.9,0,1557760306067,20213761,242
2019-05-13 15:11:48.457,0.3,buy,7761.18,BTC-17MAY19-7500-C,101.19,0.059000000000000004,0.3,0,1557760308457,20213895,243
2019-05-13 15:11:50.060,0.1,buy,7759.67,BTC-17MAY19-7500-C,104.17,0.06,0.1,0,1557760310060,20213953,244
2019-05-13 15:11:50.060,2.0,buy,7759.67,BTC-17MAY19-7500-C,104.17,0.06,2.0,1,1557760310060,20213954,245
2019-05-13 15:13:15.918,1.0,sell,7806.82,BTC-17MAY19-7500-C,106.62,0.0645,1.0,0,1557760395918,20217264,246
2019-05-13 15:13:26.086,1.0,sell,7823.98,BTC-17MAY19-7500-C,112.58,0.068,1.0,0,1557760406086,20217611,247
2019-05-13 15:13:27.609,1.0,sell,7825.54,BTC-17MAY19-7500-C,112.25,0.068,1.0,1,1557760407609,20217663,248
2019-05-13 15:13:37.999,1.0,sell,7834.39,BTC-17MAY19-7500-C,111.77,0.0685,1.0,0,1557760417999,20217929,249
2019-05-13 15:13:44.867,1.0,sell,7847.93,BTC-17MAY19-7500-C,111.64,0.0695,1.0,0,1557760424867,20218086,250
2019-05-13 15:13:46.722,1.0,buy,7848.71,BTC-17MAY19-7500-C,112.86,0.07,1.0,0,1557760426722,20218227,251
2019-05-13 15:13:55.017,1.0,sell,7867.01,BTC-17MAY19-7500-C,120.03,0.07400000000000001,1.0,0,1557760435017,20218650,252
2019-05-13 15:13:57.670,0.1,buy,7869.36,BTC-17MAY19-7500-C,122.29,0.075,0.1,0,1557760437670,20218853,253
2019-05-13 15:13:57.697,0.9,sell,7869.36,BTC-17MAY19-7500-C,123.67,0.0755,0.9,0,1557760437697,20218855,254
2019-05-13 15:14:06.428,0.2,buy,7891.84,BTC-17MAY19-7500-C,123.07,0.077,0.2,0,1557760446428,20219143,255
2019-05-13 15:14:07.297,0.2,sell,7890.4,BTC-17MAY19-7500-C,137.18,0.08199999999999999,0.2,0,1557760447297,20219174,256
2019-05-13 15:14:07.871,0.6,sell,7890.4,BTC-17MAY19-7500-C,148.08,0.086,0.6,0,1557760447871,20219198,257
2019-05-13 15:14:10.703,1.0,sell,7900.7,BTC-17MAY19-7500-C,135.06,0.08199999999999999,1.0,2,1557760450703,20219345,258
2019-05-13 15:14:12.911,1.0,sell,7901.71,BTC-17MAY19-7500-C,126.54,0.079,1.0,2,1557760452911,20219465,259
2019-05-13 15:14:15.027,1.0,sell,7913.3,BTC-17MAY19-7500-C,121.24,0.078,1.0,2,1557760455027,20219588,260
2019-05-13 15:14:16.840,1.0,sell,7912.54,BTC-17MAY19-7500-C,121.41,0.078,1.0,3,1557760456840,20219698,261
2019-05-13 15:14:18.539,1.0,sell,7915.25,BTC-17MAY19-7500-C,117.98,0.077,1.0,2,1557760458539,20219811,262
2019-05-13 15:14:28.263,1.0,sell,7921.31,BTC-17MAY19-7500-C,116.62,0.077,1.0,3,1557760468263,20220268,263
2019-05-13 15:17:08.814,1.0,sell,7871.78,BTC-17MAY19-7500-C,103.61,0.0685,1.0,2,1557760628814,20224823,264
2019-05-13 15:17:59.176,10.7,sell,7895.56,BTC-17MAY19-7500-C,116.71,0.075,10.7,0,1557760679176,20225830,265
2019-05-13 15:18:04.400,2.1,sell,7879.86,BTC-17MAY19-7500-C,120.11,0.075,2.1,1,1557760684400,20225928,266
2019-05-13 15:18:04.727,4.7,sell,7879.86,BTC-17MAY19-7500-C,120.11,0.075,4.7,1,1557760684727,20225943,267
2019-05-13 15:18:05.880,1.2,sell,7879.84,BTC-17MAY19-7500-C,120.12,0.075,1.2,1,1557760685880,20225978,268
2019-05-13 15:18:06.682,4.6000000000000005,sell,7876.14,BTC-17MAY19-7500-C,120.91,0.075,4.6000000000000005,1,1557760686682,20225997,269
2019-05-13 15:18:07.107,1.7,sell,7876.14,BTC-17MAY19-7500-C,120.91,0.075,1.7,1,1557760687107,20226020,270
2019-05-13 15:18:11.699,2.0,sell,7866.46,BTC-17MAY19-7500-C,122.95,0.075,2.0,1,1557760691699,20226111,271
2019-05-13 15:18:14.131,2.0,sell,7859.29,BTC-17MAY19-7500-C,124.44,0.075,2.0,1,1557760694131,20226147,272
2019-05-13 15:18:15.809,11.0,sell,7859.29,BTC-17MAY19-7500-C,124.44,0.075,11.0,1,1557760695809,20226188,273
2019-05-13 15:19:08.290,1.0,buy,7859.89,BTC-17MAY19-7500-C,110.5,0.07,1.0,2,1557760748290,20227023,274
2019-05-13 15:19:27.947,1.0,sell,7844.29,BTC-17MAY19-7500-C,113.85,0.07,1.0,3,1557760767947,20227301,275
2019-05-13 15:20:22.549,0.9,sell,7779.73,BTC-17MAY19-7500-C,91.93,0.057,0.9,2,1557760822549,20228689,276
2019-05-13 15:20:23.297,1.0,buy,7797.44,BTC-17MAY19-7500-C,110.0,0.065,1.0,0,1557760823297,20228711,277
2019-05-13 15:24:27.047,15.0,sell,7797.34,BTC-17MAY19-7500-C,126.18,0.071,15.0,0,1557761067047,20232240,278
2019-05-13 15:24:27.151,1.9,sell,7797.97,BTC-17MAY19-7500-C,126.05,0.071,1.9,1,1557761067151,20232243,279
2019-05-13 15:24:33.140,12.0,buy,7794.47,BTC-17MAY19-7500-C,126.75,0.071,12.0,1,1557761073140,20232340,280
2019-05-13 15:24:33.343,4.9,sell,7794.47,BTC-17MAY19-7500-C,126.75,0.071,4.9,1,1557761073343,20232341,281
2019-05-13 15:27:02.778,1.0,sell,7831.41,BTC-17MAY19-7500-C,116.64,0.07,1.0,2,1557761222778,20233549,282
2019-05-13 15:29:14.926,2.2,buy,7804.58,BTC-17MAY19-7500-C,126.15,0.0715,2.2,0,1557761354926,20234973,283
2019-05-13 15:39:14.733,10.0,buy,7797.79,BTC-17MAY19-7500-C,106.04,0.0635,10.0,2,1557761954733,20238424,284
2019-05-13 16:07:43.925,0.4,sell,7909.05,BTC-17MAY19-7500-C,121.38,0.0775,0.4,0,1557763663925,20252319,285
2019-05-13 16:37:10.195,0.4,buy,7884.52,BTC-17MAY19-7500-C,133.94,0.08,0.4,0,1557765430195,20263161,286
2019-05-13 16:59:04.572,0.4,sell,7910.04,BTC-17MAY19-7500-C,117.46,0.076,0.4,2,1557766744572,20270834,287
2019-05-13 16:59:16.170,0.4,sell,7908.8,BTC-17MAY19-7500-C,113.42,0.0745,0.4,2,1557766756170,20270898,288
2019-05-13 16:59:16.170,0.2,sell,7908.8,BTC-17MAY19-7500-C,109.07,0.073,0.2,2,1557766756170,20270899,289
2019-05-13 18:06:24.059,0.1,sell,7799.11,BTC-17MAY19-7500-C,104.49,0.0625,0.1,2,1557770784059,20289456,290
2019-05-13 19:18:39.018,1.5,sell,7834.16,BTC-17MAY19-7500-C,110.25,0.067,1.5,0,1557775119018,20296057,291
2019-05-13 19:51:30.721,4.5,sell,7936.34,BTC-17MAY19-7500-C,108.75,0.0745,4.5,0,1557777090721,20300360,292
2019-05-13 20:05:43.380,0.2,buy,7836.66,BTC-17MAY19-7500-C,110.21,0.067,0.2,2,1557777943380,20303927,293
2019-05-13 20:17:46.049,0.1,sell,7879.48,BTC-17MAY19-7500-C,109.27,0.07,0.1,0,1557778666049,20305530,294
2019-05-13 20:27:52.842,0.5,buy,7908.55,BTC-17MAY19-7500-C,117.29,0.075,0.5,0,1557779272842,20306702,295
2019-05-13 20:29:10.766,0.5,sell,7902.36,BTC-17MAY19-7500-C,120.19,0.0755,0.5,0,1557779350766,20306762,296
2019-05-13 20:30:46.155,0.5,buy,7924.03,BTC-17MAY19-7500-C,119.63,0.077,0.5,0,1557779446155,20306904,297
2019-05-13 20:33:09.140,0.8,buy,7879.26,BTC-17MAY19-7500-C,121.09,0.07400000000000001,0.8,2,1557779589140,20307469,298
2019-05-13 20:34:39.846,0.2,sell,7882.63,BTC-17MAY19-7500-C,111.65,0.071,0.2,2,1557779679846,20307850,299
2019-05-13 20:39:35.498,1.2,buy,7895.66,BTC-17MAY19-7500-C,120.39,0.075,1.2,0,1557779975498,20308073,300
2019-05-13 20:44:29.615,0.7000000000000001,buy,7908.08,BTC-17MAY19-7500-C,120.53,0.076,0.7000000000000001,0,1557780269615,20308347,301
2019-05-13 20:45:56.576,0.5,buy,7908.7,BTC-17MAY19-7500-C,120.41,0.076,0.5,1,1557780356576,20308401,302
2019-05-13 22:21:22.619,0.5,sell,8020.01,BTC-17MAY19-7500-C,121.95,0.085,0.5,0,1557786082619,20335678,303
2019-05-14 01:59:13.316,0.5,buy,7994.66,BTC-17MAY19-7500-C,143.64,0.08900000000000001,0.5,0,1557799153316,20395658,304
2019-05-14 02:28:43.409,1.0,sell,7916.44,BTC-17MAY19-7500-C,121.38,0.0755,1.0,2,1557800923409,20399403,305
2019-05-14 07:20:34.363,0.5,buy,8120.27,BTC-17MAY19-7500-C,128.44,0.09300000000000001,0.5,0,1557818434363,20445545,306
2019-05-14 07:23:45.813,0.5,sell,8122.77,BTC-17MAY19-7500-C,129.54,0.0935,0.5,0,1557818625813,20446591,307
2019-05-14 07:45:27.335,0.4,sell,8213.77,BTC-17MAY19-7500-C,119.3,0.0985,0.4,0,1557819927335,20453765,308
2019-05-14 07:47:03.237,0.4,sell,8225.52,BTC-17MAY19-7500-C,119.23,0.0995,0.4,0,1557820023237,20454376,309
2019-05-14 07:57:10.029,0.5,buy,8298.81,BTC-17MAY19-7500-C,140.71,0.111,0.5,0,1557820630029,20458650,310
2019-05-14 16:16:05.235,0.5,buy,7904.0,BTC-17MAY19-7500-C,121.93,0.071,0.5,2,1557850565235,20555151,311
2019-05-14 16:17:27.004,0.8,sell,7912.43,BTC-17MAY19-7500-C,119.58,0.071,0.8,3,1557850647004,20555508,312
2019-05-14 16:46:56.912,0.4,sell,7974.32,BTC-17MAY19-7500-C,114.1,0.0745,0.4,0,1557852416912,20559598,313
2019-05-14 16:46:56.912,0.1,sell,7974.32,BTC-17MAY19-7500-C,100.72,0.071,0.1,2,1557852416912,20559599,314
2019-05-15 01:56:51.543,0.1,sell,8002.99,BTC-17MAY19-7500-C,97.33,0.071,0.1,3,1557885411543,20658526,315
2019-05-15 05:53:31.668,5.0,buy,8015.17,BTC-17MAY19-7500-C,138.84,0.0805,5.0,0,1557899611668,20670178,316
2019-05-15 05:53:41.152,0.5,buy,8011.7,BTC-17MAY19-7500-C,142.13,0.081,0.5,0,1557899621152,20670190,317
2019-05-15 10:58:12.568,0.1,sell,8083.43,BTC-17MAY19-7500-C,120.26,0.081,0.1,1,1557917892568,20698792,318
2019-05-15 13:07:19.376,0.1,sell,8030.65,BTC-17MAY19-7500-C,100.24,0.07200000000000001,0.1,2,1557925639376,20713049,319
2019-05-15 16:32:35.561,0.1,sell,8015.2,BTC-17MAY19-7500-C,118.74,0.073,0.1,0,1557937955561,20739199,320
2019-05-15 19:05:02.548,5.0,sell,8187.04,BTC-17MAY19-7500-C,105.21,0.087,5.0,0,1557947102548,20759853,321
2019-05-15 19:05:03.197,1.0,buy,8188.65,BTC-17MAY19-7500-C,98.77,0.0865,1.0,2,1557947103197,20759854,322
2019-05-15 19:09:18.855,0.5,buy,8191.82,BTC-17MAY19-7500-C,145.82,0.09300000000000001,0.5,0,1557947358855,20760934,323
2019-05-15 22:56:57.741,0.6,buy,8196.96,BTC-17MAY19-7500-C,150.85,0.09300000000000001,0.6,1,1557961017741,20792384,324
2019-05-16 00:38:33.239,2.0,buy,8267.33,BTC-17MAY19-7500-C,169.67,0.1015,2.0,0,1557967113239,20812718,325
2019-05-16 01:08:04.815,1.0,sell,8366.65,BTC-17MAY19-7500-C,182.73,0.11199999999999999,1.0,0,1557968884815,20821422,326
2019-05-16 09:05:21.888,0.4,sell,8011.16,BTC-17MAY19-7500-C,114.51,0.0675,0.4,2,1557997521888,20891737,327
2019-05-16 10:48:55.016,0.1,buy,7846.67,BTC-17MAY19-7500-C,123.18,0.052000000000000005,0.1,2,1558003735016,20912834,328
2019-05-16 20:59:42.717,0.2,sell,7708.23,BTC-17MAY19-7500-C,132.16,0.035,0.2,2,1558040382717,20980252,329
2019-05-17 00:53:25.629,0.5,sell,7890.46,BTC-17MAY19-7500-C,197.77,0.055,0.5,0,1558054405629,21005227,330
2019-05-17 02:55:42.522,0.3,sell,7664.59,BTC-17MAY19-7500-C,174.92,0.0295,0.3,2,1558061742522,21019705,331
2019-05-17 02:56:49.627,0.1,sell,7593.7,BTC-17MAY19-7500-C,135.55,0.02,0.1,2,1558061809627,21021205,332
2019-05-17 03:00:04.650,10.0,sell,7455.5,BTC-17MAY19-7500-C,202.31,0.0165,10.0,2,1558062004650,21025197,333
2019-05-17 03:00:46.297,3.8,sell,7278.19,BTC-17MAY19-7500-C,215.14,0.009000000000000001,3.8,2,1558062046297,21027557,334
2019-05-17 03:00:47.422,11.2,sell,7281.53,BTC-17MAY19-7500-C,213.57,0.009000000000000001,11.2,3,1558062047422,21027614,335
2019-05-17 03:06:12.266,0.1,sell,7045.5,BTC-17MAY19-7500-C,230.2,0.0035,0.1,2,1558062372266,21040111,336
2019-05-17 03:10:20.490,3.1,sell,6641.01,BTC-17MAY19-7500-C,359.32,0.003,3.1,2,1558062620490,21050509,337
2019-05-17 03:30:39.303,1.0,buy,7372.29,BTC-17MAY19-7500-C,282.8,0.018000000000000002,1.0,0,1558063839303,21074459,338
2019-05-17 03:48:07.736,5.0,sell,7262.87,BTC-17MAY19-7500-C,168.98,0.004,5.0,2,1558064887736,21083748,339
2019-05-17 03:50:09.813,0.7000000000000001,buy,7320.94,BTC-17MAY19-7500-C,186.36,0.006999999999999999,0.7000000000000001,0,1558065009813,21084862,340
2019-05-17 03:50:10.020,9.3,sell,7320.94,BTC-17MAY19-7500-C,186.36,0.006999999999999999,9.3,1,1558065010020,21084867,341
2019-05-17 03:50:31.862,5.0,sell,7320.88,BTC-17MAY19-7500-C,186.77,0.006999999999999999,5.0,1,1558065031862,21084992,342
2019-05-17 03:55:54.108,1.0,sell,7304.21,BTC-17MAY19-7500-C,224.45,0.009000000000000001,1.0,0,1558065354108,21087230,343
2019-05-17 04:06:15.109,0.1,buy,7418.79,BTC-17MAY19-7500-C,169.11,0.0095,0.1,0,1558065975109,21091610,344
2019-05-17 04:06:30.844,0.7000000000000001,buy,7407.19,BTC-17MAY19-7500-C,231.8,0.014,0.7000000000000001,0,1558065990844,21091897,345
2019-05-17 04:06:30.846,9.3,sell,7407.19,BTC-17MAY19-7500-C,231.8,0.014,9.3,1,1558065990846,21091898,346
2019-05-17 04:17:02.209,1.0,sell,7325.14,BTC-17MAY19-7500-C,229.85,0.0095,1.0,2,1558066622209,21095219,347
2019-05-17 04:21:24.612,3.9,sell,7352.6,BTC-17MAY19-7500-C,215.85,0.0095,3.9,3,1558066884612,21096356,348
2019-05-17 04:21:28.258,5.0,sell,7351.61,BTC-17MAY19-7500-C,216.44,0.0095,5.0,3,1558066888258,21096360,349
2019-05-17 04:22:04.965,50.0,sell,7338.82,BTC-17MAY19-7500-C,189.7,0.007,50.0,2,1558066924965,21096545,350
