date_utc,amount,direction,indexPrice,instrument,iv,price,quantity,tickDirection,timeStamp,tradeId,tradeSeq
2019-04-18 11:18:32.210,1.0,sell,170.58,ETH-26APR19-130-C,136.85,0.245,1.0,1,1555586312210,1062212,1
2019-04-19 08:55:04.084,1.0,buy,173.88,ETH-26APR19-130-C,0.0,0.252,1.0,0,1555664104084,1089882,2
2019-04-21 13:58:34.434,1.0,sell,168.97,ETH-26APR19-130-C,121.44,0.23199999999999998,1.0,2,1555855114434,1143356,3
2019-04-25 02:27:25.824,1.0,sell,164.25,ETH-26APR19-130-C,241.7,0.21100000000000002,1.0,2,1556159245824,1225314,4
2019-04-25 22:02:15.310,8.0,sell,158.33,ETH-26APR19-130-C,0.0,0.17800000000000002,8.0,2,1556229735310,1241807,5
2019-04-25 22:02:15.423,8.0,sell,158.33,ETH-26APR19-130-C,0.0,0.17800000000000002,8.0,3,1556229735423,1241819,6
2019-04-25 22:02:18.368,7.0,sell,158.02,ETH-26APR19-130-C,284.95,0.17800000000000002,7.0,3,1556229738368,1241929,7
2019-04-25 22:02:18.381,7.0,sell,158.02,ETH-26APR19-130-C,284.95,0.17800000000000002,7.0,3,1556229738381,1241931,8
2019-04-25 22:02:18.389,7.0,sell,158.02,ETH-26APR19-130-C,284.95,0.17800000000000002,7.0,3,1556229738389,1241932,9
2019-04-25 22:02:18.405,7.0,sell,158.02,ETH-26APR19-130-C,284.95,0.17800000000000002,7.0,3,1556229738405,1241933,10
2019-04-25 22:02:18.459,7.0,sell,158.02,ETH-26APR19-130-C,284.95,0.17800000000000002,7.0,3,1556229738459,1241941,11
2019-04-25 22:02:18.475,7.0,sell,158.02,ETH-26APR19-130-C,284.95,0.17800000000000002,7.0,3,1556229738475,1241946,12
2019-04-25 22:02:18.535,7.0,sell,158.02,ETH-26APR19-130-C,284.95,0.17800000000000002,7.0,3,1556229738535,1241947,13
2019-04-25 22:02:18.553,1.0,sell,158.02,ETH-26APR19-130-C,284.95,0.17800000000000002,1.0,3,1556229738553,1241948,14
2019-04-25 22:02:19.687,7.0,sell,158.0,ETH-26APR19-130-C,291.2,0.17800000000000002,7.0,3,1556229739687,1241959,15
2019-04-25 22:02:19.751,7.0,sell,158.0,ETH-26APR19-130-C,291.2,0.17800000000000002,7.0,3,1556229739751,1241962,16
2019-04-25 22:02:29.712,7.0,sell,157.76,ETH-26APR19-130-C,0.0,0.17300000000000001,7.0,2,1556229749712,1242210,17
2019-04-25 22:02:29.739,7.0,sell,157.76,ETH-26APR19-130-C,0.0,0.17300000000000001,7.0,3,1556229749739,1242211,18
2019-04-25 22:02:29.815,7.0,sell,157.76,ETH-26APR19-130-C,0.0,0.17300000000000001,7.0,3,1556229749815,1242212,19
2019-04-25 22:02:29.844,7.0,sell,157.76,ETH-26APR19-130-C,0.0,0.17300000000000001,7.0,3,1556229749844,1242213,20
2019-04-25 22:02:29.932,7.0,sell,157.76,ETH-26APR19-130-C,0.0,0.17300000000000001,7.0,3,1556229749932,1242217,21
2019-04-25 22:02:30.049,7.0,sell,157.76,ETH-26APR19-130-C,0.0,0.17300000000000001,7.0,3,1556229750049,1242219,22
2019-04-25 22:02:30.122,7.0,sell,157.76,ETH-26APR19-130-C,0.0,0.17300000000000001,7.0,3,1556229750122,1242220,23
2019-04-25 22:02:30.249,1.0,sell,157.76,ETH-26APR19-130-C,0.0,0.17300000000000001,1.0,3,1556229750249,1242221,24
2019-04-25 22:02:39.830,7.0,sell,156.79,ETH-26APR19-130-C,0.0,0.17,7.0,2,1556229759830,1242445,25
2019-04-25 22:02:39.916,5.0,sell,156.79,ETH-26APR19-130-C,0.0,0.17,5.0,3,1556229759916,1242447,26
2019-04-25 22:02:40.113,7.0,sell,156.79,ETH-26APR19-130-C,0.0,0.17,7.0,3,1556229760113,1242458,27
2019-04-25 22:02:40.183,3.0,sell,156.79,ETH-26APR19-130-C,0.0,0.17,3.0,3,1556229760183,1242461,28
2019-04-25 22:02:46.284,7.0,sell,156.46,ETH-26APR19-130-C,0.0,0.166,7.0,2,1556229766284,1242570,29
2019-04-25 22:02:46.724,7.0,sell,156.43,ETH-26APR19-130-C,0.0,0.166,7.0,3,1556229766724,1242572,30
2019-04-25 22:03:27.857,8.0,buy,156.12,ETH-26APR19-130-C,0.0,0.16399999999999998,8.0,2,1556229807857,1243304,31
2019-04-25 22:03:28.064,8.0,buy,156.12,ETH-26APR19-130-C,0.0,0.162,8.0,2,1556229808064,1243309,32
2019-04-25 22:03:28.308,8.0,buy,156.12,ETH-26APR19-130-C,0.0,0.162,8.0,3,1556229808308,1243310,33
2019-04-25 22:03:28.331,8.0,buy,156.12,ETH-26APR19-130-C,0.0,0.162,8.0,3,1556229808331,1243311,34
2019-04-25 22:03:28.375,8.0,buy,156.12,ETH-26APR19-130-C,0.0,0.162,8.0,3,1556229808375,1243313,35
2019-04-25 22:03:28.384,8.0,buy,156.12,ETH-26APR19-130-C,0.0,0.162,8.0,3,1556229808384,1243314,36
2019-04-25 22:03:28.411,2.0,buy,156.12,ETH-26APR19-130-C,0.0,0.162,2.0,3,1556229808411,1243316,37
2019-04-25 22:06:40.883,8.0,buy,150.38,ETH-26APR19-130-C,210.63,0.136,8.0,2,1556230000883,1246852,38
2019-04-25 22:06:40.914,8.0,buy,150.38,ETH-26APR19-130-C,210.63,0.136,8.0,3,1556230000914,1246877,39
2019-04-25 22:06:40.947,8.0,buy,150.38,ETH-26APR19-130-C,210.63,0.136,8.0,3,1556230000947,1246889,40
2019-04-25 22:10:18.539,50.0,sell,148.55,ETH-26APR19-130-C,0.0,0.122,50.0,2,1556230218539,1249236,41
2019-04-25 22:10:32.033,29.0,sell,148.03,ETH-26APR19-130-C,0.0,0.117,29.0,2,1556230232033,1249429,42
