date_utc,amount,direction,indexPrice,instrument,iv,price,quantity,tickDirection,timeStamp,tradeId,tradeSeq
2019-05-13 16:06:45.431,50.0,sell,207.95,ETH-24MAY19-250-P,118.36,0.22399999999999998,50.0,1,1557763605431,2041526,1
2019-05-13 23:09:47.839,50.0,buy,192.92,ETH-24MAY19-250-P,131.82,0.311,50.0,0,1557788987839,2072570,2
2019-05-14 00:21:48.445,50.0,sell,197.72,ETH-24MAY19-250-P,114.32,0.276,50.0,2,1557793308445,2077021,3
2019-05-16 02:36:10.357,5.0,buy,269.91,ETH-24MAY19-250-P,105.76,0.031,5.0,2,1557974170357,2320336,4
2019-05-16 02:38:17.262,5.0,buy,269.05,ETH-24MAY19-250-P,101.84,0.03,5.0,2,1557974297262,2320447,5
2019-05-16 02:50:40.529,15.0,sell,273.36,ETH-24MAY19-250-P,101.37,0.025,15.0,2,1557975040529,2321694,6
2019-05-16 04:19:14.312,20.0,sell,263.18,ETH-24MAY19-250-P,124.57,0.05,20.0,0,1557980354312,2330705,7
2019-05-16 04:25:27.335,1.0,sell,259.06,ETH-24MAY19-250-P,123.36,0.055999999999999994,1.0,0,1557980727335,2334762,8
2019-05-16 04:25:33.932,1.0,sell,259.01,ETH-24MAY19-250-P,121.47,0.055,1.0,2,1557980733932,2334828,9
2019-05-16 04:25:43.984,1.0,sell,258.79,ETH-24MAY19-250-P,119.07,0.054000000000000006,1.0,2,1557980743984,2334911,10
2019-05-16 04:25:50.366,1.0,sell,258.9,ETH-24MAY19-250-P,117.65,0.053,1.0,2,1557980750366,2334968,11
2019-05-16 04:26:07.065,1.0,sell,259.31,ETH-24MAY19-250-P,117.11,0.052000000000000005,1.0,2,1557980767065,2335069,12
2019-05-16 04:31:39.632,5.0,sell,259.84,ETH-24MAY19-250-P,120.45,0.053,5.0,0,1557981099632,2337080,13
2019-05-16 04:31:51.247,5.0,sell,260.24,ETH-24MAY19-250-P,121.62,0.053,5.0,1,1557981111247,2337145,14
2019-05-16 04:31:56.860,2.0,sell,260.37,ETH-24MAY19-250-P,120.24,0.052000000000000005,2.0,2,1557981116860,2337167,15
2019-05-16 04:33:37.525,10.0,sell,257.97,ETH-24MAY19-250-P,118.38,0.055,10.0,0,1557981217525,2338174,16
2019-05-16 04:33:39.298,10.0,sell,258.1,ETH-24MAY19-250-P,117.04,0.054000000000000006,10.0,2,1557981219298,2338325,17
2019-05-16 04:34:05.653,10.0,sell,257.39,ETH-24MAY19-250-P,118.35,0.055999999999999994,10.0,0,1557981245653,2339058,18
2019-05-16 04:34:08.519,10.0,sell,257.86,ETH-24MAY19-250-P,119.78,0.055999999999999994,10.0,1,1557981248519,2339123,19
2019-05-16 04:34:10.759,4.0,sell,257.9,ETH-24MAY19-250-P,116.43,0.054000000000000006,4.0,2,1557981250759,2339170,20
2019-05-16 04:34:10.765,2.0,sell,257.9,ETH-24MAY19-250-P,116.43,0.054000000000000006,2.0,3,1557981250765,2339171,21
2019-05-16 04:54:46.726,4.0,sell,259.09,ETH-24MAY19-250-P,120.11,0.054000000000000006,4.0,3,1557982486726,2352618,22
2019-05-16 04:55:57.079,10.0,sell,257.8,ETH-24MAY19-250-P,114.5,0.053,10.0,2,1557982557079,2353124,23
2019-05-16 04:58:21.995,200.0,sell,259.63,ETH-24MAY19-250-P,84.53,0.033,200.0,2,1557982701995,2353672,25
2019-05-16 04:58:21.995,242.0,sell,259.63,ETH-24MAY19-250-P,100.56,0.042,242.0,2,1557982701995,2353671,24
2019-05-16 04:58:21.999,100.0,buy,259.63,ETH-24MAY19-250-P,47.4,0.013000000000000001,100.0,2,1557982701999,2353673,26
2019-05-16 06:35:40.858,1.0,buy,266.07,ETH-24MAY19-250-P,101.52,0.033,1.0,0,1557988540858,2367157,27
2019-05-16 06:35:49.847,1.0,buy,265.98,ETH-24MAY19-250-P,103.2,0.034,1.0,0,1557988549847,2367161,28
2019-05-16 06:41:41.668,1.0,buy,264.27,ETH-24MAY19-250-P,100.79,0.035,1.0,0,1557988901668,2368138,29
2019-05-16 06:47:18.349,242.0,sell,267.03,ETH-24MAY19-250-P,94.26,0.027999999999999997,242.0,2,1557989238349,2368609,30
2019-05-16 07:12:01.914,1.0,buy,266.89,ETH-24MAY19-250-P,90.11,0.026000000000000002,1.0,2,1557990721914,2371482,31
2019-05-16 07:12:07.594,1.0,buy,266.8,ETH-24MAY19-250-P,89.9,0.026000000000000002,1.0,3,1557990727594,2371488,32
2019-05-16 07:14:16.387,1.0,buy,266.32,ETH-24MAY19-250-P,88.78,0.026000000000000002,1.0,3,1557990856387,2371613,33
2019-05-16 07:14:53.670,1.0,buy,266.16,ETH-24MAY19-250-P,90.36,0.027000000000000003,1.0,0,1557990893670,2371630,34
2019-05-16 07:15:36.566,1.0,buy,265.86,ETH-24MAY19-250-P,91.59,0.027999999999999997,1.0,0,1557990936566,2371692,35
2019-05-16 07:16:33.589,1.0,buy,265.05,ETH-24MAY19-250-P,91.56,0.028999999999999998,1.0,0,1557990993589,2371863,36
2019-05-16 07:19:06.273,73.0,sell,264.63,ETH-24MAY19-250-P,103.74,0.036000000000000004,73.0,0,1557991146273,2372189,37
2019-05-16 10:06:28.042,1.0,buy,251.95,ETH-24MAY19-250-P,124.6,0.069,1.0,0,1558001188042,2392392,38
2019-05-16 12:24:35.931,1.0,buy,252.17,ETH-24MAY19-250-P,124.42,0.068,1.0,2,1558009475931,2418554,39
2019-05-16 12:34:41.755,47.0,sell,251.22,ETH-24MAY19-250-P,110.75,0.062,47.0,2,1558010081755,2419289,40
2019-05-16 12:34:41.755,6.0,sell,251.22,ETH-24MAY19-250-P,90.07,0.05,6.0,2,1558010081755,2419290,41
2019-05-16 12:35:06.300,3.0,sell,251.17,ETH-24MAY19-250-P,91.62,0.051,3.0,2,1558010106300,2419331,43
2019-05-16 12:35:06.300,56.0,sell,251.17,ETH-24MAY19-250-P,105.4,0.059000000000000004,56.0,0,1558010106300,2419330,42
2019-05-16 12:35:55.986,56.0,sell,250.89,ETH-24MAY19-250-P,100.97,0.057,56.0,0,1558010155986,2419353,44
2019-05-16 13:30:26.833,2.0,sell,250.24,ETH-24MAY19-250-P,86.82,0.05,2.0,2,1558013426833,2426714,46
2019-05-16 13:30:26.833,55.0,sell,250.24,ETH-24MAY19-250-P,98.88,0.057,55.0,1,1558013426833,2426713,45
2019-05-16 14:10:18.561,48.0,sell,256.57,ETH-24MAY19-250-P,99.27,0.045,48.0,2,1558015818561,2429289,47
2019-05-16 14:13:20.646,242.0,sell,256.82,ETH-24MAY19-250-P,101.83,0.046,242.0,0,1558016000646,2430062,48
2019-05-16 14:15:55.362,50.0,buy,256.26,ETH-24MAY19-250-P,107.19,0.05,50.0,0,1558016155362,2430497,49
2019-05-16 14:21:05.549,242.0,sell,256.22,ETH-24MAY19-250-P,101.78,0.047,242.0,2,1558016465549,2430983,50
2019-05-16 14:23:31.015,5.0,buy,257.01,ETH-24MAY19-250-P,109.58,0.05,5.0,0,1558016611015,2431362,51
2019-05-16 14:26:33.759,242.0,sell,260.19,ETH-24MAY19-250-P,106.54,0.043,242.0,2,1558016793759,2431790,52
2019-05-16 14:41:17.247,50.0,sell,260.83,ETH-24MAY19-250-P,99.26,0.038,50.0,2,1558017677247,2435041,53
2019-05-16 14:41:34.962,1.0,buy,260.87,ETH-24MAY19-250-P,99.38,0.038,1.0,3,1558017694962,2435073,54
2019-05-16 14:42:16.591,1.0,buy,259.91,ETH-24MAY19-250-P,98.51,0.039,1.0,0,1558017736591,2435145,55
2019-05-16 14:46:13.077,1.0,buy,260.57,ETH-24MAY19-250-P,98.56,0.038,1.0,2,1558017973077,2435716,56
2019-05-16 14:47:41.659,1.0,buy,259.85,ETH-24MAY19-250-P,98.36,0.039,1.0,0,1558018061659,2435894,57
2019-05-16 14:47:49.019,1.0,buy,259.28,ETH-24MAY19-250-P,98.55,0.04,1.0,0,1558018069019,2435957,58
2019-05-16 15:04:36.775,10.0,sell,264.9,ETH-24MAY19-250-P,102.77,0.034,10.0,2,1558019076775,2437934,59
2019-05-16 15:05:09.333,1.0,buy,264.11,ETH-24MAY19-250-P,102.63,0.035,1.0,0,1558019109333,2438054,60
2019-05-16 15:05:34.191,1.0,buy,263.49,ETH-24MAY19-250-P,102.89,0.036000000000000004,1.0,0,1558019134191,2438131,61
2019-05-16 15:05:59.124,1.0,sell,264.84,ETH-24MAY19-250-P,102.62,0.034,1.0,2,1558019159124,2438385,62
2019-05-16 16:31:45.910,50.0,sell,266.21,ETH-24MAY19-250-P,100.67,0.031,50.0,2,1558024305910,2472208,63
2019-05-16 16:34:41.178,55.0,buy,268.83,ETH-24MAY19-250-P,113.12,0.034,55.0,0,1558024481178,2473389,64
2019-05-16 16:34:49.353,52.0,buy,268.78,ETH-24MAY19-250-P,116.96,0.036000000000000004,52.0,0,1558024489353,2473429,65
2019-05-16 16:34:49.356,3.0,sell,268.78,ETH-24MAY19-250-P,116.96,0.036000000000000004,3.0,1,1558024489356,2473430,66
2019-05-16 17:21:57.336,47.0,sell,261.73,ETH-24MAY19-250-P,106.23,0.04,47.0,0,1558027317336,2484627,67
2019-05-16 17:22:25.088,200.0,sell,260.38,ETH-24MAY19-250-P,100.57,0.039,200.0,2,1558027345088,2484942,68
2019-05-16 17:22:25.088,45.0,sell,260.38,ETH-24MAY19-250-P,100.57,0.039,45.0,3,1558027345088,2484943,69
2019-05-16 17:31:41.216,56.0,buy,261.79,ETH-24MAY19-250-P,110.17,0.042,56.0,0,1558027901216,2487484,70
2019-05-16 17:32:14.877,57.0,buy,262.21,ETH-24MAY19-250-P,116.94,0.045,57.0,0,1558027934877,2487635,71
2019-05-17 01:40:35.758,50.0,sell,257.4,ETH-24MAY19-250-P,114.32,0.05,50.0,0,1558057235758,2576090,72
2019-05-17 02:31:49.737,1.0,buy,252.62,ETH-24MAY19-250-P,116.62,0.06,1.0,0,1558060309737,2583933,73
2019-05-17 02:40:26.507,54.0,buy,246.56,ETH-24MAY19-250-P,104.08,0.066,54.0,0,1558060826507,2587614,74
2019-05-17 06:00:48.484,5.0,buy,236.26,ETH-24MAY19-250-P,98.37,0.09,5.0,0,1558072848484,2673467,75
2019-05-17 08:21:41.252,5.0,buy,239.13,ETH-24MAY19-250-P,118.55,0.092,5.0,0,1558081301252,2697093,76
2019-05-17 10:06:53.541,5.0,sell,236.21,ETH-24MAY19-250-P,129.64,0.106,5.0,0,1558087613541,2706629,77
2019-05-17 10:15:43.107,5.0,buy,237.53,ETH-24MAY19-250-P,131.26,0.103,5.0,2,1558088143107,2707348,78
2019-05-17 11:02:20.350,1.0,buy,232.75,ETH-24MAY19-250-P,107.41,0.105,1.0,0,1558090940350,2714385,79
2019-05-17 11:22:06.675,1.0,sell,230.7,ETH-24MAY19-250-P,88.79,0.103,1.0,2,1558092126675,2718526,80
2019-05-17 11:40:25.491,10.0,buy,226.84,ETH-24MAY19-250-P,103.84,0.124,10.0,0,1558093225491,2723637,81
2019-05-17 17:51:05.699,1.0,sell,228.14,ETH-24MAY19-250-P,107.66,0.12,1.0,2,1558115465699,2797383,82
2019-05-17 22:40:14.569,20.0,buy,237.32,ETH-24MAY19-250-P,137.23,0.104,20.0,2,1558132814569,2835722,83
2019-05-18 04:34:21.119,1.0,buy,241.79,ETH-24MAY19-250-P,136.5,0.09,1.0,2,1558154061119,2881945,84
2019-05-18 21:39:47.528,1.0,sell,237.85,ETH-24MAY19-250-P,101.06,0.08,1.0,2,1558215587528,2952783,85
2019-05-19 04:42:33.553,1.0,buy,250.53,ETH-24MAY19-250-P,127.14,0.059000000000000004,1.0,2,1558240953553,2996030,86
2019-05-19 06:38:43.873,20.0,sell,252.64,ETH-24MAY19-250-P,102.92,0.043,20.0,2,1558247923873,3004738,87
2019-05-19 07:53:26.895,1.0,buy,258.22,ETH-24MAY19-250-P,127.48,0.044000000000000004,1.0,0,1558252406895,3009151,88
2019-05-19 08:02:30.773,1.0,buy,255.25,ETH-24MAY19-250-P,127.19,0.049,1.0,0,1558252950773,3010601,89
2019-05-19 08:09:58.147,2.0,buy,255.43,ETH-24MAY19-250-P,125.78,0.048,2.0,2,1558253398147,3011398,90
2019-05-19 08:10:29.671,2.0,sell,255.52,ETH-24MAY19-250-P,106.33,0.039,2.0,2,1558253429671,3011402,91
2019-05-19 08:10:44.538,2.0,buy,255.56,ETH-24MAY19-250-P,126.3,0.048,2.0,0,1558253444538,3011417,92
2019-05-19 08:16:12.173,4.0,sell,256.4,ETH-24MAY19-250-P,107.51,0.038,4.0,2,1558253772173,3011737,93
2019-05-19 10:45:30.409,200.0,buy,260.18,ETH-24MAY19-250-P,127.1,0.04,200.0,0,1558262730409,3020517,94
2019-05-19 11:44:26.441,2.0,buy,256.0,ETH-24MAY19-250-P,132.21,0.049,2.0,0,1558266266441,3023259,95
2019-05-19 16:37:50.446,1.0,buy,253.68,ETH-24MAY19-250-P,123.15,0.048,1.0,2,1558283870446,3040514,96
2019-05-19 21:25:36.931,1.0,sell,259.81,ETH-24MAY19-250-P,92.9,0.024,1.0,2,1558301136931,3058505,97
2019-05-19 22:24:15.482,160.0,buy,257.56,ETH-24MAY19-250-P,111.9,0.035,160.0,0,1558304655482,3062240,98
2019-05-19 23:00:01.221,1.0,sell,262.42,ETH-24MAY19-250-P,94.62,0.021,1.0,2,1558306801221,3066584,99
2019-05-19 23:40:54.675,1.0,sell,261.58,ETH-24MAY19-250-P,92.19,0.021,1.0,3,1558309254675,3072539,100
2019-05-20 00:26:39.964,2.0,buy,252.22,ETH-24MAY19-250-P,114.18,0.045,2.0,0,1558311999964,3082536,101
2019-05-20 09:26:23.475,1.0,sell,249.43,ETH-24MAY19-250-P,93.65,0.04,1.0,2,1558344383475,3123695,102
2019-05-20 09:57:10.196,1.0,buy,251.2,ETH-24MAY19-250-P,102.73,0.04,1.0,3,1558346230196,3125653,103
2019-05-20 14:02:11.328,2.0,sell,245.35,ETH-24MAY19-250-P,90.08,0.047,2.0,0,1558360931328,3141802,104
2019-05-20 20:14:05.032,150.0,sell,248.6,ETH-24MAY19-250-P,97.47,0.040999999999999995,150.0,2,1558383245032,3163208,105
2019-05-20 20:18:12.081,10.0,sell,249.79,ETH-24MAY19-250-P,93.79,0.037000000000000005,10.0,2,1558383492081,3163421,106
2019-05-21 13:35:54.477,20.0,buy,250.81,ETH-24MAY19-250-P,91.12,0.03,20.0,2,1558445754477,3222233,107
2019-05-21 22:08:33.298,1.0,buy,254.07,ETH-24MAY19-250-P,94.36,0.023,1.0,2,1558476513298,3255630,108
2019-05-22 03:43:54.846,50.0,buy,257.16,ETH-24MAY19-250-P,105.39,0.02,50.0,2,1558496634846,3274830,109
2019-05-22 10:07:56.573,30.0,buy,253.84,ETH-24MAY19-250-P,97.46,0.021,30.0,0,1558519676573,3288181,110
2019-05-22 11:36:25.014,96.0,sell,251.72,ETH-24MAY19-250-P,92.85,0.023,96.0,0,1558524985014,3293567,111
2019-05-22 22:44:05.742,50.0,buy,245.48,ETH-24MAY19-250-P,78.28,0.03,50.0,0,1558565045742,3341947,112
2019-05-23 01:45:10.917,5.0,buy,242.52,ETH-24MAY19-250-P,83.57,0.039,5.0,0,1558575910917,3353334,113
2019-05-23 10:01:35.954,10.0,sell,236.19,ETH-24MAY19-250-P,0.0,0.057999999999999996,10.0,0,1558605695954,3384427,114
2019-05-23 14:06:26.924,10.0,buy,242.71,ETH-24MAY19-250-P,99.27,0.037000000000000005,10.0,2,1558620386924,3396748,115
2019-05-23 14:09:07.334,5.0,buy,243.0,ETH-24MAY19-250-P,98.87,0.036000000000000004,5.0,2,1558620547334,3396898,116
2019-05-23 15:02:44.166,5.0,sell,243.65,ETH-24MAY19-250-P,108.15,0.035,5.0,2,1558623764166,3400042,117
2019-05-23 22:34:11.328,5.0,sell,248.15,ETH-24MAY19-250-P,113.99,0.019,5.0,2,1558650851328,3425891,118
2019-05-23 23:40:18.450,1.0,sell,247.05,ETH-24MAY19-250-P,80.03,0.017,1.0,2,1558654818450,3430278,119
