date_utc,amount,direction,indexPrice,instrument,iv,price,quantity,tickDirection,timeStamp,tradeId,tradeSeq
2019-03-26 14:46:05.317,5.0,sell,132.9,ETH-5APR19-140-C,56.35,0.017,5.0,1,1553611565317,156788,1
2019-03-26 19:03:31.871,1.0,buy,133.57,ETH-5APR19-140-C,52.59,0.016,1.0,2,1553627011871,159272,2
2019-03-27 00:49:47.711,50.0,buy,133.82,ETH-5APR19-140-C,53.3,0.017,50.0,0,1553647787711,163070,3
2019-03-27 00:52:35.257,5.0,buy,134.19,ETH-5APR19-140-C,53.64,0.018000000000000002,5.0,0,1553647955257,163264,4
2019-03-27 00:56:21.581,1.0,buy,134.47,ETH-5APR19-140-C,55.83,0.02,1.0,0,1553648181581,163503,5
2019-03-27 00:57:48.131,1.0,buy,134.54,ETH-5APR19-140-C,56.09,0.02,1.0,1,1553648268131,163529,6
2019-03-27 08:21:29.016,5.0,buy,136.77,ETH-5APR19-140-C,56.13,0.025,5.0,0,1553674889016,169936,7
2019-03-27 09:42:55.707,25.0,sell,136.76,ETH-5APR19-140-C,48.29,0.021,25.0,2,1553679775707,170874,8
2019-03-27 19:07:32.049,2.0,sell,137.47,ETH-5APR19-140-C,49.9,0.023,2.0,0,1553713652049,176929,9
2019-03-27 22:41:05.453,50.0,buy,137.82,ETH-5APR19-140-C,54.47,0.026000000000000002,50.0,0,1553726465453,178795,10
2019-03-28 13:24:57.689,1.0,buy,137.35,ETH-5APR19-140-C,52.8,0.023,1.0,2,1553779497689,185332,11
2019-03-28 16:54:58.491,10.0,sell,137.25,ETH-5APR19-140-C,52.92,0.022000000000000002,10.0,2,1553792098491,186719,12
2019-03-28 20:37:57.916,40.0,buy,136.93,ETH-5APR19-140-C,55.14,0.022000000000000002,40.0,3,1553805477916,188376,13
2019-03-28 22:47:34.409,1.0,buy,137.2,ETH-5APR19-140-C,49.45,0.02,1.0,2,1553813254409,188938,14
2019-03-29 08:04:00.012,6.0,sell,137.99,ETH-5APR19-140-C,58.91,0.026000000000000002,6.0,0,1553846640012,193545,15
2019-03-29 08:05:01.959,100.0,sell,137.9,ETH-5APR19-140-C,53.92,0.023,100.0,2,1553846701959,193570,16
2019-03-29 09:41:27.148,1.0,buy,140.6,ETH-5APR19-140-C,52.54,0.031,1.0,0,1553852487148,197057,17
2019-03-29 10:23:48.395,50.0,buy,140.82,ETH-5APR19-140-C,51.19,0.031,50.0,1,1553855028395,197967,18
2019-03-29 12:44:08.966,5.0,buy,139.9,ETH-5APR19-140-C,64.92,0.035,5.0,0,1553863448966,200250,19
2019-03-29 13:16:03.422,50.0,sell,140.2,ETH-5APR19-140-C,50.22,0.027999999999999997,50.0,2,1553865363422,200466,20
2019-03-29 16:53:32.737,30.0,buy,140.54,ETH-5APR19-140-C,52.26,0.03,30.0,0,1553878412737,201807,21
2019-03-29 17:57:27.675,50.0,sell,140.63,ETH-5APR19-140-C,49.95,0.028999999999999998,50.0,2,1553882247675,202095,22
2019-03-29 23:40:46.726,2.0,buy,142.38,ETH-5APR19-140-C,55.37,0.038,2.0,0,1553902846726,205391,23
2019-03-30 00:10:43.819,3.0,buy,142.93,ETH-5APR19-140-C,53.0,0.039,3.0,0,1553904643819,206610,24
2019-03-30 23:28:47.364,56.0,buy,142.18,ETH-5APR19-140-C,57.7,0.036000000000000004,56.0,2,1553988527364,221860,25
2019-03-31 00:40:20.561,2.0,buy,141.29,ETH-5APR19-140-C,56.8,0.032,2.0,2,1553992820561,222630,26
2019-03-31 00:40:20.972,1.0,buy,141.28,ETH-5APR19-140-C,56.88,0.032,1.0,3,1553992820972,222631,27
2019-03-31 00:40:50.971,1.0,buy,141.24,ETH-5APR19-140-C,57.21,0.032,1.0,3,1553992850971,222650,28
2019-03-31 00:41:20.978,1.0,buy,141.23,ETH-5APR19-140-C,57.28,0.032,1.0,3,1553992880978,222660,29
2019-03-31 00:41:50.973,1.0,buy,141.2,ETH-5APR19-140-C,57.53,0.032,1.0,3,1553992910973,222701,30
2019-03-31 17:49:25.885,1.0,sell,140.74,ETH-5APR19-140-C,58.92,0.028999999999999998,1.0,2,1554054565885,230220,31
2019-03-31 18:48:37.868,20.0,sell,140.41,ETH-5APR19-140-C,52.87,0.025,20.0,2,1554058117868,230739,32
2019-03-31 18:48:37.868,10.0,sell,140.41,ETH-5APR19-140-C,52.87,0.025,10.0,3,1554058117868,230740,33
2019-03-31 18:49:09.862,30.0,sell,140.41,ETH-5APR19-140-C,52.87,0.025,30.0,3,1554058149862,230743,34
2019-03-31 21:30:20.874,1.0,buy,140.98,ETH-5APR19-140-C,55.6,0.027999999999999997,1.0,0,1554067820874,231462,35
2019-03-31 21:43:51.283,1.0,sell,140.89,ETH-5APR19-140-C,49.54,0.025,1.0,2,1554068631283,231548,36
2019-03-31 22:51:58.404,1.0,buy,140.99,ETH-5APR19-140-C,58.18,0.028999999999999998,1.0,0,1554072718404,232023,37
2019-03-31 22:51:58.404,14.0,buy,140.99,ETH-5APR19-140-C,58.18,0.028999999999999998,14.0,1,1554072718404,232024,38
2019-04-01 00:26:46.573,23.0,buy,140.01,ETH-5APR19-140-C,59.87,0.026000000000000002,23.0,2,1554078406573,234872,39
2019-04-01 00:26:46.573,1.0,buy,140.01,ETH-5APR19-140-C,59.87,0.026000000000000002,1.0,3,1554078406573,234873,40
2019-04-01 00:26:54.706,22.0,sell,140.06,ETH-5APR19-140-C,59.47,0.026000000000000002,22.0,3,1554078414706,234906,41
2019-04-01 00:27:01.473,22.0,sell,140.12,ETH-5APR19-140-C,58.99,0.026000000000000002,22.0,3,1554078421473,234911,42
2019-04-01 00:27:08.550,1.0,buy,140.35,ETH-5APR19-140-C,59.41,0.027000000000000003,1.0,1,1554078428550,234921,44
2019-04-01 00:27:08.550,22.0,buy,140.35,ETH-5APR19-140-C,59.41,0.027000000000000003,22.0,0,1554078428550,234920,43
2019-04-01 00:27:08.552,27.0,sell,140.35,ETH-5APR19-140-C,61.73,0.027999999999999997,27.0,0,1554078428552,234922,45
2019-04-01 01:16:25.665,1.0,buy,142.37,ETH-5APR19-140-C,60.3,0.035,1.0,0,1554081385665,237595,46
2019-04-01 01:16:28.764,14.0,sell,142.37,ETH-5APR19-140-C,60.3,0.035,14.0,1,1554081388764,237599,47
2019-04-01 01:24:09.481,20.0,buy,142.12,ETH-5APR19-140-C,62.75,0.035,20.0,1,1554081849481,237793,48
2019-04-01 01:24:25.964,30.0,buy,142.1,ETH-5APR19-140-C,62.94,0.035,30.0,1,1554081865964,237809,49
2019-04-01 12:19:11.958,50.0,buy,141.61,ETH-5APR19-140-C,58.87,0.03,50.0,2,1554121151958,244043,50
2019-04-01 21:05:43.900,1.0,buy,140.7,ETH-5APR19-140-C,52.74,0.023,1.0,2,1554152743900,248794,51
2019-04-01 21:09:55.819,30.0,buy,140.62,ETH-5APR19-140-C,56.13,0.024,30.0,0,1554152995819,248847,52
2019-04-01 21:09:56.059,5.0,buy,140.62,ETH-5APR19-140-C,56.13,0.024,5.0,1,1554152996059,248848,53
2019-04-02 01:08:18.701,2.0,buy,140.97,ETH-5APR19-140-C,56.69,0.025,2.0,0,1554167298701,251430,54
2019-04-02 01:43:01.582,1.0,sell,141.15,ETH-5APR19-140-C,46.94,0.022000000000000002,1.0,2,1554169381582,251641,55
2019-04-02 04:43:08.240,38.0,buy,145.95,ETH-5APR19-140-C,52.66,0.046,38.0,0,1554180188240,256865,56
2019-04-02 04:47:52.146,10.0,buy,146.37,ETH-5APR19-140-C,42.45,0.046,10.0,1,1554180472146,257353,57
2019-04-02 04:47:55.324,7.0,buy,146.33,ETH-5APR19-140-C,43.61,0.046,7.0,1,1554180475324,257358,58
2019-04-02 04:48:10.785,4.0,buy,146.35,ETH-5APR19-140-C,43.04,0.046,4.0,1,1554180490785,257369,59
2019-04-02 04:48:14.219,10.0,buy,146.35,ETH-5APR19-140-C,43.04,0.046,10.0,1,1554180494219,257381,60
2019-04-02 04:48:24.234,10.0,buy,146.38,ETH-5APR19-140-C,42.15,0.046,10.0,1,1554180504234,257412,61
2019-04-02 04:48:24.280,2.0,buy,146.38,ETH-5APR19-140-C,42.15,0.046,2.0,1,1554180504280,257413,62
2019-04-02 04:48:25.862,10.0,buy,146.38,ETH-5APR19-140-C,42.15,0.046,10.0,1,1554180505862,257414,63
2019-04-02 04:48:39.829,3.0,buy,146.4,ETH-5APR19-140-C,41.55,0.046,3.0,1,1554180519829,257419,64
2019-04-02 04:48:54.847,2.0,buy,146.38,ETH-5APR19-140-C,42.16,0.046,2.0,1,1554180534847,257428,65
2019-04-02 04:48:59.663,7.0,buy,146.4,ETH-5APR19-140-C,41.55,0.046,7.0,1,1554180539663,257434,66
2019-04-02 04:49:03.446,2.0,buy,146.5,ETH-5APR19-140-C,38.18,0.046,2.0,1,1554180543446,257446,67
2019-04-02 04:49:03.477,10.0,buy,146.5,ETH-5APR19-140-C,38.18,0.046,10.0,1,1554180543477,257447,68
2019-04-02 04:49:05.335,1.0,buy,146.51,ETH-5APR19-140-C,37.81,0.046,1.0,1,1554180545335,257452,69
2019-04-02 04:49:09.299,2.0,buy,146.47,ETH-5APR19-140-C,39.25,0.046,2.0,1,1554180549299,257478,70
2019-04-02 05:20:41.716,1.0,buy,154.47,ETH-5APR19-140-C,99.37,0.1,1.0,0,1554182441716,266495,71
2019-04-02 05:22:00.155,10.0,buy,155.08,ETH-5APR19-140-C,80.77,0.1,10.0,1,1554182520155,266848,72
2019-04-02 05:22:11.460,1.0,buy,154.75,ETH-5APR19-140-C,91.79,0.1,1.0,1,1554182531460,266874,73
2019-04-02 05:24:30.515,12.0,sell,154.1,ETH-5APR19-140-C,0.0,0.087,12.0,2,1554182670515,267608,74
2019-04-02 06:55:19.655,2.0,buy,151.26,ETH-5APR19-140-C,0.0,0.073,2.0,2,1554188119655,275455,75
2019-04-02 08:07:45.242,2.0,buy,152.32,ETH-5APR19-140-C,40.02,0.081,2.0,0,1554192465242,278039,76
2019-04-02 08:20:06.428,152.0,buy,153.13,ETH-5APR19-140-C,129.36,0.1,152.0,1,1554193206428,279118,78
2019-04-02 08:20:06.428,28.0,buy,153.13,ETH-5APR19-140-C,129.36,0.1,28.0,0,1554193206428,279117,77
2019-04-02 11:08:29.778,1.0,sell,152.62,ETH-5APR19-140-C,108.57,0.092,1.0,2,1554203309778,287221,79
2019-04-02 12:32:13.877,1.0,sell,154.82,ETH-5APR19-140-C,111.18,0.10300000000000001,1.0,0,1554208333877,291361,80
2019-04-02 13:36:54.784,5.0,sell,160.53,ETH-5APR19-140-C,63.47,0.128,5.0,0,1554212214784,298624,81
2019-04-02 13:40:16.530,5.0,sell,160.5,ETH-5APR19-140-C,0.0,0.127,5.0,2,1554212416530,298930,82
2019-04-02 13:41:31.380,5.0,buy,160.06,ETH-5APR19-140-C,144.72,0.134,5.0,0,1554212491380,299045,83
2019-04-02 14:10:40.022,3.0,sell,154.15,ETH-5APR19-140-C,132.19,0.10400000000000001,3.0,2,1554214240022,302238,84
2019-04-02 14:10:44.560,10.0,sell,153.64,ETH-5APR19-140-C,141.87,0.10400000000000001,10.0,3,1554214244560,302301,85
2019-04-02 20:13:13.376,1.0,buy,161.83,ETH-5APR19-140-C,151.49,0.142,1.0,0,1554235993376,319185,86
2019-04-02 23:17:14.451,1.0,buy,165.78,ETH-5APR19-140-C,169.64,0.162,1.0,0,1554247034451,332474,87
2019-04-03 02:40:12.860,6.0,buy,171.89,ETH-5APR19-140-C,0.0,0.18100000000000002,6.0,0,1554259212860,346645,88
2019-04-03 02:52:07.701,10.0,buy,175.08,ETH-5APR19-140-C,0.0,0.19699999999999998,10.0,0,1554259927701,348168,89
2019-04-03 02:52:19.534,10.0,buy,175.53,ETH-5APR19-140-C,0.0,0.19699999999999998,10.0,1,1554259939534,348240,90
2019-04-03 02:58:13.062,68.0,buy,176.52,ETH-5APR19-140-C,0.0,0.19699999999999998,68.0,1,1554260293062,349643,91
2019-04-03 21:39:36.136,7.0,buy,178.37,ETH-5APR19-140-C,279.7,0.221,7.0,0,1554327576136,405588,92
2019-04-03 23:12:39.427,1.0,sell,156.47,ETH-5APR19-140-C,0.0,0.086,1.0,2,1554333159427,420331,93
