date_utc,amount,direction,indexPrice,instrument,iv,price,quantity,tickDirection,timeStamp,tradeId,tradeSeq
2019-02-15 15:11:17.648,1.0,buy,3561.08,BTC-28JUN19-10000-P,0.0,1.8155,1.0,2,1550243477648,15397921,40
2019-02-18 01:07:30.548,0.3,sell,3683.62,BTC-28JUN19-10000-P,42.08,1.7265,0.3,2,1550452050548,15469031,41
2019-02-18 15:31:21.214,0.3,buy,3799.15,BTC-28JUN19-10000-P,0.0,1.6440000000000001,0.3,2,1550503881214,15546247,42
2019-02-18 15:36:18.852,0.3,buy,3795.44,BTC-28JUN19-10000-P,0.0,1.6465,0.3,0,1550504178852,15546433,43
2019-02-18 15:40:40.731,0.3,buy,3798.05,BTC-28JUN19-10000-P,0.0,1.6440000000000001,0.3,2,1550504440731,15546582,44
2019-02-18 15:42:21.250,0.3,sell,3800.47,BTC-28JUN19-10000-P,0.0,1.643,0.3,2,1550504541250,15546644,45
2019-02-18 15:44:31.213,0.3,buy,3801.51,BTC-28JUN19-10000-P,0.0,1.6405,0.3,2,1550504671213,15546759,46
2019-02-19 20:39:41.704,0.2,sell,3931.33,BTC-28JUN19-10000-P,0.0,1.5435,0.2,2,1550608781704,15661277,47
2019-02-19 23:13:34.619,0.3,sell,3904.27,BTC-28JUN19-10000-P,76.15,1.5725,0.3,0,1550618014619,15668092,48
2019-02-19 23:14:03.423,0.3,sell,3905.15,BTC-28JUN19-10000-P,80.66,1.5725,0.3,1,1550618043423,15668102,49
2019-02-19 23:14:33.243,0.3,sell,3903.7,BTC-28JUN19-10000-P,79.19,1.5725,0.3,1,1550618073243,15668110,50
2019-02-19 23:15:43.649,0.3,buy,3905.27,BTC-28JUN19-10000-P,82.28,1.5735,0.3,0,1550618143649,15668127,51
2019-02-19 23:16:21.149,0.8,sell,3904.15,BTC-28JUN19-10000-P,81.69,1.5735,0.8,1,1550618181149,15668134,52
2019-02-22 21:47:12.985,0.2,buy,3943.96,BTC-28JUN19-10000-P,76.97,1.5415,0.2,2,1550872032985,15787940,53
2019-02-24 07:31:00.805,0.3,buy,4148.92,BTC-28JUN19-10000-P,0.0,1.418,0.3,2,1550993460805,15871450,54
2019-02-25 21:18:14.930,0.1,sell,3822.66,BTC-28JUN19-10000-P,0.0,1.6355,0.1,0,1551129494930,16010721,55
2019-02-25 21:30:09.342,0.1,buy,3819.96,BTC-28JUN19-10000-P,83.59,1.646,0.1,0,1551130209342,16010880,56
2019-02-27 20:33:37.491,0.3,buy,3757.44,BTC-28JUN19-10000-P,69.42,1.682,0.3,0,1551299617491,16066218,57
2019-03-05 13:14:46.077,0.3,sell,3772.87,BTC-28JUN19-10000-P,77.29,1.6635,0.3,2,1551791686077,16259413,58
2019-03-07 14:22:03.045,0.3,sell,3849.28,BTC-28JUN19-10000-P,0.0,1.6,0.3,2,1551968523045,16353239,59
2019-03-07 14:57:45.552,0.3,sell,3874.83,BTC-28JUN19-10000-P,82.81,1.5905,0.3,2,1551970665552,16354604,60
2019-03-09 17:06:24.502,0.3,buy,3888.45,BTC-28JUN19-10000-P,78.11,1.5905,0.3,3,1552151184502,16441668,61
2019-03-11 12:06:33.192,0.3,sell,3837.91,BTC-28JUN19-10000-P,86.23,1.6165,0.3,0,1552305993192,16486081,62
2019-03-13 10:20:34.297,0.3,buy,3827.91,BTC-28JUN19-10000-P,73.8,1.6269999999999998,0.3,0,1552472434297,16533331,63
2019-03-15 00:07:08.595,0.3,sell,3857.17,BTC-28JUN19-10000-P,0.0,1.6065,0.3,2,1552608428595,16574950,64
2019-03-15 01:01:18.285,0.3,sell,3868.92,BTC-28JUN19-10000-P,83.53,1.605,0.3,2,1552611678285,16575523,65
2019-03-16 04:17:38.926,0.3,sell,4000.44,BTC-28JUN19-10000-P,90.77,1.5190000000000001,0.3,2,1552709858926,16618013,66
2019-03-20 02:46:50.245,0.3,sell,3976.06,BTC-28JUN19-10000-P,0.0,1.526,0.3,0,1553050010245,16723428,67
2019-03-20 02:46:50.245,0.1,sell,3976.06,BTC-28JUN19-10000-P,0.0,0.002,0.1,2,1553050010245,16723429,68
2019-03-20 02:46:50.245,0.1,sell,3976.06,BTC-28JUN19-10000-P,0.0,0.002,0.1,3,1553050010245,16723430,69
2019-03-20 03:21:30.486,0.2,buy,3977.73,BTC-28JUN19-10000-P,85.07,1.531,0.2,0,1553052090486,16723635,70
2019-03-20 04:01:48.932,0.3,buy,3978.39,BTC-28JUN19-10000-P,85.1,1.5305,0.3,2,1553054508932,16723774,71
2019-03-20 09:34:20.157,0.1,sell,3986.21,BTC-28JUN19-10000-P,0.0,1.517,0.1,2,1553074460157,16727219,72
2019-03-20 09:34:25.407,0.1,sell,3986.21,BTC-28JUN19-10000-P,0.0,1.517,0.1,3,1553074465407,16727225,73
2019-03-21 02:04:25.937,0.3,sell,4028.66,BTC-28JUN19-10000-P,0.0,1.4969999999999999,0.3,2,1553133865937,16747717,74
2019-03-21 02:05:42.937,0.3,sell,4029.39,BTC-28JUN19-10000-P,0.0,1.495,0.3,2,1553133942937,16747762,75
2019-03-21 02:07:37.637,0.3,sell,4029.17,BTC-28JUN19-10000-P,0.0,1.495,0.3,3,1553134057637,16747770,76
2019-03-21 02:07:57.750,0.3,sell,4029.18,BTC-28JUN19-10000-P,0.0,1.495,0.3,3,1553134077750,16747772,77
2019-03-21 02:08:26.802,0.3,sell,4029.26,BTC-28JUN19-10000-P,0.0,1.495,0.3,3,1553134106802,16747774,78
2019-03-21 02:10:10.974,0.3,sell,4029.22,BTC-28JUN19-10000-P,0.0,1.495,0.3,3,1553134210974,16747783,79
2019-03-21 02:10:57.077,0.3,sell,4029.22,BTC-28JUN19-10000-P,0.0,1.495,0.3,3,1553134257077,16747813,80
2019-03-21 02:12:10.283,0.3,sell,4028.77,BTC-28JUN19-10000-P,0.0,1.4975,0.3,0,1553134330283,16747831,81
2019-03-21 02:13:29.423,0.3,sell,4028.77,BTC-28JUN19-10000-P,0.0,1.4969999999999999,0.3,2,1553134409423,16747844,82
2019-03-21 02:13:42.785,0.3,sell,4028.8,BTC-28JUN19-10000-P,0.0,1.4969999999999999,0.3,3,1553134422785,16747848,83
2019-03-21 02:14:13.629,0.3,sell,4028.81,BTC-28JUN19-10000-P,0.0,1.4969999999999999,0.3,3,1553134453629,16747849,84
2019-03-21 08:35:18.914,0.1,sell,4033.18,BTC-28JUN19-10000-P,0.0,1.492,0.1,2,1553157318914,16750073,85
2019-03-21 14:57:55.749,0.3,buy,3951.85,BTC-28JUN19-10000-P,0.0,1.5485,0.3,0,1553180275749,16761825,86
2019-03-21 14:57:57.589,0.3,buy,3955.96,BTC-28JUN19-10000-P,79.63,1.5505,0.3,0,1553180277589,16761870,87
2019-03-21 14:59:31.540,0.3,sell,3927.24,BTC-28JUN19-10000-P,0.0,1.5659999999999998,0.3,0,1553180371540,16763995,88
2019-03-27 00:51:06.939,0.3,sell,3925.01,BTC-28JUN19-10000-P,87.03,1.5715,0.3,0,1553647866939,16843985,89
2019-03-27 01:17:39.142,0.3,sell,3944.65,BTC-28JUN19-10000-P,84.96,1.5565,0.3,2,1553649459142,16846776,90
2019-03-27 01:24:15.105,0.3,sell,3962.94,BTC-28JUN19-10000-P,87.74,1.5430000000000001,0.3,2,1553649855105,16848036,91
2019-03-27 01:37:10.680,0.3,sell,3963.93,BTC-28JUN19-10000-P,88.64,1.544,0.3,0,1553650630680,16849098,92
2019-03-28 07:53:46.483,0.1,sell,4014.92,BTC-28JUN19-10000-P,0.0,1.5090000000000001,0.1,2,1553759626483,16922509,93
2019-04-03 02:27:51.077,0.3,sell,5035.35,BTC-28JUN19-10000-P,85.79,1.0,0.3,2,1554258471077,17169590,94
2019-04-08 06:08:45.351,5.2,sell,5282.94,BTC-28JUN19-10000-P,79.44,0.89,5.2,2,1554703725351,17514819,95
2019-05-11 06:09:03.607,0.1,sell,6817.89,BTC-28JUN19-10000-P,82.0,0.5,0.1,2,1557554943607,19481026,96
2019-05-11 22:02:12.729,0.1,sell,7092.81,BTC-28JUN19-10000-P,96.86,0.45,0.1,2,1557612132729,19648510,97
