date_utc,amount,direction,indexPrice,instrument,iv,price,quantity,tickDirection,timeStamp,tradeId,tradeSeq
2019-04-10 16:56:57.889,10.0,sell,5272.2,BTC-31MAY19-6500-C,61.69,0.025,10.0,1,1554915417889,17605450,1
2019-04-10 16:56:57.889,40.0,sell,5272.2,BTC-31MAY19-6500-C,61.69,0.025,40.0,1,1554915417889,17605451,2
2019-04-10 19:21:14.808,0.1,buy,5388.4,BTC-31MAY19-6500-C,64.84,0.033,0.1,0,1554924074808,17624247,3
2019-04-11 09:54:08.075,10.0,sell,5018.16,BTC-31MAY19-6500-C,68.05,0.0225,10.0,2,1554976448075,17682458,4
2019-04-11 23:13:50.932,0.1,sell,5047.01,BTC-31MAY19-6500-C,62.17,0.0175,0.1,2,1555024430932,17721645,5
2019-04-16 17:35:30.644,0.4,buy,5187.2,BTC-31MAY19-6500-C,59.03,0.016,0.4,2,1555436130644,17872416,6
2019-04-16 20:25:19.422,2.0,buy,5191.81,BTC-31MAY19-6500-C,57.16,0.0145,2.0,2,1555446319422,17879315,7
2019-04-17 04:46:25.124,0.5,sell,5223.51,BTC-31MAY19-6500-C,56.96,0.015,0.5,0,1555476385124,17891593,8
2019-04-17 11:24:03.065,0.5,buy,5226.81,BTC-31MAY19-6500-C,57.03,0.015,0.5,1,1555500243065,17896448,9
2019-04-19 03:07:18.938,10.0,sell,5216.57,BTC-31MAY19-6500-C,55.32,0.0125,10.0,2,1555643238938,17945102,10
2019-04-19 03:08:11.695,10.0,sell,5216.41,BTC-31MAY19-6500-C,55.32,0.0125,10.0,3,1555643291695,17945113,11
2019-04-19 16:25:53.473,1.0,buy,5356.23,BTC-31MAY19-6500-C,56.5,0.017,1.0,0,1555691153473,17957437,12
2019-04-19 16:25:54.691,1.0,sell,5352.63,BTC-31MAY19-6500-C,56.62,0.017,1.0,1,1555691154691,17957499,13
2019-04-20 13:18:27.852,1.0,buy,5322.53,BTC-31MAY19-6500-C,55.29,0.0145,1.0,2,1555766307852,17983389,14
2019-04-23 00:29:20.816,10.0,sell,5375.7,BTC-31MAY19-6500-C,54.57,0.014,10.0,2,1555979360816,18072716,15
2019-04-23 04:36:38.514,10.0,sell,5557.93,BTC-31MAY19-6500-C,54.52,0.0195,10.0,0,1555994198514,18091666,16
2019-04-23 05:35:02.690,10.0,buy,5527.96,BTC-31MAY19-6500-C,57.25,0.021,10.0,0,1555997702690,18096957,17
2019-04-23 10:03:34.473,5.0,buy,5538.75,BTC-31MAY19-6500-C,59.58,0.0235,5.0,0,1556013814473,18105396,18
2019-04-24 08:19:12.794,2.0,sell,5461.55,BTC-31MAY19-6500-C,59.52,0.02,2.0,2,1556093952794,18160856,19
2019-04-24 10:10:32.603,8.0,sell,5444.84,BTC-31MAY19-6500-C,60.21,0.02,8.0,3,1556100632603,18166882,20
2019-04-24 14:05:33.197,1.0,buy,5450.08,BTC-31MAY19-6500-C,59.02,0.019,1.0,2,1556114733197,18178896,21
2019-04-24 16:34:24.545,1.0,sell,5436.82,BTC-31MAY19-6500-C,59.03,0.0185,1.0,2,1556123664545,18182926,22
2019-04-24 18:11:37.078,5.1000000000000005,buy,5411.67,BTC-31MAY19-6500-C,59.44,0.018000000000000002,5.1000000000000005,2,1556129497078,18188226,23
2019-04-24 18:21:12.526,2.0,sell,5393.09,BTC-31MAY19-6500-C,58.34,0.0165,2.0,2,1556130072526,18190674,24
2019-04-25 11:11:14.456,10.0,sell,5446.59,BTC-31MAY19-6500-C,58.13,0.0175,10.0,0,1556190674456,18218646,25
2019-04-25 13:13:03.798,0.4,sell,5452.36,BTC-31MAY19-6500-C,58.57,0.018000000000000002,0.4,0,1556197983798,18220951,26
2019-04-25 17:39:48.218,1.0,sell,5484.34,BTC-31MAY19-6500-C,56.94,0.0175,1.0,2,1556213988218,18226967,27
2019-04-26 04:30:23.388,0.1,sell,5191.3,BTC-31MAY19-6500-C,59.28,0.011000000000000001,0.1,2,1556253023388,18310685,28
2019-04-26 10:42:31.550,20.0,sell,5166.64,BTC-31MAY19-6500-C,61.13,0.0115,20.0,0,1556275351550,18323180,29
2019-04-26 10:44:47.958,5.0,sell,5168.37,BTC-31MAY19-6500-C,59.52,0.0105,5.0,2,1556275487958,18323215,30
2019-04-26 10:51:43.864,5.0,sell,5173.15,BTC-31MAY19-6500-C,58.56,0.01,5.0,2,1556275903864,18323269,31
2019-04-26 10:53:35.267,10.0,sell,5173.27,BTC-31MAY19-6500-C,57.75,0.0095,10.0,2,1556276015267,18323284,32
2019-04-26 11:15:17.173,0.4,sell,5150.88,BTC-31MAY19-6500-C,57.69,0.009000000000000001,0.4,2,1556277317173,18325281,33
2019-04-26 11:15:17.173,9.6,sell,5150.88,BTC-31MAY19-6500-C,57.69,0.009000000000000001,9.6,3,1556277317173,18325282,34
2019-04-26 21:07:41.520,10.0,sell,5100.75,BTC-31MAY19-6500-C,61.44,0.01,10.0,0,1556312861520,18348749,35
2019-04-26 21:12:17.390,5.0,sell,5100.21,BTC-31MAY19-6500-C,61.46,0.01,5.0,1,1556313137390,18348774,36
2019-04-26 22:11:00.495,5.0,buy,5165.64,BTC-31MAY19-6500-C,60.03,0.0105,5.0,0,1556316660495,18351743,37
2019-04-26 22:54:43.964,3.1,sell,5153.27,BTC-31MAY19-6500-C,59.68,0.01,3.1,2,1556319283964,18352915,38
2019-04-27 05:17:48.889,1.9,sell,5139.96,BTC-31MAY19-6500-C,60.38,0.01,1.9,3,1556342268889,18358677,39
2019-04-27 08:06:52.694,0.1,buy,5173.82,BTC-31MAY19-6500-C,61.67,0.0115,0.1,0,1556352412694,18360697,40
2019-04-27 09:42:59.464,0.1,sell,5145.96,BTC-31MAY19-6500-C,57.77,0.0085,0.1,2,1556358179464,18361981,41
2019-04-28 09:16:47.536,1.0,buy,5184.64,BTC-31MAY19-6500-C,59.85,0.01,1.0,0,1556443007536,18382002,42
2019-04-28 10:15:52.267,5.0,buy,5176.48,BTC-31MAY19-6500-C,60.99,0.0105,5.0,0,1556446552267,18382514,43
2019-04-28 16:01:54.243,5.0,buy,5193.09,BTC-31MAY19-6500-C,60.62,0.0105,5.0,1,1556467314243,18391068,44
2019-04-28 19:33:08.497,20.0,buy,5128.12,BTC-31MAY19-6500-C,64.72,0.0115,20.0,0,1556479988497,18398140,45
2019-04-29 19:56:50.586,5.0,buy,5153.7,BTC-31MAY19-6500-C,65.6,0.012,5.0,1,1556567810586,18435839,48
2019-04-29 19:56:50.586,10.0,buy,5153.7,BTC-31MAY19-6500-C,64.81,0.0115,10.0,1,1556567810586,18435837,46
2019-04-29 19:56:50.586,5.0,buy,5153.7,BTC-31MAY19-6500-C,65.6,0.012,5.0,0,1556567810586,18435838,47
2019-04-29 20:55:48.961,0.4,sell,5126.76,BTC-31MAY19-6500-C,65.03,0.011000000000000001,0.4,3,1556571348961,18437143,50
2019-04-29 20:55:48.961,0.1,sell,5126.76,BTC-31MAY19-6500-C,65.03,0.011000000000000001,0.1,2,1556571348961,18437142,49
2019-04-29 22:20:03.524,0.6,sell,5135.25,BTC-31MAY19-6500-C,64.78,0.011000000000000001,0.6,3,1556576403524,18438532,51
2019-04-30 15:27:25.330,0.4,buy,5255.75,BTC-31MAY19-6500-C,62.61,0.012,0.4,0,1556638045330,18477350,52
2019-04-30 15:27:25.403,0.1,buy,5255.75,BTC-31MAY19-6500-C,62.61,0.012,0.1,1,1556638045403,18477354,53
2019-04-30 16:26:50.751,0.4,sell,5242.79,BTC-31MAY19-6500-C,61.56,0.011000000000000001,0.4,2,1556641610751,18479380,54
2019-04-30 19:07:14.797,0.1,buy,5249.3,BTC-31MAY19-6500-C,63.01,0.012,0.1,0,1556651234797,18481920,55
2019-04-30 22:02:19.402,5.0,buy,5263.31,BTC-31MAY19-6500-C,60.22,0.0105,5.0,2,1556661739402,18484892,56
2019-05-01 17:58:55.536,0.1,sell,5347.86,BTC-31MAY19-6500-C,59.46,0.0115,0.1,0,1556733535536,18514401,57
2019-05-02 07:15:38.533,1.0,buy,5333.21,BTC-31MAY19-6500-C,61.37,0.012,1.0,1,1556781338533,18533890,59
2019-05-02 07:15:38.533,1.0,buy,5333.21,BTC-31MAY19-6500-C,61.37,0.012,1.0,0,1556781338533,18533889,58
2019-05-02 17:24:57.980,20.0,sell,5392.75,BTC-31MAY19-6500-C,58.72,0.0115,20.0,3,1556817897980,18564399,61
2019-05-02 17:24:57.980,8.5,sell,5392.75,BTC-31MAY19-6500-C,58.72,0.0115,8.5,2,1556817897980,18564398,60
2019-05-02 20:24:47.067,10.0,sell,5392.96,BTC-31MAY19-6500-C,60.37,0.0125,10.0,0,1556828687067,18569226,62
2019-05-03 01:16:08.669,0.1,buy,5413.24,BTC-31MAY19-6500-C,62.0,0.014,0.1,0,1556846168669,18580808,63
2019-05-03 01:16:08.669,4.9,buy,5413.24,BTC-31MAY19-6500-C,62.0,0.014,4.9,1,1556846168669,18580809,64
2019-05-03 02:28:09.132,0.4,buy,5441.08,BTC-31MAY19-6500-C,60.21,0.0135,0.4,2,1556850489132,18585949,65
2019-05-03 02:28:26.500,4.5,buy,5442.05,BTC-31MAY19-6500-C,60.89,0.014,4.5,1,1556850506500,18585952,67
2019-05-03 02:28:26.500,0.1,buy,5442.05,BTC-31MAY19-6500-C,60.89,0.014,0.1,0,1556850506500,18585951,66
2019-05-03 05:18:46.037,1.0,buy,5477.77,BTC-31MAY19-6500-C,60.28,0.0145,1.0,0,1556860726037,18598127,68
2019-05-03 05:40:51.176,6.9,sell,5484.22,BTC-31MAY19-6500-C,55.65,0.0115,6.9,2,1556862051176,18598726,70
2019-05-03 05:40:51.176,0.4,sell,5484.22,BTC-31MAY19-6500-C,56.41,0.012,0.4,2,1556862051176,18598725,69
2019-05-03 05:40:51.176,2.7,sell,5484.22,BTC-31MAY19-6500-C,55.65,0.0115,2.7,3,1556862051176,18598727,71
2019-05-03 06:37:10.901,0.1,buy,5542.46,BTC-31MAY19-6500-C,56.99,0.014,0.1,0,1556865430901,18605689,72
2019-05-03 08:31:11.300,5.0,sell,5566.28,BTC-31MAY19-6500-C,57.47,0.015,5.0,0,1556872271300,18619389,73
2019-05-03 08:50:16.627,6.9,buy,5649.7,BTC-31MAY19-6500-C,57.85,0.018000000000000002,6.9,0,1556873416627,18626589,74
2019-05-03 08:50:34.014,0.5,buy,5666.68,BTC-31MAY19-6500-C,57.12,0.018000000000000002,0.5,1,1556873434014,18627215,76
2019-05-03 08:50:34.014,3.1,buy,5666.68,BTC-31MAY19-6500-C,57.12,0.018000000000000002,3.1,1,1556873434014,18627214,75
2019-05-03 09:53:20.894,5.0,buy,5785.47,BTC-31MAY19-6500-C,58.89,0.024,5.0,0,1556877200894,18652799,77
2019-05-03 11:00:39.889,2.0,sell,5683.33,BTC-31MAY19-6500-C,59.52,0.0205,2.0,2,1556881239889,18666306,78
2019-05-03 14:09:41.888,0.3,sell,5756.62,BTC-31MAY19-6500-C,58.71,0.0225,0.3,0,1556892581888,18681320,79
2019-05-03 14:17:19.594,3.0,sell,5757.91,BTC-31MAY19-6500-C,58.65,0.0225,3.0,1,1556893039594,18682510,80
2019-05-03 14:20:02.834,1.0,sell,5757.76,BTC-31MAY19-6500-C,59.23,0.023,1.0,0,1556893202834,18682650,81
2019-05-03 20:53:15.949,1.0,sell,5684.66,BTC-31MAY19-6500-C,59.3,0.02,1.0,2,1556916795949,18707616,82
2019-05-03 21:05:19.843,12.8,sell,5685.16,BTC-31MAY19-6500-C,58.68,0.0195,12.8,2,1556917519843,18707831,83
2019-05-04 02:50:12.357,0.1,sell,5756.92,BTC-31MAY19-6500-C,58.1,0.0215,0.1,0,1556938212357,18740256,84
2019-05-04 08:11:04.082,5.0,sell,5734.53,BTC-31MAY19-6500-C,56.98,0.0195,5.0,2,1556957464082,18755957,85
2019-05-04 22:11:38.969,0.5,sell,5789.22,BTC-31MAY19-6500-C,58.65,0.0225,0.5,0,1557007898969,18820822,86
2019-05-04 22:16:33.722,0.6,buy,5811.76,BTC-31MAY19-6500-C,58.75,0.0235,0.6,0,1557008193722,18821647,87
2019-05-04 22:22:33.644,0.5,sell,5808.88,BTC-31MAY19-6500-C,57.74,0.0225,0.5,2,1557008553644,18824321,88
2019-05-04 23:02:22.713,0.1,sell,5812.33,BTC-31MAY19-6500-C,58.19,0.023,0.1,0,1557010942713,18828534,89
2019-05-04 23:35:55.664,0.1,sell,5769.53,BTC-31MAY19-6500-C,58.47,0.0215,0.1,2,1557012955664,18832709,90
2019-05-05 01:16:00.153,0.5,buy,5745.28,BTC-31MAY19-6500-C,59.07,0.021,0.5,2,1557018960153,18844845,91
2019-05-05 01:43:49.163,5.0,sell,5739.83,BTC-31MAY19-6500-C,58.74,0.0205,5.0,2,1557020629163,18846466,92
2019-05-05 19:35:15.766,0.1,buy,5707.42,BTC-31MAY19-6500-C,62.92,0.022,0.1,0,1557084915766,18895088,93
2019-05-05 19:35:15.768,1.9,sell,5707.42,BTC-31MAY19-6500-C,62.92,0.022,1.9,1,1557084915768,18895089,94
2019-05-06 13:41:32.689,10.0,sell,5633.28,BTC-31MAY19-6500-C,63.54,0.019,10.0,2,1557150092689,18952190,95
2019-05-06 15:13:14.655,0.2,buy,5657.3,BTC-31MAY19-6500-C,64.44,0.0205,0.2,0,1557155594655,18956775,96
2019-05-06 15:16:59.711,1.0,buy,5654.12,BTC-31MAY19-6500-C,66.49,0.022,1.0,0,1557155819711,18956827,97
2019-05-06 15:17:06.826,1.3,sell,5654.12,BTC-31MAY19-6500-C,66.49,0.022,1.3,1,1557155826826,18956828,98
2019-05-07 01:03:37.277,0.1,buy,5763.19,BTC-31MAY19-6500-C,62.42,0.0225,0.1,0,1557191017277,18992199,99
2019-05-07 03:00:07.281,0.1,buy,5920.81,BTC-31MAY19-6500-C,63.23,0.03,0.1,0,1557198007281,19010099,100
2019-05-07 03:01:12.098,1.9,buy,5927.77,BTC-31MAY19-6500-C,62.86,0.03,1.9,1,1557198072098,19010609,101
2019-05-07 03:31:21.876,1.0,buy,5899.23,BTC-31MAY19-6500-C,66.58,0.032,1.0,0,1557199881876,19020187,102
2019-05-07 03:32:58.633,0.8,buy,5901.02,BTC-31MAY19-6500-C,67.03,0.0325,0.8,0,1557199978633,19020334,103
2019-05-07 03:35:20.667,3.7,sell,5897.39,BTC-31MAY19-6500-C,64.48,0.03,3.7,2,1557200120667,19020521,104
2019-05-07 03:38:07.625,0.2,buy,5892.04,BTC-31MAY19-6500-C,66.96,0.032,0.2,1,1557200287625,19020620,106
2019-05-07 03:38:07.625,1.0,buy,5892.04,BTC-31MAY19-6500-C,66.96,0.032,1.0,0,1557200287625,19020619,105
2019-05-07 03:40:11.347,2.2,sell,5886.9,BTC-31MAY19-6500-C,64.47,0.0295,2.2,2,1557200411347,19020786,107
2019-05-07 03:59:57.921,1.0,sell,5887.92,BTC-31MAY19-6500-C,63.88,0.029,1.0,2,1557201597921,19021704,108
2019-05-07 07:28:42.849,0.1,buy,5869.52,BTC-31MAY19-6500-C,63.9,0.028,0.1,2,1557214122849,19032054,109
2019-05-07 08:17:24.068,0.1,sell,5873.71,BTC-31MAY19-6500-C,65.97,0.03,0.1,0,1557217044068,19033466,110
2019-05-07 09:40:09.820,1.0,buy,5905.22,BTC-31MAY19-6500-C,64.41,0.03,1.0,1,1557222009820,19036042,111
2019-05-07 17:03:23.354,3.5,sell,5895.73,BTC-31MAY19-6500-C,63.64,0.0285,3.5,3,1557248603354,19067948,114
2019-05-07 17:03:23.354,10.0,sell,5895.73,BTC-31MAY19-6500-C,63.64,0.0285,10.0,2,1557248603354,19067946,112
2019-05-07 17:03:23.354,0.5,sell,5895.73,BTC-31MAY19-6500-C,63.64,0.0285,0.5,3,1557248603354,19067947,113
2019-05-07 17:07:55.290,5.0,sell,5897.96,BTC-31MAY19-6500-C,62.96,0.027999999999999997,5.0,2,1557248875290,19068149,115
2019-05-08 04:12:03.551,0.5,sell,5793.76,BTC-31MAY19-6500-C,64.24,0.024,0.5,3,1557288723551,19129340,117
2019-05-08 04:12:03.551,10.0,sell,5793.76,BTC-31MAY19-6500-C,64.24,0.024,10.0,2,1557288723551,19129339,116
2019-05-08 04:12:18.224,0.5,sell,5794.11,BTC-31MAY19-6500-C,63.62,0.0235,0.5,3,1557288738224,19129346,119
2019-05-08 04:12:18.224,10.0,sell,5794.11,BTC-31MAY19-6500-C,63.62,0.0235,10.0,2,1557288738224,19129345,118
2019-05-08 04:42:50.241,1.0,sell,5798.49,BTC-31MAY19-6500-C,62.82,0.023,1.0,2,1557290570241,19130272,120
2019-05-08 05:16:30.176,0.1,sell,5788.79,BTC-31MAY19-6500-C,62.72,0.0225,0.1,2,1557292590176,19130937,121
2019-05-08 11:48:12.810,1.0,buy,5865.5,BTC-31MAY19-6500-C,62.81,0.0255,1.0,0,1557316092810,19144214,122
2019-05-08 12:15:26.197,0.2,buy,5860.58,BTC-31MAY19-6500-C,64.86,0.027000000000000003,0.2,0,1557317726197,19145924,123
2019-05-08 17:38:59.503,1.0,buy,5880.44,BTC-31MAY19-6500-C,61.78,0.025,1.0,2,1557337139503,19162117,124
2019-05-08 20:32:37.413,2.0,sell,5888.92,BTC-31MAY19-6500-C,60.9,0.0245,2.0,2,1557347557413,19169978,125
2019-05-08 23:29:40.259,0.5,sell,5894.28,BTC-31MAY19-6500-C,61.39,0.025,0.5,0,1557358180259,19184192,126
2019-05-09 02:13:51.000,1.0,sell,6040.22,BTC-31MAY19-6500-C,59.37,0.03,1.0,0,1557368031000,19215925,127
2019-05-09 03:49:56.589,1.0,sell,6035.04,BTC-31MAY19-6500-C,60.31,0.0305,1.0,0,1557373796589,19219153,128
2019-05-09 07:09:34.952,0.1,buy,6071.12,BTC-31MAY19-6500-C,63.39,0.035,0.1,0,1557385774952,19225918,129
2019-05-09 11:51:10.541,0.1,sell,6034.83,BTC-31MAY19-6500-C,59.65,0.0295,0.1,2,1557402670541,19236672,130
2019-05-09 12:15:09.437,5.9,sell,6025.75,BTC-31MAY19-6500-C,59.62,0.028999999999999998,5.9,2,1557404109437,19238569,131
2019-05-09 12:23:24.262,1.0,sell,6004.23,BTC-31MAY19-6500-C,61.97,0.03,1.0,0,1557404604262,19239743,132
2019-05-09 12:24:01.517,10.0,sell,6007.08,BTC-31MAY19-6500-C,62.38,0.0305,10.0,0,1557404641517,19239789,133
2019-05-09 12:52:00.074,1.0,sell,5984.55,BTC-31MAY19-6500-C,59.07,0.0265,1.0,2,1557406320074,19242609,134
2019-05-09 13:06:57.240,1.0,sell,5982.45,BTC-31MAY19-6500-C,60.94,0.027999999999999997,1.0,0,1557407217240,19243865,135
2019-05-09 13:21:08.756,1.2,buy,5983.14,BTC-31MAY19-6500-C,61.49,0.0285,1.2,0,1557408068756,19246899,136
2019-05-09 14:28:54.736,10.0,sell,6011.51,BTC-31MAY19-6500-C,60.55,0.028999999999999998,10.0,0,1557412134736,19249538,137
2019-05-09 14:28:54.736,4.0,sell,6011.51,BTC-31MAY19-6500-C,60.55,0.028999999999999998,4.0,1,1557412134736,19249539,138
2019-05-09 14:28:54.777,5.6000000000000005,buy,6011.51,BTC-31MAY19-6500-C,60.55,0.028999999999999998,5.6000000000000005,1,1557412134777,19249540,139
2019-05-09 14:28:54.805,0.4,buy,6011.51,BTC-31MAY19-6500-C,60.55,0.028999999999999998,0.4,1,1557412134805,19249545,140
2019-05-09 17:34:09.650,1.0,buy,6040.88,BTC-31MAY19-6500-C,60.2,0.03,1.0,0,1557423249650,19255820,141
2019-05-09 17:42:52.294,0.1,buy,6052.3,BTC-31MAY19-6500-C,62.36,0.0325,0.1,0,1557423772294,19256175,142
2019-05-09 17:42:52.294,0.9,buy,6052.3,BTC-31MAY19-6500-C,62.36,0.0325,0.9,1,1557423772294,19256176,143
2019-05-09 20:38:34.039,0.6,sell,6079.98,BTC-31MAY19-6500-C,58.14,0.03,0.6,2,1557434314039,19262650,145
2019-05-09 20:38:34.039,0.4,sell,6079.98,BTC-31MAY19-6500-C,58.7,0.0305,0.4,2,1557434314039,19262649,144
2019-05-09 21:58:02.277,1.0,sell,6109.54,BTC-31MAY19-6500-C,59.82,0.033,1.0,0,1557439082277,19271155,146
2019-05-09 22:35:29.677,1.0,sell,6144.11,BTC-31MAY19-6500-C,59.97,0.035,1.0,0,1557441329677,19273501,147
2019-05-10 02:23:10.024,0.4,buy,6211.11,BTC-31MAY19-6500-C,58.23,0.037000000000000005,0.4,0,1557454990024,19292702,148
2019-05-10 02:46:36.071,1.0,sell,6245.85,BTC-31MAY19-6500-C,57.65,0.0385,1.0,0,1557456396071,19298167,149
2019-05-10 02:52:15.331,5.0,sell,6234.34,BTC-31MAY19-6500-C,57.86,0.038,5.0,2,1557456735331,19299277,150
2019-05-10 05:03:31.626,6.0,sell,6278.44,BTC-31MAY19-6500-C,58.86,0.0415,6.0,0,1557464611626,19322356,151
2019-05-10 05:03:31.962,4.0,buy,6278.44,BTC-31MAY19-6500-C,58.86,0.0415,4.0,1,1557464611962,19322357,152
2019-05-10 08:23:30.381,0.4,buy,6281.83,BTC-31MAY19-6500-C,63.59,0.046,0.4,0,1557476610381,19340860,153
2019-05-10 08:23:30.381,4.6000000000000005,buy,6281.83,BTC-31MAY19-6500-C,63.59,0.046,4.6000000000000005,1,1557476610381,19340861,154
2019-05-10 08:42:20.912,1.0,sell,6280.32,BTC-31MAY19-6500-C,59.48,0.042,1.0,2,1557477740912,19342186,155
2019-05-10 08:42:20.912,0.4,sell,6280.32,BTC-31MAY19-6500-C,59.48,0.042,0.4,3,1557477740912,19342187,156
2019-05-10 09:07:04.257,1.0,buy,6275.61,BTC-31MAY19-6500-C,59.28,0.0415,1.0,2,1557479224257,19344371,157
2019-05-10 12:35:35.186,1.0,buy,6273.21,BTC-31MAY19-6500-C,61.78,0.0435,1.0,0,1557491735186,19355854,158
2019-05-10 12:42:20.107,24.0,sell,6280.39,BTC-31MAY19-6500-C,58.11,0.0405,24.0,2,1557492140107,19356123,159
2019-05-10 12:42:20.107,0.4,sell,6280.39,BTC-31MAY19-6500-C,58.11,0.0405,0.4,3,1557492140107,19356124,160
2019-05-10 15:58:47.745,10.1,buy,6312.67,BTC-31MAY19-6500-C,57.74,0.042,10.1,0,1557503927745,19367373,161
2019-05-10 15:58:49.182,1.0,buy,6312.67,BTC-31MAY19-6500-C,57.74,0.042,1.0,1,1557503929182,19367392,162
2019-05-10 15:59:35.286,0.4,sell,6314.32,BTC-31MAY19-6500-C,57.1,0.0415,0.4,2,1557503975286,19367637,163
2019-05-10 15:59:35.289,2.5,buy,6314.32,BTC-31MAY19-6500-C,57.1,0.0415,2.5,3,1557503975289,19367638,164
2019-05-10 15:59:36.390,0.5,buy,6314.45,BTC-31MAY19-6500-C,57.09,0.0415,0.5,3,1557503976390,19367640,165
2019-05-10 16:02:34.215,10.4,buy,6315.16,BTC-31MAY19-6500-C,57.58,0.042,10.4,0,1557504154215,19368120,166
2019-05-10 16:02:37.134,0.8,buy,6313.98,BTC-31MAY19-6500-C,57.66,0.042,0.8,1,1557504157134,19368125,167
2019-05-10 16:02:45.139,2.4,buy,6317.46,BTC-31MAY19-6500-C,57.42,0.042,2.4,1,1557504165139,19368154,168
2019-05-10 16:02:50.042,3.6,buy,6318.01,BTC-31MAY19-6500-C,57.39,0.042,3.6,1,1557504170042,19368173,169
2019-05-10 16:07:06.283,10.0,sell,6321.62,BTC-31MAY19-6500-C,56.61,0.0415,10.0,2,1557504426283,19368645,170
2019-05-10 16:53:11.495,7.0,buy,6417.0,BTC-31MAY19-6500-C,56.85,0.048,7.0,0,1557507191495,19378563,171
2019-05-10 17:00:14.103,0.4,buy,6378.02,BTC-31MAY19-6500-C,60.17,0.0485,0.4,0,1557507614103,19381233,172
2019-05-10 17:00:32.881,0.6,sell,6372.74,BTC-31MAY19-6500-C,60.55,0.0485,0.6,1,1557507632881,19381307,173
2019-05-10 17:01:54.489,1.0,buy,6361.21,BTC-31MAY19-6500-C,60.83,0.048,1.0,2,1557507714489,19381830,174
2019-05-10 17:55:46.537,1.0,buy,6407.74,BTC-31MAY19-6500-C,60.22,0.0505,1.0,0,1557510946537,19386878,175
2019-05-10 20:11:11.970,0.1,buy,6355.55,BTC-31MAY19-6500-C,61.42,0.048,0.1,2,1557519071970,19396215,176
2019-05-10 20:36:59.345,13.0,buy,6340.77,BTC-31MAY19-6500-C,61.95,0.0475,13.0,0,1557520619345,19397541,179
2019-05-10 20:36:59.345,0.4,buy,6340.77,BTC-31MAY19-6500-C,61.42,0.047,0.4,2,1557520619345,19397539,177
2019-05-10 20:36:59.345,5.6000000000000005,buy,6340.77,BTC-31MAY19-6500-C,61.42,0.047,5.6000000000000005,3,1557520619345,19397540,178
2019-05-10 20:51:18.143,1.0,sell,6248.99,BTC-31MAY19-6500-C,61.74,0.0415,1.0,2,1557521478143,19403602,180
2019-05-11 02:10:55.578,0.4,sell,6475.17,BTC-31MAY19-6500-C,56.77,0.0515,0.4,0,1557540655578,19426870,181
2019-05-11 02:10:55.578,4.6000000000000005,sell,6475.17,BTC-31MAY19-6500-C,56.77,0.0515,4.6000000000000005,1,1557540655578,19426871,182
2019-05-11 03:08:12.999,0.6,sell,6536.95,BTC-31MAY19-6500-C,57.34,0.0565,0.6,1,1557544092999,19435488,184
2019-05-11 03:08:12.999,0.4,sell,6536.95,BTC-31MAY19-6500-C,57.34,0.0565,0.4,0,1557544092999,19435487,183
2019-05-11 03:37:05.236,0.4,sell,6535.95,BTC-31MAY19-6500-C,57.45,0.0565,0.4,1,1557545825236,19438709,185
2019-05-11 03:37:05.236,4.6000000000000005,sell,6535.95,BTC-31MAY19-6500-C,56.91,0.055999999999999994,4.6000000000000005,2,1557545825236,19438710,186
2019-05-11 03:37:16.310,5.0,sell,6536.38,BTC-31MAY19-6500-C,56.34,0.0555,5.0,2,1557545836310,19438712,187
2019-05-11 04:43:47.030,0.5,buy,6647.2,BTC-31MAY19-6500-C,63.48,0.0705,0.5,0,1557549827030,19448391,188
2019-05-11 05:18:54.789,0.1,buy,6697.52,BTC-31MAY19-6500-C,64.11,0.075,0.1,0,1557551934789,19465509,189
2019-05-11 05:38:48.576,1.0,buy,6696.15,BTC-31MAY19-6500-C,58.7,0.07,1.0,2,1557553128576,19470358,190
2019-05-11 05:40:00.650,1.0,buy,6698.37,BTC-31MAY19-6500-C,65.72,0.0765,1.0,0,1557553200650,19470581,191
2019-05-11 05:41:28.600,1.0,sell,6702.99,BTC-31MAY19-6500-C,62.53,0.07400000000000001,1.0,2,1557553288600,19471149,192
2019-05-11 06:32:06.915,0.8,buy,6935.08,BTC-31MAY19-6500-C,57.12,0.08900000000000001,0.8,0,1557556326915,19500070,193
2019-05-11 06:32:09.933,0.2,buy,6934.85,BTC-31MAY19-6500-C,57.14,0.08900000000000001,0.2,1,1557556329933,19500146,194
2019-05-11 06:32:09.933,0.2,buy,6934.85,BTC-31MAY19-6500-C,57.14,0.08900000000000001,0.2,1,1557556329933,19500147,195
2019-05-11 06:32:09.993,0.4,buy,6934.85,BTC-31MAY19-6500-C,57.14,0.08900000000000001,0.4,1,1557556329993,19500148,196
2019-05-11 06:33:28.770,0.3,buy,6931.62,BTC-31MAY19-6500-C,57.5,0.08900000000000001,0.3,1,1557556408770,19500603,197
2019-05-11 06:34:06.403,0.1,buy,6911.86,BTC-31MAY19-6500-C,59.65,0.08900000000000001,0.1,1,1557556446403,19501213,198
2019-05-11 06:54:39.860,3.0,sell,6816.44,BTC-31MAY19-6500-C,65.15,0.0855,3.0,2,1557557679860,19516007,199
2019-05-11 07:19:40.705,1.5,buy,6823.65,BTC-31MAY19-6500-C,67.37,0.08800000000000001,1.5,0,1557559180705,19523059,200
2019-05-11 07:24:14.780,0.1,buy,6858.57,BTC-31MAY19-6500-C,66.92,0.0905,0.1,0,1557559454780,19524041,201
2019-05-11 07:54:44.878,0.8,sell,6787.55,BTC-31MAY19-6500-C,66.8,0.0845,0.8,2,1557561284878,19529537,202
2019-05-11 08:06:34.884,0.2,sell,6805.85,BTC-31MAY19-6500-C,66.81,0.086,0.2,0,1557561994884,19530358,203
2019-05-11 09:38:56.288,2.0,sell,6787.31,BTC-31MAY19-6500-C,61.21,0.0795,2.0,2,1557567536288,19544719,204
2019-05-11 12:59:08.824,4.0,buy,6786.11,BTC-31MAY19-6500-C,77.55,0.0935,4.0,0,1557579548824,19566147,205
2019-05-11 12:59:22.366,0.2,buy,6786.28,BTC-31MAY19-6500-C,78.11,0.094,0.2,0,1557579562366,19566153,206
2019-05-11 15:26:44.559,1.0,buy,6856.74,BTC-31MAY19-6500-C,77.03,0.0985,1.0,0,1557588404559,19580225,207
2019-05-11 16:18:32.065,5.5,buy,6983.35,BTC-31MAY19-6500-C,82.72,0.1135,5.5,0,1557591512065,19598126,208
2019-05-11 19:57:22.731,1.0,sell,6947.02,BTC-31MAY19-6500-C,73.34,0.1025,1.0,2,1557604642731,19634151,209
2019-05-11 22:24:15.907,4.0,sell,7207.61,BTC-31MAY19-6500-C,81.87,0.131,4.0,0,1557613455907,19665224,210
2019-05-11 22:25:18.986,1.0,buy,7203.36,BTC-31MAY19-6500-C,82.35,0.131,1.0,1,1557613518986,19666302,211
2019-05-11 22:33:13.544,4.5,buy,7265.01,BTC-31MAY19-6500-C,87.51,0.14,4.5,0,1557613993544,19671707,212
2019-05-12 05:48:16.624,1.0,buy,7344.64,BTC-31MAY19-6500-C,87.31,0.146,1.0,0,1557640096624,19815189,213
2019-05-12 08:12:13.668,0.5,sell,7436.24,BTC-31MAY19-6500-C,98.11,0.161,0.5,0,1557648733668,19846184,214
2019-05-12 15:21:04.860,3.0,sell,6975.74,BTC-31MAY19-6500-C,84.35,0.1125,3.0,2,1557674464860,20006889,215
2019-05-12 17:37:20.146,1.0,sell,6881.6,BTC-31MAY19-6500-C,81.05,0.102,1.0,2,1557682640146,20043067,216
2019-05-13 07:14:11.946,8.0,buy,7039.14,BTC-31MAY19-6500-C,75.9,0.11,8.0,0,1557731651946,20140000,217
2019-05-13 07:14:12.165,2.0,buy,7039.34,BTC-31MAY19-6500-C,75.87,0.11,2.0,1,1557731652165,20140001,218
2019-05-13 12:29:27.147,0.1,buy,7318.74,BTC-31MAY19-6500-C,82.57,0.1385,0.1,0,1557750567147,20174097,219
2019-05-13 13:42:32.963,0.2,sell,7384.52,BTC-31MAY19-6500-C,89.25,0.1485,0.2,0,1557754952963,20185545,220
2019-05-13 13:52:12.560,1.0,buy,7425.81,BTC-31MAY19-6500-C,86.19,0.15,1.0,0,1557755532560,20187315,221
2019-05-13 13:52:18.406,1.0,buy,7424.92,BTC-31MAY19-6500-C,90.92,0.153,1.0,0,1557755538406,20187316,222
2019-05-13 14:25:58.771,0.1,buy,7437.74,BTC-31MAY19-6500-C,90.1,0.1535,0.1,0,1557757558771,20192420,223
2019-05-13 15:07:55.643,1.0,buy,7568.89,BTC-31MAY19-6500-C,82.33,0.16,1.0,0,1557760075643,20206398,224
2019-05-13 15:08:43.786,1.0,buy,7673.95,BTC-31MAY19-6500-C,92.75,0.175,1.0,0,1557760123786,20208598,225
2019-05-13 15:11:28.019,1.0,sell,7721.52,BTC-31MAY19-6500-C,98.0,0.182,1.0,0,1557760288019,20213089,226
2019-05-13 15:11:46.296,1.0,sell,7759.75,BTC-31MAY19-6500-C,102.07,0.1875,1.0,0,1557760306296,20213777,227
2019-05-13 15:13:10.603,1.0,sell,7791.1,BTC-31MAY19-6500-C,99.38,0.1885,1.0,0,1557760390603,20217175,228
2019-05-13 15:13:35.592,1.0,sell,7833.58,BTC-31MAY19-6500-C,103.88,0.1945,1.0,0,1557760415592,20217845,229
2019-05-13 15:20:57.390,3.0,sell,7796.16,BTC-31MAY19-6500-C,87.5,0.1825,3.0,2,1557760857390,20229370,230
2019-05-13 15:46:09.819,5.0,buy,7754.27,BTC-31MAY19-6500-C,93.27,0.182,5.0,2,1557762369819,20243876,231
2019-05-13 17:45:04.604,1.0,sell,7857.25,BTC-31MAY19-6500-C,104.36,0.1965,1.0,0,1557769504604,20285560,232
2019-05-13 20:54:19.465,3.0,buy,7896.7,BTC-31MAY19-6500-C,110.73,0.203,3.0,0,1557780859465,20309027,233
2019-05-13 21:41:04.577,4.0,buy,8090.28,BTC-31MAY19-6500-C,65.18,0.2,4.0,2,1557783664577,20326840,234
2019-05-14 03:57:56.241,3.0,buy,7955.16,BTC-31MAY19-6500-C,125.58,0.2155,3.0,0,1557806276241,20411402,235
2019-05-14 05:07:16.098,2.0,buy,8049.69,BTC-31MAY19-6500-C,123.89,0.2215,2.0,0,1557810436098,20420540,236
2019-05-14 05:18:08.345,10.0,sell,8060.5,BTC-31MAY19-6500-C,92.41,0.2065,10.0,2,1557811088345,20422789,237
2019-05-14 08:04:38.748,0.2,buy,8223.04,BTC-31MAY19-6500-C,92.72,0.22,0.2,0,1557821078748,20462466,238
2019-05-14 16:01:43.170,0.2,sell,7890.88,BTC-31MAY19-6500-C,108.72,0.2,0.2,2,1557849703170,20546142,239
2019-05-15 20:28:36.223,5.0,sell,8198.75,BTC-31MAY19-6500-C,124.96,0.23,5.0,0,1557952116223,20776000,240
2019-05-16 10:46:41.842,0.3,buy,7856.46,BTC-31MAY19-6500-C,104.64,0.192,0.3,2,1558003601842,20912359,241
2019-05-17 03:34:09.667,1.0,buy,7315.34,BTC-31MAY19-6500-C,124.69,0.1585,1.0,2,1558064049667,21076584,242
2019-05-17 03:34:30.164,4.0,sell,7302.73,BTC-31MAY19-6500-C,126.18,0.1585,4.0,3,1558064070164,21076689,243
2019-05-17 07:38:35.746,0.1,sell,7308.82,BTC-31MAY19-6500-C,100.28,0.142,0.1,2,1558078715746,21127660,244
2019-05-17 07:48:44.616,0.1,buy,7320.69,BTC-31MAY19-6500-C,101.13,0.1435,0.1,0,1558079324616,21128777,245
2019-05-17 09:57:30.623,0.1,sell,7283.88,BTC-31MAY19-6500-C,104.79,0.1425,0.1,2,1558087050623,21139594,246
2019-05-17 11:46:09.140,1.0,buy,7134.58,BTC-31MAY19-6500-C,112.19,0.135,1.0,2,1558093569140,21153361,247
2019-05-17 12:22:46.584,1.0,sell,6971.87,BTC-31MAY19-6500-C,116.31,0.125,1.0,2,1558095766584,21163633,248
2019-05-17 15:22:16.177,4.0,buy,7168.03,BTC-31MAY19-6500-C,119.31,0.142,4.0,0,1558106536177,21186490,249
2019-05-17 15:22:16.179,1.0,sell,7168.03,BTC-31MAY19-6500-C,119.31,0.142,1.0,1,1558106536179,21186491,250
2019-05-17 20:39:26.028,6.0,buy,7081.58,BTC-31MAY19-6500-C,108.1,0.127,6.0,2,1558125566028,21229831,251
2019-05-18 02:59:30.708,0.5,sell,7304.4,BTC-31MAY19-6500-C,103.92,0.142,0.5,0,1558148370708,21261622,252
2019-05-18 05:19:55.839,4.0,buy,7460.92,BTC-31MAY19-6500-C,115.49,0.1615,4.0,0,1558156795839,21271742,253
2019-05-18 13:10:57.625,1.0,buy,7288.91,BTC-31MAY19-6500-C,111.14,0.14400000000000002,1.0,2,1558185057625,21299464,254
2019-05-19 00:00:45.313,1.0,sell,7253.76,BTC-31MAY19-6500-C,103.7,0.1355,1.0,2,1558224045313,21325017,255
2019-05-22 20:23:34.085,4.0,buy,7700.1,BTC-31MAY19-6500-C,111.74,0.16899999999999998,4.0,0,1558556614085,21808584,256
2019-05-22 22:06:12.450,0.6,buy,7532.66,BTC-31MAY19-6500-C,105.64,0.1515,0.6,2,1558562772450,21832981,257
2019-05-22 22:06:12.567,3.4,buy,7532.66,BTC-31MAY19-6500-C,105.64,0.1515,3.4,3,1558562772567,21832990,258
2019-05-23 07:05:01.659,4.0,sell,7632.58,BTC-31MAY19-6500-C,94.55,0.1565,4.0,0,1558595101659,21876325,259
2019-05-23 07:05:36.571,4.0,sell,7627.91,BTC-31MAY19-6500-C,92.58,0.1555,4.0,2,1558595136571,21876339,260
2019-05-23 22:25:38.698,1.6,buy,7940.33,BTC-31MAY19-6500-C,107.12,0.1875,1.6,0,1558650338698,21942650,261
2019-05-28 12:20:35.127,5.0,buy,8726.61,BTC-31MAY19-6500-C,211.47,0.259,5.0,0,1559046035127,22402667,262
2019-05-28 15:38:40.845,8.0,buy,8696.08,BTC-31MAY19-6500-C,241.64,0.259,8.0,1,1559057920845,22421641,263
2019-05-30 17:44:44.807,1.0,sell,8638.0,BTC-31MAY19-6500-C,409.85,0.25,1.0,2,1559238284807,22668904,264
