date_utc,amount,direction,indexPrice,instrument,iv,price,quantity,tickDirection,timeStamp,tradeId,tradeSeq
2019-05-10 10:25:39.595,0.1,buy,6297.09,BTC-31MAY19-7000-P,68.96,0.139,0.1,1,1557483939595,19348540,1
2019-05-11 09:18:02.813,0.4,buy,6751.88,BTC-31MAY19-7000-P,67.96,0.0845,0.4,2,1557566282813,19542920,2
2019-05-11 09:19:29.156,0.6,sell,6739.97,BTC-31MAY19-7000-P,67.26,0.085,0.6,0,1557566369156,19543112,3
2019-05-11 09:20:58.368,1.0,sell,6733.12,BTC-31MAY19-7000-P,67.63,0.086,1.0,0,1557566458368,19543248,4
2019-05-11 09:34:48.837,2.0,sell,6768.61,BTC-31MAY19-7000-P,67.53,0.0825,2.0,2,1557567288837,19544331,5
2019-05-11 12:13:45.885,0.1,buy,6742.8,BTC-31MAY19-7000-P,81.32,0.0975,0.1,0,1557576825885,19561576,6
2019-05-11 16:01:11.333,0.2,buy,6931.99,BTC-31MAY19-7000-P,81.25,0.0805,0.2,2,1557590471333,19589785,7
2019-05-11 16:16:19.032,0.4,buy,6980.94,BTC-31MAY19-7000-P,82.78,0.078,0.4,2,1557591379032,19596922,8
2019-05-11 16:16:21.299,15.6,buy,6977.02,BTC-31MAY19-7000-P,82.99,0.0785,15.6,0,1557591381299,19597005,9
2019-05-11 16:16:21.388,2.4,buy,6977.02,BTC-31MAY19-7000-P,82.99,0.0785,2.4,1,1557591381388,19597007,10
2019-05-11 18:11:59.316,0.4,buy,6988.09,BTC-31MAY19-7000-P,83.56,0.078,0.4,2,1557598319316,19619596,11
2019-05-11 18:12:06.436,0.6,sell,6987.78,BTC-31MAY19-7000-P,83.53,0.078,0.6,3,1557598326436,19619600,12
2019-05-11 20:52:35.911,0.4,buy,6971.2,BTC-31MAY19-7000-P,81.27,0.077,0.4,2,1557607955911,19637923,13
2019-05-11 20:54:58.668,0.4,buy,6971.76,BTC-31MAY19-7000-P,82.96,0.0785,0.4,0,1557608098668,19637976,14
2019-05-11 20:54:58.668,12.0,buy,6971.76,BTC-31MAY19-7000-P,84.59,0.08,12.0,0,1557608098668,19637977,15
2019-05-11 20:55:00.655,0.4,sell,6971.77,BTC-31MAY19-7000-P,84.59,0.08,0.4,1,1557608100655,19637978,16
2019-05-11 20:55:00.688,0.4,sell,6971.77,BTC-31MAY19-7000-P,84.59,0.08,0.4,1,1557608100688,19637979,17
2019-05-11 20:55:00.703,0.4,sell,6971.77,BTC-31MAY19-7000-P,84.59,0.08,0.4,1,1557608100703,19637980,18
2019-05-11 22:16:07.318,0.4,buy,7127.79,BTC-31MAY19-7000-P,84.19,0.068,0.4,2,1557612967318,19661142,19
2019-05-11 23:10:44.355,0.4,sell,7369.79,BTC-31MAY19-7000-P,93.63,0.061,0.4,2,1557616244355,19695787,20
2019-05-11 23:11:21.176,0.4,sell,7396.44,BTC-31MAY19-7000-P,95.4,0.061,0.4,3,1557616281176,19696382,21
2019-05-11 23:11:44.813,0.4,sell,7410.41,BTC-31MAY19-7000-P,96.32,0.061,0.4,3,1557616304813,19696993,22
2019-05-11 23:11:46.428,0.4,sell,7413.05,BTC-31MAY19-7000-P,96.5,0.061,0.4,3,1557616306428,19697044,23
2019-05-11 23:29:36.812,0.4,sell,7393.0,BTC-31MAY19-7000-P,97.53,0.063,0.4,0,1557617376812,19711077,24
2019-05-11 23:30:53.912,0.4,sell,7411.24,BTC-31MAY19-7000-P,98.74,0.063,0.4,1,1557617453912,19711532,25
2019-05-11 23:31:16.389,0.4,sell,7420.32,BTC-31MAY19-7000-P,99.34,0.063,0.4,1,1557617476389,19712182,26
2019-05-11 23:31:33.791,0.4,sell,7438.27,BTC-31MAY19-7000-P,100.51,0.063,0.4,1,1557617493791,19712766,27
2019-05-11 23:36:10.218,0.1,buy,7381.52,BTC-31MAY19-7000-P,100.82,0.0665,0.1,0,1557617770218,19715943,28
2019-05-12 00:37:39.118,10.0,sell,7052.67,BTC-31MAY19-7000-P,98.87,0.0865,10.0,0,1557621459118,19753453,29
2019-05-12 00:42:56.522,5.0,sell,7049.69,BTC-31MAY19-7000-P,101.94,0.0895,5.0,0,1557621776522,19759598,30
2019-05-12 01:45:13.367,0.4,buy,7212.05,BTC-31MAY19-7000-P,104.33,0.08,0.4,2,1557625513367,19779995,31
2019-05-12 01:45:24.848,0.4,buy,7223.92,BTC-31MAY19-7000-P,105.78,0.0805,0.4,0,1557625524848,19780104,32
2019-05-12 01:45:56.921,0.4,buy,7225.71,BTC-31MAY19-7000-P,107.04,0.0815,0.4,0,1557625556921,19780345,33
2019-05-12 01:49:50.704,0.4,buy,7205.51,BTC-31MAY19-7000-P,101.6,0.078,0.4,2,1557625790704,19781527,34
2019-05-12 01:50:04.038,0.4,buy,7201.54,BTC-31MAY19-7000-P,102.98,0.0795,0.4,0,1557625804038,19781589,35
2019-05-12 01:52:59.769,0.4,sell,7203.82,BTC-31MAY19-7000-P,91.93,0.0695,0.4,2,1557625979769,19781996,36
2019-05-12 01:53:38.379,14.6,buy,7205.37,BTC-31MAY19-7000-P,92.04,0.0695,14.6,3,1557626018379,19782015,37
2019-05-12 02:21:23.144,0.3,buy,7226.45,BTC-31MAY19-7000-P,97.58,0.073,0.3,0,1557627683144,19786915,38
2019-05-12 05:49:12.026,0.4,sell,7361.93,BTC-31MAY19-7000-P,96.1,0.063,0.4,2,1557640152026,19815354,39
2019-05-12 05:49:26.914,16.0,sell,7368.37,BTC-31MAY19-7000-P,96.54,0.063,16.0,3,1557640166914,19815462,40
2019-05-12 06:08:27.015,0.4,buy,7336.0,BTC-31MAY19-7000-P,99.56,0.0675,0.4,0,1557641307015,19818425,41
2019-05-12 06:08:31.734,0.6,sell,7333.94,BTC-31MAY19-7000-P,99.42,0.0675,0.6,1,1557641311734,19818428,42
2019-05-12 07:11:09.021,0.6,sell,7493.49,BTC-31MAY19-7000-P,104.95,0.063,0.6,2,1557645069021,19830733,43
2019-05-12 07:12:43.059,16.0,sell,7521.94,BTC-31MAY19-7000-P,105.59,0.062,16.0,2,1557645163059,19831459,44
2019-05-12 07:15:08.205,0.4,sell,7533.41,BTC-31MAY19-7000-P,106.32,0.062,0.4,3,1557645308205,19832537,45
2019-05-12 07:15:08.225,0.4,sell,7533.41,BTC-31MAY19-7000-P,106.32,0.062,0.4,3,1557645308225,19832539,46
2019-05-12 07:27:36.523,1.0,sell,7529.34,BTC-31MAY19-7000-P,106.09,0.062,1.0,3,1557646056523,19835898,47
2019-05-12 07:29:31.021,16.0,sell,7526.12,BTC-31MAY19-7000-P,105.88,0.062,16.0,3,1557646171021,19836492,48
2019-05-12 07:29:31.075,6.2,sell,7526.12,BTC-31MAY19-7000-P,105.88,0.062,6.2,3,1557646171075,19836493,49
2019-05-12 15:08:06.096,0.5,sell,6994.39,BTC-31MAY19-7000-P,79.91,0.0725,0.5,0,1557673686096,20002754,50
2019-05-12 15:12:23.282,2.0,buy,7005.41,BTC-31MAY19-7000-P,78.08,0.07,2.0,2,1557673943282,20004353,51
2019-05-12 17:22:39.710,0.4,sell,6908.68,BTC-31MAY19-7000-P,75.29,0.075,0.4,0,1557681759710,20039428,52
2019-05-12 18:30:01.344,0.4,buy,7024.06,BTC-31MAY19-7000-P,84.41,0.07400000000000001,0.4,2,1557685801344,20051263,53
2019-05-12 18:35:21.486,2.6,sell,7026.95,BTC-31MAY19-7000-P,84.67,0.07400000000000001,2.6,3,1557686121486,20052606,54
2019-05-12 18:56:30.600,0.4,sell,7068.32,BTC-31MAY19-7000-P,83.64,0.07,0.4,2,1557687390600,20054446,55
2019-05-12 18:58:09.207,4.0,sell,7074.22,BTC-31MAY19-7000-P,84.12,0.07,4.0,3,1557687489207,20054646,56
2019-05-12 18:59:14.846,2.6,sell,7078.71,BTC-31MAY19-7000-P,84.48,0.07,2.6,3,1557687554846,20054758,57
2019-05-12 20:22:13.118,0.1,sell,7045.7,BTC-31MAY19-7000-P,83.04,0.071,0.1,0,1557692533118,20071022,58
2019-05-12 20:23:08.426,0.2,sell,7061.08,BTC-31MAY19-7000-P,83.74,0.0705,0.2,2,1557692588426,20071223,59
2019-05-12 20:24:38.319,0.4,sell,7081.35,BTC-31MAY19-7000-P,84.83,0.07,0.4,2,1557692678319,20071624,60
2019-05-12 20:25:52.478,0.4,sell,7097.06,BTC-31MAY19-7000-P,86.1,0.07,0.4,3,1557692752478,20071876,61
2019-05-12 20:28:30.217,0.4,sell,7104.94,BTC-31MAY19-7000-P,86.73,0.07,0.4,3,1557692910217,20072461,62
2019-05-12 20:28:42.638,1.8,sell,7112.78,BTC-31MAY19-7000-P,87.36,0.07,1.8,3,1557692922638,20072534,63
2019-05-12 20:28:42.638,0.2,sell,7112.78,BTC-31MAY19-7000-P,87.36,0.07,0.2,3,1557692922638,20072535,64
2019-05-12 21:56:14.938,0.4,sell,7144.71,BTC-31MAY19-7000-P,77.49,0.059000000000000004,0.4,2,1557698174938,20085418,65
2019-05-12 21:56:19.274,0.6,buy,7144.06,BTC-31MAY19-7000-P,77.44,0.059000000000000004,0.6,3,1557698179274,20085433,66
2019-05-13 00:20:12.714,2.0,buy,6942.67,BTC-31MAY19-7000-P,80.67,0.0765,2.0,0,1557706812714,20111390,67
2019-05-13 08:05:42.022,2.5,sell,7031.48,BTC-31MAY19-7000-P,86.93,0.0745,2.5,2,1557734742022,20143196,68
2019-05-13 08:28:31.152,0.6,buy,7042.52,BTC-31MAY19-7000-P,87.91,0.0745,0.6,3,1557736111152,20144928,69
2019-05-13 08:47:06.750,0.4,buy,7060.07,BTC-31MAY19-7000-P,87.71,0.073,0.4,2,1557737226750,20146204,70
2019-05-13 08:47:58.347,2.0,sell,7062.8,BTC-31MAY19-7000-P,86.8,0.07200000000000001,2.0,2,1557737278347,20146251,71
2019-05-13 09:00:19.393,0.4,sell,7047.7,BTC-31MAY19-7000-P,87.26,0.0735,0.4,0,1557738019393,20146659,72
2019-05-13 09:07:55.381,0.4,buy,7065.61,BTC-31MAY19-7000-P,88.21,0.073,0.4,2,1557738475381,20146949,73
2019-05-13 09:07:55.381,1.6,buy,7065.61,BTC-31MAY19-7000-P,88.21,0.073,1.6,3,1557738475381,20146950,74
2019-05-13 09:16:29.144,0.3,sell,7085.13,BTC-31MAY19-7000-P,88.12,0.0715,0.3,2,1557738989144,20148001,75
2019-05-13 09:36:16.648,0.2,buy,7108.77,BTC-31MAY19-7000-P,88.93,0.0705,0.2,2,1557740176648,20149242,76
2019-05-13 09:46:27.197,6.0,sell,7115.39,BTC-31MAY19-7000-P,88.33,0.0695,6.0,2,1557740787197,20150263,77
2019-05-13 10:59:43.595,4.0,sell,7102.93,BTC-31MAY19-7000-P,86.88,0.069,4.0,2,1557745183595,20154104,78
2019-05-13 13:18:38.072,0.1,sell,7388.7,BTC-31MAY19-7000-P,85.67,0.05,0.1,2,1557753518072,20182327,79
2019-05-13 13:18:38.072,0.4,sell,7388.7,BTC-31MAY19-7000-P,85.06,0.0495,0.4,2,1557753518072,20182328,80
2019-05-13 14:14:30.967,2.0,buy,7407.26,BTC-31MAY19-7000-P,91.28,0.0535,2.0,0,1557756870967,20190684,81
2019-05-13 14:23:30.957,0.4,buy,7441.96,BTC-31MAY19-7000-P,90.52,0.051,0.4,2,1557757410957,20192068,82
2019-05-13 14:23:39.459,2.1,sell,7440.98,BTC-31MAY19-7000-P,90.45,0.051,2.1,3,1557757419459,20192075,83
2019-05-13 14:57:13.325,0.2,sell,7483.42,BTC-31MAY19-7000-P,85.12,0.0445,0.2,2,1557759433325,20203034,84
2019-05-13 15:13:52.932,0.1,sell,7861.92,BTC-31MAY19-7000-P,94.02,0.035,0.1,2,1557760432932,20218525,85
2019-05-13 15:59:22.987,0.1,buy,7852.01,BTC-31MAY19-7000-P,95.0,0.036000000000000004,0.1,0,1557763162987,20247786,86
2019-05-13 16:17:34.564,0.4,buy,7807.73,BTC-31MAY19-7000-P,95.48,0.038,0.4,0,1557764254564,20257431,87
2019-05-13 16:17:34.651,0.4,buy,7807.73,BTC-31MAY19-7000-P,95.48,0.038,0.4,1,1557764254651,20257432,88
2019-05-13 16:29:41.068,14.0,sell,7895.27,BTC-31MAY19-7000-P,97.32,0.036000000000000004,14.0,2,1557764981068,20261073,89
2019-05-13 16:34:17.854,14.2,buy,7854.84,BTC-31MAY19-7000-P,93.09,0.0345,14.2,2,1557765257854,20262576,90
2019-05-13 16:35:21.038,0.4,buy,7862.12,BTC-31MAY19-7000-P,93.47,0.0345,0.4,3,1557765321038,20262714,91
2019-05-13 16:40:39.048,5.6000000000000005,buy,7900.2,BTC-31MAY19-7000-P,95.45,0.0345,5.6000000000000005,3,1557765639048,20263844,92
2019-05-13 16:51:51.028,0.4,buy,7860.76,BTC-31MAY19-7000-P,94.14,0.035,0.4,0,1557766311028,20267786,93
2019-05-13 17:01:55.163,0.4,buy,7886.09,BTC-31MAY19-7000-P,95.48,0.035,0.4,1,1557766915163,20271664,94
2019-05-13 17:06:00.919,0.4,buy,7882.48,BTC-31MAY19-7000-P,95.3,0.035,0.4,1,1557767160919,20272957,95
2019-05-13 17:06:00.935,0.4,buy,7882.48,BTC-31MAY19-7000-P,95.3,0.035,0.4,1,1557767160935,20272958,96
2019-05-13 17:06:00.958,0.4,buy,7882.48,BTC-31MAY19-7000-P,95.3,0.035,0.4,1,1557767160958,20272959,97
2019-05-13 17:06:00.975,0.4,buy,7882.48,BTC-31MAY19-7000-P,95.3,0.035,0.4,1,1557767160975,20272960,98
2019-05-13 17:06:00.992,0.4,buy,7882.48,BTC-31MAY19-7000-P,95.3,0.035,0.4,1,1557767160992,20272961,99
2019-05-13 17:06:01.006,0.4,buy,7882.48,BTC-31MAY19-7000-P,95.3,0.035,0.4,1,1557767161006,20272962,100
2019-05-13 17:06:01.021,0.4,buy,7882.48,BTC-31MAY19-7000-P,95.3,0.035,0.4,1,1557767161021,20272963,101
2019-05-13 17:06:01.037,0.4,buy,7882.48,BTC-31MAY19-7000-P,95.3,0.035,0.4,1,1557767161037,20272964,102
2019-05-13 17:06:01.056,0.4,buy,7882.48,BTC-31MAY19-7000-P,95.3,0.035,0.4,1,1557767161056,20272965,103
2019-05-13 17:06:01.071,0.4,buy,7882.48,BTC-31MAY19-7000-P,95.3,0.035,0.4,1,1557767161071,20272966,104
2019-05-13 17:06:01.084,0.4,buy,7882.48,BTC-31MAY19-7000-P,95.3,0.035,0.4,1,1557767161084,20272967,105
2019-05-13 17:06:01.149,0.4,buy,7882.81,BTC-31MAY19-7000-P,95.32,0.035,0.4,1,1557767161149,20272968,106
2019-05-13 17:16:05.518,0.4,buy,7917.0,BTC-31MAY19-7000-P,97.1,0.035,0.4,1,1557767765518,20275917,107
2019-05-13 17:17:34.752,0.4,buy,7910.94,BTC-31MAY19-7000-P,96.79,0.035,0.4,1,1557767854752,20276469,108
2019-05-13 17:17:34.816,0.4,buy,7910.94,BTC-31MAY19-7000-P,96.79,0.035,0.4,1,1557767854816,20276470,109
2019-05-13 17:21:15.777,33.2,buy,7896.66,BTC-31MAY19-7000-P,96.06,0.035,33.2,1,1557768075777,20277305,110
2019-05-13 23:08:19.049,0.3,sell,7839.02,BTC-31MAY19-7000-P,108.37,0.0455,0.3,0,1557788899049,20351105,111
2019-05-14 06:54:08.427,0.4,sell,8035.21,BTC-31MAY19-7000-P,97.92,0.0305,0.4,2,1557816848427,20437828,112
2019-05-14 07:00:58.203,5.0,sell,8080.63,BTC-31MAY19-7000-P,97.0,0.0285,5.0,2,1557817258203,20438714,113
2019-05-14 07:08:50.431,0.4,sell,8149.51,BTC-31MAY19-7000-P,97.84,0.027000000000000003,0.4,2,1557817730431,20441442,114
2019-05-14 07:08:50.431,4.4,sell,8149.51,BTC-31MAY19-7000-P,97.03,0.0265,4.4,2,1557817730431,20441443,115
2019-05-14 07:57:16.963,0.1,buy,8299.1,BTC-31MAY19-7000-P,103.06,0.026000000000000002,0.1,2,1557820636963,20458703,116
2019-05-14 10:51:00.877,2.6,buy,8051.02,BTC-31MAY19-7000-P,111.36,0.0385,2.6,0,1557831060877,20503998,117
2019-05-14 14:00:55.944,0.9,buy,8146.84,BTC-31MAY19-7000-P,103.42,0.03,0.9,2,1557842455944,20524631,118
2019-05-14 14:01:11.659,0.1,buy,8134.55,BTC-31MAY19-7000-P,102.83,0.03,0.1,3,1557842471659,20524695,119
2019-05-14 14:48:10.489,0.3,buy,8016.47,BTC-31MAY19-7000-P,108.61,0.0375,0.3,0,1557845290489,20534540,120
2019-05-14 15:21:42.118,0.4,sell,8082.07,BTC-31MAY19-7000-P,101.25,0.0305,0.4,2,1557847302118,20539441,121
2019-05-14 19:03:05.459,1.0,buy,7826.24,BTC-31MAY19-7000-P,95.33,0.035,1.0,0,1557860585459,20590391,122
2019-05-14 19:03:09.472,1.0,buy,7825.91,BTC-31MAY19-7000-P,96.76,0.036000000000000004,1.0,0,1557860589472,20590393,124
2019-05-14 19:03:09.472,1.0,buy,7825.91,BTC-31MAY19-7000-P,96.04,0.0355,1.0,0,1557860589472,20590392,123
2019-05-14 20:45:57.883,3.0,sell,7770.59,BTC-31MAY19-7000-P,96.06,0.0375,3.0,0,1557866757883,20609398,125
2019-05-14 20:46:07.143,3.0,sell,7771.43,BTC-31MAY19-7000-P,96.1,0.0375,3.0,1,1557866767143,20609428,126
2019-05-14 20:47:28.735,7.0,sell,7779.51,BTC-31MAY19-7000-P,96.56,0.0375,7.0,1,1557866848735,20609512,127
2019-05-15 09:48:33.973,10.0,buy,8042.72,BTC-31MAY19-7000-P,105.66,0.033,10.0,2,1557913713973,20689461,128
2019-05-15 10:03:56.172,0.1,sell,8148.52,BTC-31MAY19-7000-P,107.83,0.031,0.1,2,1557914636172,20693205,129
2019-05-15 10:06:39.667,0.3,sell,8169.91,BTC-31MAY19-7000-P,108.89,0.031,0.3,3,1557914799667,20694440,130
2019-05-15 11:23:14.230,2.0,buy,8013.56,BTC-31MAY19-7000-P,103.58,0.0325,2.0,0,1557919394230,20700886,131
2019-05-15 15:12:24.430,1.0,sell,7994.96,BTC-31MAY19-7000-P,103.92,0.033,1.0,0,1557933144430,20729027,132
2019-05-15 17:09:46.790,1.0,sell,8016.66,BTC-31MAY19-7000-P,95.65,0.027000000000000003,1.0,2,1557940186790,20742833,133
2019-05-15 17:09:52.869,20.0,sell,8018.31,BTC-31MAY19-7000-P,94.07,0.026000000000000002,20.0,2,1557940192869,20742834,134
2019-05-15 17:10:04.061,11.0,buy,8020.39,BTC-31MAY19-7000-P,94.18,0.026000000000000002,11.0,3,1557940204061,20742856,135
2019-05-15 18:54:36.390,0.5,sell,8207.31,BTC-31MAY19-7000-P,98.16,0.023,0.5,2,1557946476390,20755316,136
2019-05-16 01:02:38.333,2.0,sell,8369.09,BTC-31MAY19-7000-P,100.61,0.02,2.0,2,1557968558333,20820261,137
2019-05-16 05:00:16.412,0.4,buy,7975.63,BTC-31MAY19-7000-P,102.44,0.0315,0.4,0,1557982816412,20864004,138
2019-05-16 05:00:16.415,2.6,sell,7975.63,BTC-31MAY19-7000-P,102.44,0.0315,2.6,1,1557982816415,20864005,139
2019-05-16 08:26:18.081,0.5,sell,8042.11,BTC-31MAY19-7000-P,103.98,0.03,0.5,2,1557995178081,20888691,140
2019-05-16 13:47:37.673,5.0,sell,7826.58,BTC-31MAY19-7000-P,97.06,0.0325,5.0,1,1558014457673,20932190,142
2019-05-16 13:47:37.673,20.0,sell,7826.58,BTC-31MAY19-7000-P,97.06,0.0325,20.0,0,1558014457673,20932189,141
2019-05-16 14:56:00.356,3.0,buy,7945.82,BTC-31MAY19-7000-P,104.67,0.033,3.0,0,1558018560356,20941158,143
2019-05-16 19:41:17.205,20.0,sell,7821.91,BTC-31MAY19-7000-P,95.25,0.031,20.0,2,1558035677205,20969013,144
2019-05-16 19:41:17.205,5.0,sell,7821.91,BTC-31MAY19-7000-P,95.25,0.031,5.0,3,1558035677205,20969014,145
2019-05-16 19:41:45.112,5.0,buy,7817.32,BTC-31MAY19-7000-P,102.03,0.0355,5.0,1,1558035705112,20969151,147
2019-05-16 19:41:45.112,20.0,buy,7817.32,BTC-31MAY19-7000-P,102.03,0.0355,20.0,0,1558035705112,20969150,146
2019-05-17 00:13:35.914,3.5,sell,7932.15,BTC-31MAY19-7000-P,96.25,0.0275,3.5,2,1558052015914,21003238,148
2019-05-17 02:56:43.194,0.4,buy,7599.86,BTC-31MAY19-7000-P,96.42,0.04,0.4,0,1558061803194,21020593,149
2019-05-17 03:00:05.348,3.6,sell,7449.04,BTC-31MAY19-7000-P,96.1,0.047,3.6,0,1558062005348,21025212,150
2019-05-17 03:06:42.751,1.2,buy,7002.75,BTC-31MAY19-7000-P,80.4,0.063,1.2,0,1558062402751,21041418,151
2019-05-17 03:12:44.461,0.3,sell,7082.68,BTC-31MAY19-7000-P,82.76,0.059000000000000004,0.3,2,1558062764461,21056186,152
2019-05-17 03:22:34.572,0.2,sell,7282.79,BTC-31MAY19-7000-P,104.46,0.0625,0.2,0,1558063354572,21069807,153
2019-05-17 03:29:05.835,2.0,sell,7324.04,BTC-31MAY19-7000-P,88.33,0.048,2.0,2,1558063745835,21073339,154
2019-05-17 03:53:40.394,4.0,buy,7305.34,BTC-31MAY19-7000-P,105.03,0.0615,4.0,0,1558065220394,21086492,155
2019-05-17 05:54:26.546,3.1,sell,7193.62,BTC-31MAY19-7000-P,98.06,0.063,3.1,0,1558072466546,21115325,156
2019-05-17 05:54:26.561,2.9,sell,7193.62,BTC-31MAY19-7000-P,98.06,0.063,2.9,1,1558072466561,21115330,157
2019-05-17 06:02:21.702,1.0,sell,7147.96,BTC-31MAY19-7000-P,103.24,0.07,1.0,0,1558072941702,21117963,158
2019-05-17 07:24:14.348,1.0,buy,7284.91,BTC-31MAY19-7000-P,99.24,0.057999999999999996,1.0,2,1558077854348,21126922,159
2019-05-17 07:44:30.067,0.3,buy,7344.78,BTC-31MAY19-7000-P,95.91,0.052000000000000005,0.3,2,1558079070067,21128393,160
2019-05-17 14:58:59.475,1.0,buy,7152.0,BTC-31MAY19-7000-P,98.39,0.065,1.0,0,1558105139475,21185001,161
2019-05-17 15:07:17.662,1.0,sell,7164.5,BTC-31MAY19-7000-P,97.54,0.0635,1.0,2,1558105637662,21185789,162
2019-05-17 17:12:33.202,2.6,buy,7056.91,BTC-31MAY19-7000-P,96.52,0.07,2.6,0,1558113153202,21203611,163
2019-05-17 17:12:37.230,0.6,buy,7054.58,BTC-31MAY19-7000-P,96.29,0.07,0.6,1,1558113157230,21203620,164
2019-05-17 19:40:16.736,1.0,sell,7067.01,BTC-31MAY19-7000-P,95.87,0.0685,1.0,2,1558122016736,21224129,165
2019-05-17 20:29:14.026,2.1,buy,7073.86,BTC-31MAY19-7000-P,95.99,0.068,2.1,2,1558124954026,21229168,166
2019-05-17 20:35:45.677,0.9,buy,7076.43,BTC-31MAY19-7000-P,96.25,0.068,0.9,3,1558125345677,21229732,167
2019-05-17 22:13:03.094,2.4,buy,7302.31,BTC-31MAY19-7000-P,102.24,0.0575,2.4,2,1558131183094,21238965,168
2019-05-18 01:45:28.989,0.1,buy,7254.23,BTC-31MAY19-7000-P,101.55,0.0595,0.1,0,1558143928989,21258948,169
2019-05-18 05:03:21.885,0.5,sell,7415.96,BTC-31MAY19-7000-P,107.52,0.054000000000000006,0.5,2,1558155801885,21270301,170
2019-05-18 05:04:26.261,1.0,sell,7415.17,BTC-31MAY19-7000-P,107.46,0.054000000000000006,1.0,3,1558155866261,21270342,171
2019-05-18 05:05:56.246,0.2,sell,7419.57,BTC-31MAY19-7000-P,107.81,0.054000000000000006,0.2,3,1558155956246,21270381,172
2019-05-18 05:17:45.974,0.3,sell,7432.73,BTC-31MAY19-7000-P,108.86,0.054000000000000006,0.3,3,1558156665974,21271166,173
2019-05-18 05:21:15.306,0.3,sell,7447.3,BTC-31MAY19-7000-P,108.55,0.053,0.3,2,1558156875306,21271925,174
2019-05-18 05:26:27.373,1.7,sell,7464.69,BTC-31MAY19-7000-P,109.89,0.053,1.7,3,1558157187373,21272383,175
2019-05-18 05:30:12.456,0.5,sell,7464.39,BTC-31MAY19-7000-P,108.44,0.052000000000000005,0.5,2,1558157412456,21272672,176
2019-05-18 05:35:14.383,1.5,sell,7461.6,BTC-31MAY19-7000-P,108.24,0.052000000000000005,1.5,3,1558157714383,21273236,177
2019-05-18 06:45:30.274,0.2,sell,7425.82,BTC-31MAY19-7000-P,107.14,0.053,0.2,0,1558161930274,21276912,178
2019-05-18 07:35:27.957,2.0,sell,7337.95,BTC-31MAY19-7000-P,101.07,0.0535,2.0,0,1558164927957,21280344,179
2019-05-18 11:25:58.120,0.8,sell,7363.24,BTC-31MAY19-7000-P,103.02,0.053,0.8,2,1558178758120,21295809,180
2019-05-18 15:25:18.107,1.9,sell,7403.13,BTC-31MAY19-7000-P,103.98,0.051,1.9,2,1558193118107,21304267,181
2019-05-18 15:40:19.767,0.1,sell,7388.56,BTC-31MAY19-7000-P,102.88,0.051,0.1,3,1558194019767,21304554,182
2019-05-18 21:36:33.291,0.1,sell,7316.36,BTC-31MAY19-7000-P,103.78,0.055,0.1,0,1558215393291,21318879,183
2019-05-18 23:46:23.011,1.0,buy,7268.55,BTC-31MAY19-7000-P,101.52,0.055999999999999994,1.0,0,1558223183011,21324665,184
2019-05-18 23:53:16.180,2.0,sell,7282.56,BTC-31MAY19-7000-P,102.03,0.0555,2.0,2,1558223596180,21324865,185
2019-05-19 00:03:13.797,3.0,sell,7281.13,BTC-31MAY19-7000-P,101.94,0.0555,3.0,3,1558224193797,21325274,186
2019-05-19 02:05:46.991,2.0,sell,7686.87,BTC-31MAY19-7000-P,101.79,0.035,2.0,2,1558231546991,21342636,187
2019-05-19 02:06:32.634,2.0,sell,7737.37,BTC-31MAY19-7000-P,105.1,0.035,2.0,3,1558231592634,21343877,188
2019-05-19 02:06:37.778,1.0,sell,7744.74,BTC-31MAY19-7000-P,105.58,0.035,1.0,3,1558231597778,21344017,189
2019-05-19 06:25:05.473,3.0,buy,7953.2,BTC-31MAY19-7000-P,113.35,0.0315,3.0,2,1558247105473,21379038,190
2019-05-19 08:30:36.594,2.0,sell,7975.84,BTC-31MAY19-7000-P,104.06,0.0255,2.0,2,1558254636594,21386011,191
2019-05-19 10:06:41.993,1.0,buy,8051.11,BTC-31MAY19-7000-P,101.75,0.022000000000000002,1.0,2,1558260401993,21393475,192
2019-05-19 10:08:31.608,3.2,buy,8070.64,BTC-31MAY19-7000-P,109.71,0.0255,3.2,0,1558260511608,21393642,193
2019-05-19 16:17:19.323,0.1,buy,7932.52,BTC-31MAY19-7000-P,106.72,0.0275,0.1,0,1558282639323,21434574,194
2019-05-19 18:19:19.606,0.1,sell,7978.84,BTC-31MAY19-7000-P,87.92,0.0165,0.1,2,1558289959606,21442981,195
2019-05-19 19:28:51.359,0.1,sell,8030.2,BTC-31MAY19-7000-P,89.71,0.016,0.1,2,1558294131359,21444838,196
2019-05-19 19:31:07.719,0.3,buy,8031.21,BTC-31MAY19-7000-P,90.86,0.0165,0.3,0,1558294267719,21446751,197
2019-05-19 20:05:26.128,16.0,buy,7957.79,BTC-31MAY19-7000-P,98.35,0.022000000000000002,16.0,0,1558296326128,21451482,198
2019-05-19 22:39:56.989,1.8,sell,8208.63,BTC-31MAY19-7000-P,102.77,0.0175,1.8,2,1558305596989,21463372,199
2019-05-20 12:53:54.780,1.0,buy,7732.95,BTC-31MAY19-7000-P,95.42,0.026000000000000002,1.0,0,1558356834780,21573611,200
2019-05-20 14:31:40.270,2.7,sell,7731.79,BTC-31MAY19-7000-P,98.42,0.0275,2.7,0,1558362700270,21593251,201
2019-05-20 14:57:30.864,3.0,sell,7793.86,BTC-31MAY19-7000-P,96.88,0.0245,3.0,2,1558364250864,21595148,202
2019-05-20 15:32:55.652,0.5,buy,7766.51,BTC-31MAY19-7000-P,100.89,0.0275,0.5,0,1558366375652,21597715,203
2019-05-20 18:49:15.956,1.8,buy,7696.98,BTC-31MAY19-7000-P,96.92,0.0275,1.8,1,1558378155956,21610629,204
2019-05-20 21:02:17.831,1.0,sell,8061.1,BTC-31MAY19-7000-P,103.75,0.0195,1.0,2,1558386137831,21626249,205
2019-05-20 22:47:37.962,1.0,buy,7957.86,BTC-31MAY19-7000-P,97.14,0.019,1.0,2,1558392457962,21644113,206
2019-05-21 12:51:43.613,1.0,sell,7919.63,BTC-31MAY19-7000-P,95.5,0.018000000000000002,1.0,2,1558443103613,21692391,207
2019-05-21 16:34:32.769,1.0,buy,7929.71,BTC-31MAY19-7000-P,92.29,0.016,1.0,2,1558456472769,21707836,208
2019-05-21 18:49:20.540,0.2,sell,8053.18,BTC-31MAY19-7000-P,92.33,0.013000000000000001,0.2,2,1558464560540,21717077,209
2019-05-22 07:42:36.055,1.0,buy,7903.79,BTC-31MAY19-7000-P,91.5,0.015,1.0,0,1558510956055,21751389,210
2019-05-22 08:37:50.620,0.1,sell,7938.58,BTC-31MAY19-7000-P,88.74,0.013,0.1,2,1558514270620,21752748,211
2019-05-22 11:02:42.865,0.2,buy,7864.56,BTC-31MAY19-7000-P,87.4,0.014,0.2,0,1558522962865,21759309,212
2019-05-22 11:12:44.692,0.1,buy,7815.09,BTC-31MAY19-7000-P,86.83,0.015,0.1,0,1558523564692,21761499,213
2019-05-22 12:51:31.648,24.0,buy,7814.33,BTC-31MAY19-7000-P,87.12,0.015,24.0,1,1558529491648,21771362,214
2019-05-22 12:59:07.075,10.0,buy,7791.93,BTC-31MAY19-7000-P,85.74,0.015,10.0,1,1558529947075,21771926,215
2019-05-22 13:00:53.829,10.0,buy,7782.64,BTC-31MAY19-7000-P,85.17,0.015,10.0,1,1558530053829,21772105,216
2019-05-22 13:38:21.482,6.0,buy,7835.87,BTC-31MAY19-7000-P,88.61,0.015,6.0,1,1558532301482,21773537,217
2019-05-22 13:42:48.623,0.5,sell,7861.64,BTC-31MAY19-7000-P,90.22,0.015,0.5,1,1558532568623,21774096,218
2019-05-22 13:44:06.606,0.1,sell,7862.18,BTC-31MAY19-7000-P,90.26,0.015,0.1,1,1558532646606,21774234,219
2019-05-22 17:31:07.078,0.1,sell,7900.7,BTC-31MAY19-7000-P,84.43,0.0115,0.1,2,1558546267078,21791048,220
2019-05-22 20:22:33.939,0.5,buy,7752.07,BTC-31MAY19-7000-P,87.08,0.016,0.5,0,1558556553939,21806485,221
2019-05-22 20:23:01.792,2.0,buy,7707.79,BTC-31MAY19-7000-P,87.56,0.0175,2.0,0,1558556581792,21807620,222
2019-05-22 20:23:01.792,0.1,buy,7707.79,BTC-31MAY19-7000-P,87.56,0.0175,0.1,1,1558556581792,21807621,223
2019-05-22 21:08:06.263,0.1,sell,7794.52,BTC-31MAY19-7000-P,85.18,0.013999999999999999,0.1,2,1558559286263,21819889,224
2019-05-22 21:53:46.513,10.0,buy,7681.57,BTC-31MAY19-7000-P,87.21,0.018000000000000002,10.0,0,1558562026513,21826581,225
2019-05-22 21:53:57.280,2.0,buy,7672.16,BTC-31MAY19-7000-P,86.56,0.018000000000000002,2.0,1,1558562037280,21826644,226
2019-05-22 21:54:21.251,10.0,buy,7676.98,BTC-31MAY19-7000-P,86.89,0.018000000000000002,10.0,1,1558562061251,21826698,227
2019-05-22 21:54:40.558,3.0,buy,7673.15,BTC-31MAY19-7000-P,86.63,0.018000000000000002,3.0,1,1558562080558,21826786,228
2019-05-22 21:56:55.825,10.0,buy,7645.71,BTC-31MAY19-7000-P,86.9,0.019,10.0,0,1558562215825,21827620,229
2019-05-22 21:57:00.325,15.0,buy,7642.97,BTC-31MAY19-7000-P,86.71,0.019,15.0,1,1558562220325,21827691,230
2019-05-22 23:36:28.839,10.0,sell,7687.47,BTC-31MAY19-7000-P,84.61,0.0165,10.0,2,1558568188839,21847342,231
2019-05-23 00:30:56.853,25.0,buy,7539.69,BTC-31MAY19-7000-P,84.91,0.0215,25.0,0,1558571456853,21855499,232
2019-05-23 01:53:07.272,0.5,buy,7603.94,BTC-31MAY19-7000-P,86.89,0.02,0.5,2,1558576387272,21860661,233
2019-05-23 01:54:00.069,4.0,buy,7594.14,BTC-31MAY19-7000-P,92.45,0.023,4.0,0,1558576440069,21860803,234
2019-05-23 05:08:19.502,0.1,sell,7662.74,BTC-31MAY19-7000-P,85.23,0.017,0.1,2,1558588099502,21867435,235
2019-05-23 05:35:57.608,2.0,buy,7593.55,BTC-31MAY19-7000-P,86.94,0.02,2.0,0,1558589757608,21869255,236
2019-05-23 14:04:36.991,1.0,sell,7702.0,BTC-31MAY19-7000-P,90.05,0.017,1.0,2,1558620276991,21902614,237
2019-05-23 14:14:22.231,1.1,sell,7739.95,BTC-31MAY19-7000-P,87.89,0.015,1.1,2,1558620862231,21903806,238
2019-05-23 16:39:19.391,1.0,buy,7815.59,BTC-31MAY19-7000-P,87.02,0.0125,1.0,2,1558629559391,21918820,239
2019-05-23 17:07:08.908,0.5,buy,7855.9,BTC-31MAY19-7000-P,86.94,0.0115,0.5,2,1558631228908,21920492,240
2019-05-23 17:14:27.448,0.5,buy,7804.03,BTC-31MAY19-7000-P,86.41,0.0125,0.5,0,1558631667448,21921288,241
2019-05-23 19:36:39.566,18.2,sell,7749.21,BTC-31MAY19-7000-P,82.06,0.012,18.2,3,1558640199566,21928405,244
2019-05-23 19:36:39.566,16.0,sell,7749.21,BTC-31MAY19-7000-P,82.06,0.012,16.0,2,1558640199566,21928403,242
2019-05-23 19:36:39.566,4.8,sell,7749.21,BTC-31MAY19-7000-P,82.06,0.012,4.8,3,1558640199566,21928404,243
2019-05-23 19:36:53.774,10.0,buy,7749.4,BTC-31MAY19-7000-P,88.58,0.0145,10.0,0,1558640213774,21928407,245
2019-05-23 20:44:35.529,10.0,sell,7814.85,BTC-31MAY19-7000-P,86.59,0.012,10.0,2,1558644275529,21932433,246
2019-05-23 20:44:35.642,10.0,buy,7814.85,BTC-31MAY19-7000-P,86.59,0.012,10.0,3,1558644275642,21932434,247
2019-05-23 20:44:50.251,10.0,sell,7808.74,BTC-31MAY19-7000-P,86.2,0.012,10.0,3,1558644290251,21932459,248
2019-05-24 01:40:39.029,3.0,buy,7915.4,BTC-31MAY19-7000-P,92.82,0.0115,3.0,2,1558662039029,21956933,249
2019-05-24 08:04:30.818,0.1,sell,7901.24,BTC-31MAY19-7000-P,89.09,0.01,0.1,2,1558685070818,21969397,250
2019-05-24 08:18:54.394,0.2,sell,7937.24,BTC-31MAY19-7000-P,89.8,0.0095,0.2,2,1558685934394,21970535,251
2019-05-24 08:21:25.636,1.0,sell,7997.66,BTC-31MAY19-7000-P,91.82,0.009000000000000001,1.0,2,1558686085636,21971925,252
2019-05-24 08:21:59.885,19.0,buy,7978.43,BTC-31MAY19-7000-P,90.67,0.009000000000000001,19.0,3,1558686119885,21972084,253
2019-05-24 08:22:16.697,1.0,sell,7974.75,BTC-31MAY19-7000-P,90.45,0.009000000000000001,1.0,3,1558686136697,21972115,254
2019-05-24 08:47:41.545,10.0,sell,7985.99,BTC-31MAY19-7000-P,86.04,0.0075,10.0,2,1558687661545,21975374,255
2019-05-24 10:43:02.216,0.1,sell,7979.77,BTC-31MAY19-7000-P,87.96,0.008,0.1,0,1558694582216,21980295,256
2019-05-24 11:08:31.763,9.9,sell,8010.95,BTC-31MAY19-7000-P,88.1,0.0075,9.9,2,1558696111763,21981670,257
2019-05-24 12:12:41.761,0.5,sell,8017.83,BTC-31MAY19-7000-P,85.02,0.0065,0.5,2,1558699961761,21986411,258
2019-05-24 13:52:00.791,15.0,sell,8005.94,BTC-31MAY19-7000-P,84.77,0.0065,15.0,3,1558705920791,21990110,259
2019-05-24 15:14:56.177,9.5,sell,8129.75,BTC-31MAY19-7000-P,92.11,0.0065,9.5,3,1558710896177,21996267,260
2019-05-24 15:16:40.955,0.1,buy,8145.74,BTC-31MAY19-7000-P,93.01,0.0065,0.1,3,1558711000955,21996775,261
2019-05-24 16:08:51.950,1.0,sell,8152.14,BTC-31MAY19-7000-P,91.51,0.006,1.0,2,1558714131950,22001267,262
2019-05-24 19:12:33.898,0.2,buy,8017.4,BTC-31MAY19-7000-P,88.83,0.006999999999999999,0.2,0,1558725153898,22013311,263
2019-05-24 19:15:12.062,0.5,buy,8030.23,BTC-31MAY19-7000-P,89.59,0.006999999999999999,0.5,1,1558725312062,22013552,264
2019-05-24 19:15:12.121,0.3,buy,8030.23,BTC-31MAY19-7000-P,89.59,0.006999999999999999,0.3,1,1558725312121,22013554,265
2019-05-24 19:24:50.564,0.1,sell,8049.13,BTC-31MAY19-7000-P,90.74,0.006999999999999999,0.1,1,1558725890564,22014140,266
2019-05-24 21:27:30.397,0.5,buy,8115.38,BTC-31MAY19-7000-P,97.17,0.0075,0.5,0,1558733250397,22020044,267
2019-05-24 21:27:30.397,9.5,buy,8115.38,BTC-31MAY19-7000-P,97.17,0.0075,9.5,1,1558733250397,22020045,268
2019-05-25 01:12:21.677,0.3,sell,8037.36,BTC-31MAY19-7000-P,93.72,0.0075,0.3,1,1558746741677,22032623,269
2019-05-25 02:01:25.142,0.1,sell,8049.25,BTC-31MAY19-7000-P,92.72,0.006999999999999999,0.1,2,1558749685142,22034112,270
2019-05-25 04:46:37.010,0.2,sell,8020.9,BTC-31MAY19-7000-P,91.88,0.006999999999999999,0.2,3,1558759597010,22036856,271
2019-05-25 06:12:43.949,1.2,buy,7991.55,BTC-31MAY19-7000-P,94.4,0.008,1.2,0,1558764763949,22039116,272
2019-05-25 06:13:24.053,0.1,buy,7995.5,BTC-31MAY19-7000-P,94.64,0.008,0.1,1,1558764804053,22039212,273
2019-05-25 09:04:03.232,0.3,sell,8038.81,BTC-31MAY19-7000-P,92.27,0.0065,0.3,2,1558775043232,22044420,274
2019-05-25 23:18:15.278,29.6,buy,8073.72,BTC-31MAY19-7000-P,94.81,0.0055,29.6,2,1558826295278,22076704,275
2019-05-25 23:18:15.278,4.4,buy,8073.72,BTC-31MAY19-7000-P,94.81,0.0055,4.4,3,1558826295278,22076705,276
2019-05-26 00:47:59.950,0.5,sell,8076.49,BTC-31MAY19-7000-P,93.06,0.005,0.5,2,1558831679950,22078916,277
2019-05-26 02:28:17.086,0.5,sell,8056.89,BTC-31MAY19-7000-P,89.91,0.0045,0.5,2,1558837697086,22080777,278
2019-05-26 02:42:07.721,0.5,buy,8046.33,BTC-31MAY19-7000-P,91.93,0.005,0.5,0,1558838527721,22081309,279
2019-05-26 03:56:52.493,0.5,buy,8014.28,BTC-31MAY19-7000-P,95.19,0.006,0.5,0,1558843012493,22083358,280
2019-05-26 07:41:25.086,6.0,sell,8017.44,BTC-31MAY19-7000-P,89.41,0.0045,6.0,2,1558856485086,22091493,281
2019-05-26 12:16:02.148,0.4,sell,7951.81,BTC-31MAY19-7000-P,87.0,0.0045,0.4,3,1558872962148,22101744,282
2019-05-26 12:24:54.448,4.6000000000000005,sell,7955.89,BTC-31MAY19-7000-P,87.31,0.0045,4.6000000000000005,3,1558873494448,22102009,283
2019-05-26 12:52:23.777,1.0,sell,7957.34,BTC-31MAY19-7000-P,84.87,0.004,1.0,2,1558875143777,22102527,284
2019-05-26 13:05:49.097,2.0,buy,7946.09,BTC-31MAY19-7000-P,91.97,0.0055,2.0,0,1558875949097,22102747,285
2019-05-26 13:49:12.572,9.0,sell,7982.77,BTC-31MAY19-7000-P,86.82,0.004,9.0,2,1558878552572,22104552,286
2019-05-26 17:27:30.654,3.7,buy,8014.9,BTC-31MAY19-7000-P,93.11,0.0045,3.7,0,1558891650654,22110755,287
2019-05-26 17:27:30.654,0.5,buy,8014.9,BTC-31MAY19-7000-P,98.39,0.0055,0.5,0,1558891650654,22110756,288
2019-05-26 17:27:30.654,0.8,buy,8014.9,BTC-31MAY19-7000-P,98.39,0.0055,0.8,1,1558891650654,22110757,289
2019-05-26 18:30:39.141,1.0,buy,8011.23,BTC-31MAY19-7000-P,96.03,0.005,1.0,2,1558895439141,22111598,290
2019-05-26 18:48:12.980,1.0,buy,8009.79,BTC-31MAY19-7000-P,98.66,0.0055,1.0,0,1558896492980,22111972,291
2019-05-26 19:52:46.190,0.1,sell,8474.46,BTC-31MAY19-7000-P,90.41,0.001,0.1,2,1558900366190,22155504,292
2019-05-26 20:05:23.278,0.4,sell,8682.97,BTC-31MAY19-7000-P,90.14,0.0005,0.4,2,1558901123278,22169104,293
2019-05-26 20:50:06.599,3.6,sell,8665.15,BTC-31MAY19-7000-P,89.7,0.0005,3.6,3,1558903806599,22194946,294
2019-05-26 20:50:06.599,30.4,sell,8665.15,BTC-31MAY19-7000-P,89.7,0.0005,30.4,3,1558903806599,22194947,295
2019-05-26 21:21:37.699,0.1,buy,8600.03,BTC-31MAY19-7000-P,114.82,0.0025,0.1,0,1558905697699,22204125,296
2019-05-26 21:46:55.057,10.0,sell,8617.1,BTC-31MAY19-7000-P,105.07,0.0015,10.0,2,1558907215057,22208712,297
2019-05-26 22:59:45.334,0.1,sell,8675.44,BTC-31MAY19-7000-P,101.23,0.001,0.1,2,1558911585334,22225499,298
2019-05-27 00:17:32.714,1.0,buy,8836.85,BTC-31MAY19-7000-P,128.89,0.0025,1.0,0,1558916252714,22240237,299
2019-05-27 00:59:51.943,2.5,sell,8901.27,BTC-31MAY19-7000-P,112.6,0.001,2.5,2,1558918791943,22253555,300
2019-05-27 03:32:54.470,0.5,buy,8767.5,BTC-31MAY19-7000-P,127.3,0.0025,0.5,0,1558927974470,22271377,301
2019-05-27 05:09:13.142,0.1,sell,8723.7,BTC-31MAY19-7000-P,106.63,0.001,0.1,2,1558933753142,22275868,302
2019-05-27 05:15:30.731,0.1,buy,8737.61,BTC-31MAY19-7000-P,107.35,0.001,0.1,3,1558934130731,22276042,303
2019-05-27 05:58:19.950,0.1,buy,8736.76,BTC-31MAY19-7000-P,107.7,0.001,0.1,3,1558936699950,22276986,304
2019-05-27 08:36:20.310,0.7000000000000001,buy,8757.6,BTC-31MAY19-7000-P,110.18,0.001,0.7000000000000001,3,1558946180310,22281781,305
2019-05-27 08:36:20.310,9.3,buy,8757.6,BTC-31MAY19-7000-P,110.18,0.001,9.3,3,1558946180310,22281782,306
2019-05-27 08:36:49.272,0.7000000000000001,buy,8753.44,BTC-31MAY19-7000-P,109.99,0.001,0.7000000000000001,3,1558946209272,22281788,307
2019-05-27 12:06:03.285,1.0,buy,8802.1,BTC-31MAY19-7000-P,129.24,0.002,1.0,0,1558958763285,22293380,308
2019-05-27 12:17:17.445,0.5,sell,8811.99,BTC-31MAY19-7000-P,103.6,0.0005,0.5,2,1558959437445,22295739,309
2019-05-27 16:47:45.029,10.0,buy,8712.19,BTC-31MAY19-7000-P,121.08,0.0015,10.0,0,1558975665029,22331441,310
2019-05-27 16:47:45.029,4.0,buy,8712.19,BTC-31MAY19-7000-P,121.08,0.0015,4.0,1,1558975665029,22331442,311
2019-05-27 18:53:28.973,1.0,sell,8785.01,BTC-31MAY19-7000-P,118.03,0.001,1.0,2,1558983208973,22347277,312
2019-05-27 19:42:19.068,1.0,buy,8805.34,BTC-31MAY19-7000-P,128.16,0.0015,1.0,0,1558986139068,22352558,313
2019-05-28 06:58:25.389,0.2,sell,8714.49,BTC-31MAY19-7000-P,123.55,0.001,0.2,2,1559026705389,22384397,314
2019-05-28 07:07:34.199,0.1,buy,8687.87,BTC-31MAY19-7000-P,122.21,0.001,0.1,3,1559027254199,22387025,315
2019-05-28 10:53:05.183,1.0,sell,8721.45,BTC-31MAY19-7000-P,127.39,0.001,1.0,3,1559040785183,22397882,316
2019-05-28 15:38:28.751,0.1,buy,8696.83,BTC-31MAY19-7000-P,130.56,0.001,0.1,3,1559057908751,22421533,317
2019-05-28 15:38:28.751,10.0,buy,8696.83,BTC-31MAY19-7000-P,130.56,0.001,10.0,3,1559057908751,22421534,318
2019-05-28 15:38:28.751,5.1000000000000005,buy,8696.83,BTC-31MAY19-7000-P,130.56,0.001,5.1000000000000005,3,1559057908751,22421535,319
2019-05-28 16:21:21.509,0.4,sell,8676.34,BTC-31MAY19-7000-P,117.0,0.0005,0.4,2,1559060481509,22425029,320
2019-05-28 16:21:21.509,5.6000000000000005,sell,8676.34,BTC-31MAY19-7000-P,117.0,0.0005,5.6000000000000005,3,1559060481509,22425030,321
2019-05-28 16:35:44.416,0.3,sell,8646.4,BTC-31MAY19-7000-P,115.58,0.0005,0.3,3,1559061344416,22426775,322
2019-05-28 19:02:44.400,0.1,sell,8753.23,BTC-31MAY19-7000-P,123.85,0.0005,0.1,3,1559070164400,22437890,323
2019-05-28 19:19:00.562,1.2,sell,8770.41,BTC-31MAY19-7000-P,125.08,0.0005,1.2,3,1559071140562,22438387,324
2019-05-28 22:59:52.577,0.2,sell,8703.84,BTC-31MAY19-7000-P,125.23,0.0005,0.2,3,1559084392577,22450619,325
2019-05-29 01:39:52.048,0.2,sell,8685.79,BTC-31MAY19-7000-P,141.39,0.001,0.2,0,1559093992048,22456458,326
2019-05-29 07:09:12.586,2.6,sell,8532.46,BTC-31MAY19-7000-P,124.44,0.0005,2.6,2,1559113752586,22485446,327
2019-05-29 10:33:08.992,45.6,sell,8662.06,BTC-31MAY19-7000-P,137.53,0.0005,45.6,3,1559125988992,22500698,328
2019-05-29 13:22:23.404,1.0,sell,8689.0,BTC-31MAY19-7000-P,143.81,0.0005,1.0,3,1559136143404,22509241,329
2019-05-30 01:10:42.279,0.2,buy,8715.28,BTC-31MAY19-7000-P,190.26,0.001,0.2,0,1559178642279,22552742,330
