date_utc,amount,direction,indexPrice,instrument,iv,price,quantity,tickDirection,timeStamp,tradeId,tradeSeq
2019-03-22 22:01:54.309,1.0,sell,136.04,ETH-28JUN19-190-P,0.0,0.001,1.0,1,1553292114309,105271,1
2019-03-23 20:22:04.995,1.0,buy,135.8,ETH-28JUN19-190-P,301.87,0.888,1.0,0,1553372524995,115842,2
2019-04-03 02:52:53.273,18.0,sell,176.87,ETH-28JUN19-190-P,78.27,0.183,18.0,2,1554259973273,348622,3
2019-04-03 12:31:27.329,10.0,sell,168.79,ETH-28JUN19-190-P,78.54,0.206,10.0,0,1554294687329,373237,4
2019-04-03 19:16:43.775,50.0,sell,174.97,ETH-28JUN19-190-P,71.64,0.168,50.0,2,1554319003775,394991,5
2019-04-03 19:27:11.561,50.0,sell,174.52,ETH-28JUN19-190-P,70.47,0.16699999999999998,50.0,2,1554319631561,395401,6
2019-04-03 19:56:28.963,50.0,sell,173.99,ETH-28JUN19-190-P,69.62,0.16699999999999998,50.0,3,1554321388963,396893,7
2019-04-05 10:00:21.691,10.0,sell,163.4,ETH-28JUN19-190-P,68.5,0.214,10.0,0,1554458421691,473802,8
2019-04-05 10:00:23.227,10.0,sell,163.4,ETH-28JUN19-190-P,68.5,0.214,10.0,1,1554458423227,473803,9
2019-04-05 10:18:44.899,20.0,sell,164.09,ETH-28JUN19-190-P,74.34,0.221,20.0,0,1554459524899,474105,10
2019-04-05 10:21:20.731,20.0,sell,164.02,ETH-28JUN19-190-P,73.31,0.21899999999999997,20.0,2,1554459680731,474142,11
2019-04-05 10:24:40.760,20.0,sell,164.02,ETH-28JUN19-190-P,72.8,0.218,20.0,2,1554459880760,474248,12
2019-04-05 10:24:52.012,20.0,sell,164.02,ETH-28JUN19-190-P,72.98,0.218,20.0,3,1554459892012,474256,13
2019-04-05 10:24:59.195,20.0,sell,164.02,ETH-28JUN19-190-P,73.02,0.218,20.0,3,1554459899195,474260,14
2019-04-05 12:42:19.450,18.0,sell,166.1,ETH-28JUN19-190-P,71.76,0.209,18.0,2,1554468139450,477278,15
2019-04-05 12:43:05.675,5.0,sell,166.05,ETH-28JUN19-190-P,71.44,0.208,5.0,2,1554468185675,477408,16
2019-04-05 12:43:06.815,5.0,sell,166.05,ETH-28JUN19-190-P,71.44,0.208,5.0,3,1554468186815,477410,17
2019-04-05 12:46:50.590,5.0,sell,165.72,ETH-28JUN19-190-P,70.1,0.208,5.0,3,1554468410590,477544,18
2019-04-05 12:46:51.425,5.0,sell,165.7,ETH-28JUN19-190-P,70.03,0.208,5.0,3,1554468411425,477545,19
2019-04-05 12:46:52.431,5.0,sell,165.68,ETH-28JUN19-190-P,70.03,0.208,5.0,3,1554468412431,477547,20
2019-04-05 12:47:18.571,1.0,sell,165.71,ETH-28JUN19-190-P,70.13,0.208,1.0,3,1554468438571,477568,21
2019-04-05 12:47:20.261,1.0,sell,165.68,ETH-28JUN19-190-P,70.25,0.208,1.0,3,1554468440261,477569,22
2019-04-05 12:47:21.377,1.0,sell,165.66,ETH-28JUN19-190-P,70.05,0.208,1.0,3,1554468441377,477570,23
2019-04-05 12:47:22.363,1.0,sell,165.66,ETH-28JUN19-190-P,70.05,0.208,1.0,3,1554468442363,477571,24
2019-04-05 12:47:24.027,1.0,sell,165.65,ETH-28JUN19-190-P,70.13,0.208,1.0,3,1554468444027,477572,25
2019-04-05 12:47:25.123,1.0,sell,165.64,ETH-28JUN19-190-P,70.1,0.208,1.0,3,1554468445123,477573,26
2019-04-05 12:47:26.221,1.0,sell,165.65,ETH-28JUN19-190-P,70.13,0.208,1.0,3,1554468446221,477574,27
2019-04-05 12:47:27.169,1.0,sell,165.66,ETH-28JUN19-190-P,70.2,0.208,1.0,3,1554468447169,477575,28
2019-04-05 12:47:28.167,1.0,sell,165.66,ETH-28JUN19-190-P,70.2,0.208,1.0,3,1554468448167,477576,29
2019-04-05 12:47:29.618,1.0,sell,165.66,ETH-28JUN19-190-P,70.2,0.208,1.0,3,1554468449618,477577,30
2019-04-05 12:47:30.580,1.0,sell,165.67,ETH-28JUN19-190-P,70.27,0.208,1.0,3,1554468450580,477578,31
2019-04-05 14:33:05.069,10.0,sell,164.75,ETH-28JUN19-190-P,70.68,0.214,10.0,0,1554474785069,481251,32
2019-04-06 20:21:14.775,11.0,sell,171.73,ETH-28JUN19-190-P,75.75,0.192,11.0,2,1554582074775,516074,33
2019-04-06 20:21:35.279,11.0,sell,171.8,ETH-28JUN19-190-P,74.99,0.19,11.0,2,1554582095279,516114,34
2019-04-06 20:21:49.603,11.0,sell,171.76,ETH-28JUN19-190-P,75.03,0.19,11.0,3,1554582109603,516129,35
2019-04-06 20:21:59.267,11.0,sell,171.72,ETH-28JUN19-190-P,74.56,0.189,11.0,2,1554582119267,516138,36
2019-04-06 20:22:09.604,11.0,sell,171.72,ETH-28JUN19-190-P,74.02,0.188,11.0,2,1554582129604,516139,37
2019-04-06 20:22:19.674,11.0,sell,171.66,ETH-28JUN19-190-P,73.89,0.188,11.0,3,1554582139674,516149,38
2019-04-06 20:25:10.753,11.0,sell,171.67,ETH-28JUN19-190-P,72.03,0.184,11.0,2,1554582310753,516291,39
2019-04-06 20:25:19.523,11.0,sell,171.6,ETH-28JUN19-190-P,71.88,0.184,11.0,3,1554582319523,516313,40
2019-04-06 20:25:36.165,11.0,sell,171.58,ETH-28JUN19-190-P,70.85,0.182,11.0,2,1554582336165,516324,41
2019-04-06 20:25:47.317,11.0,sell,171.59,ETH-28JUN19-190-P,70.89,0.182,11.0,3,1554582347317,516327,42
2019-04-06 20:28:57.323,11.0,sell,171.86,ETH-28JUN19-190-P,70.49,0.18,11.0,2,1554582537323,516542,43
2019-04-06 20:31:29.207,11.0,sell,171.76,ETH-28JUN19-190-P,70.17,0.18,11.0,3,1554582689207,516685,44
2019-04-07 13:07:54.093,4.0,sell,167.88,ETH-28JUN19-190-P,71.16,0.196,4.0,0,1554642474093,545129,45
2019-04-07 13:07:58.758,4.0,sell,167.89,ETH-28JUN19-190-P,71.19,0.196,4.0,1,1554642478758,545130,46
2019-04-07 13:08:06.508,1.0,sell,167.88,ETH-28JUN19-190-P,71.14,0.196,1.0,1,1554642486508,545131,47
2019-04-07 13:08:11.239,1.0,sell,167.89,ETH-28JUN19-190-P,71.16,0.196,1.0,1,1554642491239,545132,48
2019-04-07 13:08:13.370,1.0,sell,167.89,ETH-28JUN19-190-P,0.0,0.006999999999999999,1.0,2,1554642493370,545133,49
2019-04-07 13:08:15.059,1.0,sell,167.88,ETH-28JUN19-190-P,0.0,0.006999999999999999,1.0,3,1554642495059,545134,50
2019-04-07 13:08:16.284,1.0,sell,167.88,ETH-28JUN19-190-P,0.0,0.006999999999999999,1.0,3,1554642496284,545135,51
2019-04-07 13:08:17.227,1.0,sell,167.88,ETH-28JUN19-190-P,71.14,0.196,1.0,0,1554642497227,545136,52
2019-04-07 13:08:18.133,1.0,sell,167.88,ETH-28JUN19-190-P,0.0,0.001,1.0,2,1554642498133,545137,53
2019-04-07 13:08:19.414,1.0,sell,167.88,ETH-28JUN19-190-P,71.14,0.196,1.0,0,1554642499414,545138,54
2019-04-07 13:08:19.611,1.0,sell,167.88,ETH-28JUN19-190-P,0.0,0.001,1.0,2,1554642499611,545139,55
2019-04-07 13:08:22.211,1.0,sell,167.87,ETH-28JUN19-190-P,0.0,0.001,1.0,3,1554642502211,545140,56
2019-04-07 13:08:23.026,1.0,sell,167.88,ETH-28JUN19-190-P,71.14,0.196,1.0,0,1554642503026,545141,57
2019-04-07 19:17:39.942,6.0,sell,169.5,ETH-28JUN19-190-P,72.7,0.194,6.0,2,1554664659942,554926,58
2019-04-08 02:49:56.750,48.0,sell,183.73,ETH-28JUN19-190-P,79.3,0.14,48.0,2,1554691796750,601745,59
2019-04-08 02:59:42.983,48.0,buy,182.66,ETH-28JUN19-190-P,83.95,0.149,48.0,0,1554692382983,602899,60
2019-04-08 02:59:43.328,48.0,buy,182.66,ETH-28JUN19-190-P,83.95,0.149,48.0,1,1554692383328,602915,61
2019-04-08 02:59:43.424,17.0,buy,182.66,ETH-28JUN19-190-P,83.95,0.149,17.0,1,1554692383424,602926,62
2019-04-08 02:59:43.443,31.0,sell,182.66,ETH-28JUN19-190-P,84.5,0.15,31.0,0,1554692383443,602929,63
2019-04-08 02:59:43.516,48.0,sell,182.66,ETH-28JUN19-190-P,84.5,0.15,48.0,1,1554692383516,602937,64
2019-04-08 02:59:45.435,119.0,sell,182.68,ETH-28JUN19-190-P,83.97,0.149,119.0,2,1554692385435,602957,65
2019-04-08 06:21:21.912,1.0,sell,183.41,ETH-28JUN19-190-P,78.36,0.139,1.0,2,1554704481912,612021,66
2019-04-08 06:21:33.153,4.0,sell,183.31,ETH-28JUN19-190-P,78.8,0.14,4.0,0,1554704493153,612048,67
2019-04-08 06:22:54.353,4.0,sell,183.38,ETH-28JUN19-190-P,77.07,0.139,4.0,2,1554704574353,612266,68
2019-04-08 06:23:01.155,4.0,sell,183.38,ETH-28JUN19-190-P,77.2,0.139,4.0,3,1554704581155,612268,69
2019-04-08 06:23:04.502,4.0,sell,183.38,ETH-28JUN19-190-P,75.08,0.135,4.0,2,1554704584502,612269,70
2019-04-08 06:23:09.242,4.0,sell,183.38,ETH-28JUN19-190-P,77.33,0.139,4.0,0,1554704589242,612270,71
2019-04-08 07:08:48.193,4.0,sell,181.25,ETH-28JUN19-190-P,75.03,0.14,4.0,0,1554707328193,615097,72
2019-04-08 07:08:49.072,4.0,sell,181.25,ETH-28JUN19-190-P,75.03,0.14,4.0,1,1554707329072,615098,73
2019-04-08 07:08:49.913,4.0,sell,181.25,ETH-28JUN19-190-P,75.03,0.14,4.0,1,1554707329913,615099,74
2019-04-08 07:08:57.527,4.0,sell,181.26,ETH-28JUN19-190-P,75.09,0.14,4.0,1,1554707337527,615106,75
2019-04-08 07:21:04.430,5.0,sell,179.82,ETH-28JUN19-190-P,73.17,0.142,5.0,0,1554708064430,616806,76
2019-04-08 07:21:35.775,5.0,sell,180.14,ETH-28JUN19-190-P,73.05,0.141,5.0,2,1554708095775,616820,77
2019-04-08 07:21:37.194,5.0,sell,180.07,ETH-28JUN19-190-P,68.75,0.133,5.0,2,1554708097194,616828,78
2019-04-08 07:26:15.631,5.0,sell,179.96,ETH-28JUN19-190-P,72.49,0.14,5.0,0,1554708375631,617158,79
2019-04-08 07:26:16.922,5.0,sell,179.96,ETH-28JUN19-190-P,71.96,0.139,5.0,2,1554708376922,617159,80
2019-04-08 07:26:17.931,5.0,sell,179.94,ETH-28JUN19-190-P,71.97,0.139,5.0,3,1554708377931,617160,81
2019-04-08 08:56:39.789,50.0,sell,180.16,ETH-28JUN19-190-P,70.2,0.136,50.0,2,1554713799789,621210,82
2019-04-08 08:57:17.356,50.0,sell,180.25,ETH-28JUN19-190-P,70.2,0.136,50.0,3,1554713837356,621213,83
2019-04-08 09:13:50.951,50.0,sell,181.0,ETH-28JUN19-190-P,67.28,0.129,50.0,2,1554714830951,621635,84
2019-04-08 13:12:40.746,50.0,sell,178.98,ETH-28JUN19-190-P,73.82,0.151,50.0,0,1554729160746,634336,85
2019-04-08 13:31:02.806,10.0,sell,179.0,ETH-28JUN19-190-P,73.26,0.149,10.0,2,1554730262806,635371,86
2019-04-09 13:52:39.800,140.0,sell,177.77,ETH-28JUN19-190-P,76.07,0.156,140.0,0,1554817959800,698191,87
2019-04-09 13:59:50.800,50.0,sell,178.01,ETH-28JUN19-190-P,74.52,0.152,50.0,2,1554818390800,698382,88
2019-04-09 14:13:28.809,50.0,sell,177.23,ETH-28JUN19-190-P,73.65,0.154,50.0,0,1554819208809,699536,89
2019-04-09 14:14:07.070,50.0,sell,177.25,ETH-28JUN19-190-P,74.41,0.154,50.0,1,1554819247070,699590,90
2019-04-09 14:14:43.655,50.0,sell,177.24,ETH-28JUN19-190-P,74.39,0.154,50.0,1,1554819283655,699627,91
2019-04-09 14:38:12.308,50.0,sell,177.4,ETH-28JUN19-190-P,74.09,0.153,50.0,2,1554820692308,700889,92
2019-04-09 15:21:12.180,50.0,sell,177.63,ETH-28JUN19-190-P,70.35,0.145,50.0,2,1554823272180,702330,93
2019-04-09 15:22:19.966,50.0,sell,177.53,ETH-28JUN19-190-P,70.28,0.145,50.0,3,1554823339966,702394,94
2019-04-09 15:26:39.786,50.0,buy,177.84,ETH-28JUN19-190-P,74.24,0.151,50.0,0,1554823599786,702610,95
2019-04-09 15:27:54.017,50.0,sell,177.62,ETH-28JUN19-190-P,70.65,0.145,50.0,2,1554823674017,702699,96
2019-04-09 15:30:18.041,50.0,sell,177.78,ETH-28JUN19-190-P,70.16,0.14400000000000002,50.0,2,1554823818041,702821,97
2019-04-09 15:30:28.178,35.0,sell,177.7,ETH-28JUN19-190-P,70.07,0.14400000000000002,35.0,3,1554823828178,702824,98
2019-04-09 15:43:08.070,54.0,buy,177.15,ETH-28JUN19-190-P,73.45,0.152,54.0,0,1554824588070,703233,99
2019-04-09 17:59:10.623,100.0,sell,176.86,ETH-28JUN19-190-P,71.42,0.14800000000000002,100.0,2,1554832750623,705952,100
2019-04-11 04:37:59.979,100.0,sell,172.42,ETH-28JUN19-190-P,70.19,0.165,100.0,0,1554957479979,799771,101
2019-04-11 18:55:38.971,5.0,sell,166.38,ETH-28JUN19-190-P,67.07,0.2,5.0,2,1555008938971,840684,103
2019-04-11 18:55:38.971,115.0,sell,166.38,ETH-28JUN19-190-P,68.18,0.202,115.0,0,1555008938971,840683,102
2019-04-12 09:28:31.438,29.0,sell,162.61,ETH-28JUN19-190-P,61.49,0.205,29.0,0,1555061311438,871745,104
2019-04-13 11:47:24.727,1.0,buy,162.85,ETH-28JUN19-190-P,68.28,0.226,1.0,0,1555156044727,909759,105
2019-04-15 17:22:19.050,50.0,buy,164.66,ETH-28JUN19-190-P,70.88,0.214,50.0,2,1555348939050,954028,106
2019-04-15 17:32:50.577,55.0,buy,160.94,ETH-28JUN19-190-P,72.06,0.237,55.0,0,1555349570577,956346,107
2019-04-19 09:38:58.810,89.0,sell,173.32,ETH-28JUN19-190-P,67.47,0.162,89.0,2,1555666738810,1091006,108
2019-04-23 09:40:28.992,90.0,sell,174.48,ETH-28JUN19-190-P,64.95,0.152,90.0,2,1556012428992,1181660,109
2019-04-23 09:40:28.992,110.0,sell,174.48,ETH-28JUN19-190-P,64.95,0.152,110.0,3,1556012428992,1181661,110
2019-04-23 09:41:10.758,10.0,sell,174.36,ETH-28JUN19-190-P,63.77,0.15,10.0,3,1556012470758,1181761,112
2019-04-23 09:41:10.758,90.0,sell,174.36,ETH-28JUN19-190-P,63.77,0.15,90.0,2,1556012470758,1181760,111
2019-04-24 07:49:06.411,50.0,buy,162.66,ETH-28JUN19-190-P,70.67,0.21899999999999997,50.0,0,1556092146411,1205737,113
2019-04-25 16:23:25.048,90.0,sell,164.82,ETH-28JUN19-190-P,60.53,0.192,90.0,2,1556209405048,1234312,114
2019-04-25 20:15:06.249,90.0,sell,164.28,ETH-28JUN19-190-P,60.33,0.195,90.0,0,1556223306249,1237342,115
2019-04-25 20:15:10.375,90.0,sell,164.28,ETH-28JUN19-190-P,59.81,0.19399999999999998,90.0,2,1556223310375,1237348,116
2019-04-30 06:55:27.070,1.0,buy,154.34,ETH-28JUN19-190-P,68.29,0.261,1.0,0,1556607327070,1346190,117
2019-05-07 03:03:26.313,1.0,buy,177.52,ETH-28JUN19-190-P,70.17,0.136,1.0,2,1557198206313,1553435,118
2019-05-07 23:52:30.768,66.0,buy,166.98,ETH-28JUN19-190-P,72.72,0.18899999999999997,66.0,0,1557273150768,1593098,119
2019-05-07 23:52:32.949,50.0,buy,166.67,ETH-28JUN19-190-P,72.74,0.191,50.0,0,1557273152949,1593229,120
2019-05-07 23:52:33.170,67.0,buy,166.67,ETH-28JUN19-190-P,72.74,0.191,67.0,1,1557273153170,1593267,121
2019-05-07 23:52:33.293,27.0,buy,166.67,ETH-28JUN19-190-P,72.74,0.191,27.0,1,1557273153293,1593291,122
2019-05-09 00:04:10.086,21.0,sell,169.36,ETH-28JUN19-190-P,67.32,0.174,21.0,2,1557360250086,1640349,123
2019-05-09 13:08:12.948,21.0,buy,167.16,ETH-28JUN19-190-P,76.04,0.196,21.0,0,1557407292948,1658889,124
2019-05-11 13:52:55.156,1.0,sell,190.22,ETH-28JUN19-190-P,71.73,0.098,1.0,2,1557582775156,1781917,125
2019-05-11 14:44:46.124,10.0,sell,189.58,ETH-28JUN19-190-P,79.45,0.111,10.0,0,1557585886124,1784449,126
2019-05-11 14:44:47.363,10.0,sell,189.58,ETH-28JUN19-190-P,80.86,0.113,10.0,0,1557585887363,1784450,127
2019-05-11 16:47:14.691,1.0,sell,191.02,ETH-28JUN19-190-P,76.65,0.10300000000000001,1.0,2,1557593234691,1794159,128
2019-05-12 07:14:38.886,60.0,sell,201.99,ETH-28JUN19-190-P,84.63,0.08800000000000001,60.0,2,1557645278886,1905110,129
2019-05-12 07:14:50.065,100.0,sell,202.33,ETH-28JUN19-190-P,81.22,0.083,100.0,2,1557645290065,1905160,131
2019-05-12 07:14:50.065,60.0,sell,202.33,ETH-28JUN19-190-P,82.71,0.085,60.0,2,1557645290065,1905159,130
2019-05-12 09:08:57.338,2.0,buy,196.32,ETH-28JUN19-190-P,83.76,0.102,2.0,0,1557652137338,1923601,132
2019-05-12 09:09:44.158,3.0,buy,196.02,ETH-28JUN19-190-P,83.75,0.10300000000000001,3.0,0,1557652184158,1923631,133
2019-05-12 09:15:00.443,4.0,buy,195.55,ETH-28JUN19-190-P,83.77,0.10400000000000001,4.0,0,1557652500443,1923842,134
2019-05-12 09:55:24.166,5.0,buy,194.58,ETH-28JUN19-190-P,84.18,0.106,5.0,0,1557654924166,1930772,135
2019-05-12 09:57:07.721,6.0,buy,195.4,ETH-28JUN19-190-P,87.16,0.10800000000000001,6.0,0,1557655027721,1931130,136
2019-05-12 09:57:59.113,7.0,buy,195.02,ETH-28JUN19-190-P,87.51,0.11,7.0,0,1557655079113,1931373,137
2019-05-12 11:00:59.412,10.0,buy,191.29,ETH-28JUN19-190-P,95.48,0.131,10.0,0,1557658859412,1939841,138
