date_utc,amount,direction,indexPrice,instrument,iv,price,quantity,tickDirection,timeStamp,tradeId,tradeSeq
2019-03-21 14:01:07.093,12.0,sell,137.19,ETH-28JUN19-150-P,93.66,0.251,12.0,1,1553176867093,84875,1
2019-03-21 14:32:40.405,7.0,sell,136.62,ETH-28JUN19-150-P,87.25,0.242,7.0,2,1553178760405,86035,2
2019-03-21 14:32:56.489,3.0,buy,136.59,ETH-28JUN19-150-P,87.35,0.242,3.0,3,1553178776489,86037,3
2019-03-21 14:34:45.384,7.0,sell,136.44,ETH-28JUN19-150-P,87.36,0.243,7.0,0,1553178885384,86128,4
2019-03-21 14:34:56.768,3.0,buy,136.45,ETH-28JUN19-150-P,87.36,0.243,3.0,1,1553178896768,86144,5
2019-03-21 15:01:18.513,5.0,buy,133.56,ETH-28JUN19-150-P,85.85,0.256,5.0,0,1553180478513,90738,6
2019-03-21 15:01:21.350,5.0,buy,133.66,ETH-28JUN19-150-P,85.96,0.256,5.0,1,1553180481350,90747,7
2019-03-21 15:58:29.531,12.0,sell,134.56,ETH-28JUN19-150-P,79.64,0.23800000000000002,12.0,2,1553183909531,92665,8
2019-03-21 15:58:30.086,7.0,buy,134.56,ETH-28JUN19-150-P,79.64,0.23800000000000002,7.0,3,1553183910086,92666,9
2019-03-22 05:38:00.932,1.0,sell,134.67,ETH-28JUN19-150-P,73.22,0.22399999999999998,1.0,2,1553233080932,97384,10
2019-03-22 07:16:11.708,12.0,sell,135.2,ETH-28JUN19-150-P,73.29,0.221,12.0,2,1553238971708,97786,11
2019-03-22 07:16:11.708,88.0,sell,135.2,ETH-28JUN19-150-P,72.81,0.22,88.0,2,1553238971708,97787,12
2019-03-22 20:48:31.951,1.0,buy,136.43,ETH-28JUN19-150-P,73.84,0.21899999999999997,1.0,2,1553287711951,104635,13
2019-03-22 21:54:52.947,2.0,sell,136.07,ETH-28JUN19-150-P,62.45,0.196,2.0,2,1553291692947,105211,14
2019-03-25 02:36:54.689,10.0,sell,135.88,ETH-28JUN19-150-P,68.5,0.203,10.0,0,1553481414689,129196,15
2019-03-25 11:52:03.703,1.0,sell,135.15,ETH-28JUN19-150-P,68.21,0.205,1.0,0,1553514723703,134955,16
2019-03-25 16:01:24.668,27.0,buy,132.9,ETH-28JUN19-150-P,68.45,0.219,27.0,0,1553529684668,140695,17
2019-03-25 16:01:38.627,7.0,buy,132.88,ETH-28JUN19-150-P,68.4,0.219,7.0,1,1553529698627,140746,18
2019-03-25 22:26:47.401,60.0,sell,132.72,ETH-28JUN19-150-P,67.35,0.21600000000000005,60.0,2,1553552807401,148461,19
2019-03-25 22:26:47.404,56.0,buy,132.72,ETH-28JUN19-150-P,67.35,0.21600000000000005,56.0,3,1553552807404,148462,20
2019-03-25 22:27:03.087,56.0,buy,132.72,ETH-28JUN19-150-P,67.35,0.21600000000000005,56.0,3,1553552823087,148463,21
2019-03-25 22:27:33.165,56.0,buy,132.72,ETH-28JUN19-150-P,67.41,0.21600000000000005,56.0,3,1553552853165,148464,22
2019-03-25 22:27:45.035,40.0,buy,132.73,ETH-28JUN19-150-P,67.38,0.21600000000000005,40.0,3,1553552865035,148465,23
2019-03-25 22:28:11.956,32.0,buy,132.73,ETH-28JUN19-150-P,67.35,0.21600000000000005,32.0,3,1553552891956,148471,24
2019-03-28 04:01:09.659,1.0,buy,137.79,ETH-28JUN19-150-P,65.7,0.18,1.0,2,1553745669659,182729,25
2019-03-29 12:09:38.054,40.0,sell,140.1,ETH-28JUN19-150-P,60.74,0.157,40.0,2,1553861378054,199842,26
2019-03-29 17:08:10.562,1.0,sell,140.44,ETH-28JUN19-150-P,61.8,0.156,1.0,2,1553879290562,201954,27
2019-03-30 03:04:40.595,1.0,buy,143.76,ETH-28JUN19-150-P,65.26,0.14800000000000002,1.0,2,1553915080595,211316,28
2019-04-02 08:13:58.728,99.0,buy,152.67,ETH-28JUN19-150-P,65.13,0.111,99.0,2,1554192838728,278662,29
2019-04-02 16:56:47.178,2.0,buy,156.15,ETH-28JUN19-150-P,69.4,0.103,2.0,2,1554224207178,308265,30
2019-04-02 18:43:48.909,300.0,sell,157.71,ETH-28JUN19-150-P,69.24,0.098,300.0,2,1554230628909,312475,31
2019-04-02 18:53:31.650,100.0,sell,157.97,ETH-28JUN19-150-P,65.65,0.091,100.0,2,1554231211650,312903,32
2019-04-02 18:53:32.769,100.0,sell,157.97,ETH-28JUN19-150-P,65.65,0.091,100.0,3,1554231212769,312904,33
2019-04-02 18:53:33.787,100.0,sell,157.95,ETH-28JUN19-150-P,65.65,0.091,100.0,3,1554231213787,312905,34
2019-04-02 18:57:16.853,100.0,sell,158.03,ETH-28JUN19-150-P,65.9,0.091,100.0,3,1554231436853,313007,35
2019-04-02 18:57:22.803,10.0,sell,158.08,ETH-28JUN19-150-P,64.83,0.08900000000000001,10.0,2,1554231442803,313018,36
2019-04-02 18:57:23.445,10.0,sell,158.08,ETH-28JUN19-150-P,64.83,0.08900000000000001,10.0,3,1554231443445,313019,37
2019-04-02 18:57:24.259,10.0,sell,158.1,ETH-28JUN19-150-P,64.85,0.08900000000000001,10.0,3,1554231444259,313020,38
2019-04-02 18:57:25.096,10.0,sell,158.11,ETH-28JUN19-150-P,64.86,0.08900000000000001,10.0,3,1554231445096,313021,39
2019-04-02 18:57:26.654,10.0,sell,158.1,ETH-28JUN19-150-P,64.86,0.08900000000000001,10.0,3,1554231446654,313022,40
2019-04-02 18:57:27.643,10.0,sell,158.1,ETH-28JUN19-150-P,64.86,0.08900000000000001,10.0,3,1554231447643,313023,41
2019-04-02 18:57:34.717,10.0,sell,158.17,ETH-28JUN19-150-P,62.69,0.085,10.0,2,1554231454717,313028,42
2019-04-02 20:07:03.890,155.0,buy,159.95,ETH-28JUN19-150-P,69.36,0.092,155.0,0,1554235623890,318099,43
2019-04-03 04:51:05.623,1.0,buy,163.02,ETH-28JUN19-150-P,79.69,0.1,1.0,0,1554267065623,359536,44
2019-04-03 05:54:54.756,1.0,buy,167.02,ETH-28JUN19-150-P,79.42,0.09,1.0,2,1554270894756,363112,45
2019-04-03 11:25:24.760,279.0,buy,167.03,ETH-28JUN19-150-P,76.9,0.084,279.0,2,1554290724760,370081,46
2019-04-03 14:58:13.094,40.0,sell,169.23,ETH-28JUN19-150-P,74.26,0.075,40.0,3,1554303493094,380245,48
2019-04-03 14:58:13.094,60.0,sell,169.23,ETH-28JUN19-150-P,74.26,0.075,60.0,2,1554303493094,380244,47
2019-04-03 14:58:17.027,100.0,sell,169.21,ETH-28JUN19-150-P,74.23,0.075,100.0,3,1554303497027,380246,49
2019-04-03 14:58:23.924,10.0,sell,169.2,ETH-28JUN19-150-P,73.02,0.073,10.0,2,1554303503924,380247,50
2019-04-03 14:58:25.309,10.0,sell,169.2,ETH-28JUN19-150-P,67.41,0.064,10.0,2,1554303505309,380248,51
2019-04-03 14:58:26.329,10.0,sell,169.2,ETH-28JUN19-150-P,67.41,0.064,10.0,3,1554303506329,380249,52
2019-04-03 14:58:27.372,10.0,sell,169.2,ETH-28JUN19-150-P,67.41,0.064,10.0,3,1554303507372,380250,53
2019-04-03 14:58:28.418,10.0,sell,169.2,ETH-28JUN19-150-P,67.41,0.064,10.0,3,1554303508418,380251,54
2019-04-03 14:58:29.485,10.0,sell,169.2,ETH-28JUN19-150-P,67.41,0.064,10.0,3,1554303509485,380252,55
2019-04-03 14:58:31.095,10.0,sell,169.18,ETH-28JUN19-150-P,72.99,0.073,10.0,0,1554303511095,380253,56
2019-04-03 14:58:41.291,10.0,sell,169.16,ETH-28JUN19-150-P,72.35,0.07200000000000001,10.0,2,1554303521291,380256,57
2019-04-03 16:04:33.328,50.0,sell,171.91,ETH-28JUN19-150-P,70.51,0.062,50.0,2,1554307473328,382351,58
2019-04-03 23:46:27.593,1.0,sell,163.18,ETH-28JUN19-150-P,75.74,0.095,1.0,0,1554335187593,424307,59
2019-04-04 00:09:07.962,1.0,buy,159.71,ETH-28JUN19-150-P,86.06,0.121,1.0,0,1554336547962,426128,60
2019-04-04 12:54:58.912,60.0,buy,162.14,ETH-28JUN19-150-P,82.89,0.10800000000000001,60.0,2,1554382498912,442558,61
2019-04-05 09:25:51.817,17.0,sell,163.33,ETH-28JUN19-150-P,73.79,0.086,17.0,2,1554456351817,473441,62
2019-04-05 09:26:28.507,24.0,buy,163.31,ETH-28JUN19-150-P,77.35,0.092,24.0,0,1554456388507,473459,63
2019-04-05 09:59:02.522,50.0,sell,163.4,ETH-28JUN19-150-P,69.47,0.079,50.0,2,1554458342522,473794,64
2019-04-05 09:59:46.790,50.0,sell,163.42,ETH-28JUN19-150-P,69.66,0.079,50.0,3,1554458386790,473801,65
2019-04-06 18:41:12.547,1.0,sell,168.27,ETH-28JUN19-150-P,72.67,0.07400000000000001,1.0,2,1554576072547,509381,66
2019-04-08 02:49:56.027,48.0,buy,183.73,ETH-28JUN19-150-P,81.65,0.052000000000000005,48.0,2,1554691796027,601737,67
2019-04-08 02:49:56.362,48.0,buy,183.73,ETH-28JUN19-150-P,81.65,0.052000000000000005,48.0,3,1554691796362,601742,68
2019-04-08 02:59:42.968,48.0,buy,182.66,ETH-28JUN19-150-P,83.73,0.055,48.0,0,1554692382968,602898,69
2019-04-08 02:59:43.312,48.0,buy,182.66,ETH-28JUN19-150-P,83.72,0.055,48.0,1,1554692383312,602914,70
2019-04-08 02:59:43.415,19.0,buy,182.66,ETH-28JUN19-150-P,83.72,0.055,19.0,1,1554692383415,602925,71
2019-04-08 02:59:43.434,29.0,sell,182.66,ETH-28JUN19-150-P,86.7,0.059,29.0,0,1554692383434,602927,72
2019-04-08 02:59:43.503,48.0,sell,182.66,ETH-28JUN19-150-P,86.7,0.059,48.0,1,1554692383503,602936,73
2019-04-08 02:59:45.416,150.0,sell,182.68,ETH-28JUN19-150-P,85.99,0.058,150.0,2,1554692385416,602956,74
2019-04-08 03:00:05.461,104.0,buy,182.55,ETH-28JUN19-150-P,83.66,0.055,104.0,2,1554692405461,602992,75
2019-04-08 07:04:27.135,48.0,buy,181.84,ETH-28JUN19-150-P,80.97,0.054000000000000006,48.0,2,1554707067135,614746,76
2019-04-08 08:51:54.011,100.0,sell,180.17,ETH-28JUN19-150-P,70.34,0.043,100.0,2,1554713514011,621078,77
2019-04-08 08:52:01.014,100.0,sell,180.22,ETH-28JUN19-150-P,70.41,0.043,100.0,3,1554713521014,621082,78
2019-04-08 08:52:44.711,100.0,sell,180.25,ETH-28JUN19-150-P,70.52,0.043,100.0,3,1554713564711,621105,79
2019-04-08 08:56:10.672,100.0,sell,180.13,ETH-28JUN19-150-P,70.56,0.043,100.0,3,1554713770672,621197,80
2019-04-08 09:01:43.951,48.0,buy,180.66,ETH-28JUN19-150-P,73.38,0.046,48.0,0,1554714103951,621300,81
2019-04-08 09:01:47.728,50.0,sell,180.7,ETH-28JUN19-150-P,69.58,0.040999999999999995,50.0,2,1554714107728,621304,82
2019-04-08 09:01:58.980,48.0,sell,180.73,ETH-28JUN19-150-P,68.8,0.04,48.0,2,1554714118980,621340,83
2019-04-08 09:01:58.980,2.0,sell,180.73,ETH-28JUN19-150-P,25.08,0.001,2.0,2,1554714118980,621341,84
