date_utc,amount,direction,indexPrice,instrument,iv,price,quantity,tickDirection,timeStamp,tradeId,tradeSeq
2019-06-07 15:10:56.302,1.0,sell,7955.8,BTC-21JUN19-9000-C,71.43,0.015,1.0,1,1559920256302,23591537,1
2019-06-07 16:18:44.082,0.2,buy,8012.73,BTC-21JUN19-9000-C,70.84,0.016,0.2,0,1559924324082,23594699,2
2019-06-07 16:19:11.412,0.8,buy,8018.37,BTC-21JUN19-9000-C,70.59,0.016,0.8,1,1559924351412,23594887,3
2019-06-07 16:21:11.499,1.0,buy,8061.29,BTC-21JUN19-9000-C,70.41,0.017,1.0,0,1559924471499,23596141,4
2019-06-07 16:36:15.677,1.0,buy,8056.13,BTC-21JUN19-9000-C,72.36,0.018000000000000002,1.0,0,1559925375677,23598868,5
2019-06-07 16:39:44.362,1.0,buy,8093.67,BTC-21JUN19-9000-C,72.32,0.019,1.0,0,1559925584362,23599597,6
2019-06-07 17:52:46.971,0.5,buy,8082.37,BTC-21JUN19-9000-C,74.61,0.02,0.5,0,1559929966971,23604767,7
2019-06-07 18:17:27.694,2.0,sell,8108.76,BTC-21JUN19-9000-C,70.15,0.018000000000000002,2.0,2,1559931447694,23605647,8
2019-06-07 22:01:02.723,0.1,sell,7953.46,BTC-21JUN19-9000-C,69.49,0.0135,0.1,2,1559944862723,23625929,9
2019-06-08 07:58:51.643,20.0,sell,7940.73,BTC-21JUN19-9000-C,75.85,0.016,20.0,0,1559980731643,23648999,10
2019-06-08 07:59:04.649,20.0,sell,7940.94,BTC-21JUN19-9000-C,75.84,0.016,20.0,1,1559980744649,23649000,11
2019-06-08 14:16:26.338,1.0,buy,7956.15,BTC-21JUN19-9000-C,68.22,0.012,1.0,2,1560003386338,23659514,12
2019-06-08 16:04:16.632,0.2,sell,7933.68,BTC-21JUN19-9000-C,68.37,0.0115,0.2,2,1560009856632,23665913,13
2019-06-08 16:05:10.173,1.8,sell,7931.07,BTC-21JUN19-9000-C,67.45,0.011000000000000001,1.8,2,1560009910173,23665964,14
2019-06-08 16:13:46.272,0.5,buy,7937.91,BTC-21JUN19-9000-C,69.24,0.012,0.5,0,1560010426272,23666142,15
2019-06-08 16:43:10.376,0.5,sell,7863.73,BTC-21JUN19-9000-C,67.09,0.0095,0.5,2,1560012190376,23669158,16
2019-06-08 19:10:48.056,0.1,sell,7845.44,BTC-21JUN19-9000-C,68.13,0.0095,0.1,3,1560021048056,23677458,17
2019-06-08 22:38:18.269,0.1,buy,7944.52,BTC-21JUN19-9000-C,69.69,0.012,0.1,0,1560033498269,23684145,18
2019-06-08 22:38:20.713,2.0,buy,7944.53,BTC-21JUN19-9000-C,70.71,0.0125,2.0,0,1560033500713,23684152,19
2019-06-08 23:21:59.398,1.0,buy,7961.87,BTC-21JUN19-9000-C,74.92,0.015,1.0,0,1560036119398,23685259,20
2019-06-09 14:39:47.891,0.5,buy,7764.51,BTC-21JUN19-9000-C,77.47,0.011000000000000001,0.5,2,1560091187891,23719275,21
2019-06-09 21:11:34.564,0.1,buy,7740.29,BTC-21JUN19-9000-C,77.09,0.01,0.1,2,1560114694564,23749004,22
2019-06-09 22:24:50.325,0.1,sell,7559.47,BTC-21JUN19-9000-C,75.45,0.0065,0.1,2,1560119090325,23763420,23
2019-06-09 23:18:31.701,1.0,sell,7594.53,BTC-21JUN19-9000-C,74.14,0.0065,1.0,3,1560122311701,23771518,24
2019-06-10 03:19:13.109,2.0,sell,7677.22,BTC-21JUN19-9000-C,71.28,0.0065,2.0,3,1560136753109,23796871,25
2019-06-10 08:47:18.241,10.0,buy,7741.24,BTC-21JUN19-9000-C,78.72,0.01,10.0,0,1560156438241,23809816,26
2019-06-10 12:17:16.341,0.3,buy,7997.09,BTC-21JUN19-9000-C,71.0,0.0115,0.3,0,1560169036341,23843822,27
2019-06-10 12:52:23.393,3.2,buy,7967.34,BTC-21JUN19-9000-C,77.83,0.013999999999999999,3.2,0,1560171143393,23849715,30
2019-06-10 12:52:23.393,0.5,buy,7967.34,BTC-21JUN19-9000-C,75.73,0.013000000000000001,0.5,0,1560171143393,23849714,29
2019-06-10 12:52:23.393,0.4,buy,7967.34,BTC-21JUN19-9000-C,74.66,0.0125,0.4,0,1560171143393,23849713,28
2019-06-10 14:58:24.378,5.4,sell,7946.46,BTC-21JUN19-9000-C,67.92,0.009000000000000001,5.4,3,1560178704378,23859609,32
2019-06-10 14:58:24.378,9.6,sell,7946.46,BTC-21JUN19-9000-C,67.92,0.009000000000000001,9.6,2,1560178704378,23859608,31
2019-06-10 14:59:47.180,5.0,sell,7950.57,BTC-21JUN19-9000-C,67.74,0.009000000000000001,5.0,3,1560178787180,23859738,33
2019-06-10 15:38:23.899,0.1,buy,7927.51,BTC-21JUN19-9000-C,73.6,0.011000000000000001,0.1,0,1560181103899,23862719,34
2019-06-10 15:38:48.088,1.9,sell,7926.01,BTC-21JUN19-9000-C,73.67,0.011000000000000001,1.9,1,1560181128088,23862732,35
2019-06-10 17:47:44.153,0.4,sell,7934.24,BTC-21JUN19-9000-C,75.86,0.012,0.4,0,1560188864153,23870037,36
2019-06-10 20:32:19.570,0.1,sell,7926.58,BTC-21JUN19-9000-C,72.01,0.01,0.1,2,1560198739570,23876901,37
2019-06-10 21:51:18.013,0.1,sell,7947.93,BTC-21JUN19-9000-C,73.55,0.011000000000000001,0.1,0,1560203478013,23880154,38
2019-06-11 00:11:49.455,0.1,sell,7992.52,BTC-21JUN19-9000-C,70.62,0.0105,0.1,2,1560211909455,23887655,39
2019-06-11 00:13:42.010,0.1,sell,7992.57,BTC-21JUN19-9000-C,70.63,0.0105,0.1,3,1560212022010,23887859,40
2019-06-11 00:18:09.765,0.2,sell,7972.58,BTC-21JUN19-9000-C,71.58,0.0105,0.2,3,1560212289765,23888570,41
2019-06-11 00:44:17.962,0.1,sell,7987.74,BTC-21JUN19-9000-C,70.93,0.0105,0.1,3,1560213857962,23889482,42
2019-06-11 02:12:34.496,2.5,buy,7979.48,BTC-21JUN19-9000-C,76.07,0.0125,2.5,0,1560219154496,23891144,43
2019-06-11 10:12:09.309,2.0,sell,7825.42,BTC-21JUN19-9000-C,73.56,0.008,2.0,2,1560247929309,23902888,44
2019-06-11 12:16:29.720,10.0,buy,7787.03,BTC-21JUN19-9000-C,77.03,0.0085,10.0,0,1560255389720,23923183,45
2019-06-11 12:16:29.720,0.5,buy,7787.03,BTC-21JUN19-9000-C,77.03,0.0085,0.5,1,1560255389720,23923184,46
2019-06-11 12:16:29.720,9.5,buy,7787.03,BTC-21JUN19-9000-C,77.03,0.0085,9.5,1,1560255389720,23923185,47
2019-06-11 13:13:28.114,4.1,buy,7809.37,BTC-21JUN19-9000-C,77.5,0.009000000000000001,4.1,0,1560258808114,23926414,48
2019-06-11 13:17:36.451,4.1,buy,7812.97,BTC-21JUN19-9000-C,77.35,0.009000000000000001,4.1,1,1560259056451,23926626,49
2019-06-11 17:31:39.690,0.5,buy,7888.2,BTC-21JUN19-9000-C,71.81,0.008,0.5,2,1560274299690,23948149,50
2019-06-11 17:46:38.950,1.5,sell,7895.94,BTC-21JUN19-9000-C,68.67,0.006999999999999999,1.5,2,1560275198950,23948783,51
2019-06-11 17:54:00.391,10.0,sell,7885.77,BTC-21JUN19-9000-C,70.58,0.0075,10.0,0,1560275640391,23949768,52
2019-06-12 00:32:03.539,1.1,sell,7870.26,BTC-21JUN19-9000-C,72.35,0.0075,1.1,1,1560299523539,23966886,53
2019-06-12 00:51:27.802,3.0,sell,7867.54,BTC-21JUN19-9000-C,72.53,0.0075,3.0,1,1560300687802,23967206,55
2019-06-12 00:51:27.802,0.1,sell,7867.54,BTC-21JUN19-9000-C,72.53,0.0075,0.1,1,1560300687802,23967207,56
2019-06-12 00:51:27.802,0.9,sell,7867.54,BTC-21JUN19-9000-C,72.53,0.0075,0.9,1,1560300687802,23967205,54
2019-06-12 02:12:14.351,0.2,sell,7870.15,BTC-21JUN19-9000-C,71.16,0.006999999999999999,0.2,2,1560305534351,23969991,57
2019-06-12 02:43:47.722,0.1,buy,7928.03,BTC-21JUN19-9000-C,69.99,0.0075,0.1,0,1560307427722,23971030,58
2019-06-12 02:59:07.563,0.1,buy,8032.67,BTC-21JUN19-9000-C,69.03,0.009000000000000001,0.1,0,1560308347563,23976745,59
2019-06-12 02:59:13.960,0.1,buy,8033.72,BTC-21JUN19-9000-C,68.98,0.009000000000000001,0.1,1,1560308353960,23976749,60
2019-06-12 03:05:42.905,0.1,buy,8055.05,BTC-21JUN19-9000-C,69.21,0.0095,0.1,0,1560308742905,23978358,61
2019-06-12 08:48:11.870,10.0,buy,7979.71,BTC-21JUN19-9000-C,76.43,0.0105,10.0,0,1560329291870,23989245,62
2019-06-12 09:36:29.416,5.0,sell,7925.94,BTC-21JUN19-9000-C,69.74,0.006999999999999999,5.0,2,1560332189416,23992474,63
2019-06-12 14:32:44.647,0.1,buy,7996.6,BTC-21JUN19-9000-C,71.38,0.0085,0.1,0,1560349964647,24008344,64
2019-06-12 14:32:44.647,0.1,buy,7996.6,BTC-21JUN19-9000-C,71.38,0.0085,0.1,1,1560349964647,24008345,65
2019-06-12 14:32:44.647,0.1,buy,7996.6,BTC-21JUN19-9000-C,71.38,0.0085,0.1,1,1560349964647,24008346,66
2019-06-12 14:32:44.647,0.5,buy,7996.6,BTC-21JUN19-9000-C,71.38,0.0085,0.5,1,1560349964647,24008347,67
2019-06-12 14:41:26.406,0.2,sell,8039.94,BTC-21JUN19-9000-C,69.25,0.0085,0.2,1,1560350486406,24010179,68
2019-06-12 14:47:54.908,0.1,sell,8032.14,BTC-21JUN19-9000-C,69.66,0.0085,0.1,1,1560350874908,24010653,69
2019-06-12 14:54:06.099,0.1,sell,8028.08,BTC-21JUN19-9000-C,69.88,0.0085,0.1,1,1560351246099,24010937,70
2019-06-12 15:10:30.495,0.1,buy,8090.71,BTC-21JUN19-9000-C,70.61,0.01,0.1,0,1560352230495,24012769,71
2019-06-12 15:11:08.996,0.2,buy,8140.52,BTC-21JUN19-9000-C,69.25,0.0105,0.2,0,1560352268996,24015158,72
2019-06-12 15:15:24.467,0.2,buy,8221.8,BTC-21JUN19-9000-C,69.52,0.0125,0.2,0,1560352524467,24019894,73
2019-06-12 15:17:25.252,0.1,sell,8214.27,BTC-21JUN19-9000-C,68.82,0.012,0.1,2,1560352645252,24022448,74
2019-06-12 18:20:42.408,0.1,buy,8160.35,BTC-21JUN19-9000-C,71.1,0.0115,0.1,2,1560363642408,24036186,75
2019-06-12 21:08:48.259,0.3,sell,8124.12,BTC-21JUN19-9000-C,69.89,0.01,0.3,2,1560373728259,24041901,76
2019-06-12 22:04:58.730,0.1,sell,8149.57,BTC-21JUN19-9000-C,69.94,0.0105,0.1,0,1560377098730,24042956,77
2019-06-12 23:22:41.200,0.1,sell,8128.18,BTC-21JUN19-9000-C,70.07,0.01,0.1,2,1560381761200,24044435,78
2019-06-13 10:30:00.061,0.3,sell,8087.82,BTC-21JUN19-9000-C,70.26,0.0085,0.3,2,1560421800061,24061973,80
2019-06-13 10:30:00.061,0.1,sell,8087.82,BTC-21JUN19-9000-C,72.97,0.0095,0.1,2,1560421800061,24061972,79
2019-06-13 12:47:24.228,0.1,sell,8069.95,BTC-21JUN19-9000-C,74.38,0.0095,0.1,0,1560430044228,24066906,81
2019-06-13 12:49:45.410,0.1,buy,8090.55,BTC-21JUN19-9000-C,69.15,0.008,0.1,2,1560430185410,24068601,82
2019-06-13 13:04:47.168,0.1,buy,8148.17,BTC-21JUN19-9000-C,71.49,0.01,0.1,0,1560431087168,24070125,83
2019-06-13 13:21:35.658,0.1,sell,8155.07,BTC-21JUN19-9000-C,69.87,0.0095,0.1,2,1560432095658,24071833,84
2019-06-13 13:27:35.614,10.0,buy,8191.46,BTC-21JUN19-9000-C,70.43,0.0105,10.0,0,1560432455614,24073138,85
2019-06-13 13:34:02.046,0.5,buy,8177.64,BTC-21JUN19-9000-C,73.7,0.0115,0.5,0,1560432842046,24074178,86
2019-06-13 15:08:40.641,0.5,buy,8200.03,BTC-21JUN19-9000-C,71.51,0.011000000000000001,0.5,2,1560438520641,24077615,87
2019-06-13 16:00:35.048,1.0,buy,8187.23,BTC-21JUN19-9000-C,73.64,0.0115,1.0,0,1560441635048,24081921,88
2019-06-13 17:09:30.266,0.1,sell,8180.23,BTC-21JUN19-9000-C,70.5,0.01,0.1,3,1560445770266,24083649,90
2019-06-13 17:09:30.266,0.5,sell,8180.23,BTC-21JUN19-9000-C,70.5,0.01,0.5,2,1560445770266,24083648,89
2019-06-13 17:09:30.345,0.4,buy,8180.23,BTC-21JUN19-9000-C,70.5,0.01,0.4,3,1560445770345,24083650,91
2019-06-13 18:05:53.126,0.1,buy,8210.25,BTC-21JUN19-9000-C,71.51,0.011000000000000001,0.1,0,1560449153126,24084686,92
2019-06-13 18:20:44.414,0.2,sell,8244.31,BTC-21JUN19-9000-C,68.37,0.0105,0.2,2,1560450044414,24086279,93
2019-06-13 18:25:13.747,0.2,sell,8234.03,BTC-21JUN19-9000-C,68.97,0.0105,0.2,3,1560450313747,24086526,94
2019-06-13 18:46:43.172,3.0,buy,8233.57,BTC-21JUN19-9000-C,73.92,0.0125,3.0,1,1560451603172,24087429,96
2019-06-13 18:46:43.172,2.0,buy,8233.57,BTC-21JUN19-9000-C,73.92,0.0125,2.0,0,1560451603172,24087428,95
2019-06-13 19:38:30.696,0.6,sell,8247.19,BTC-21JUN19-9000-C,72.11,0.012,0.6,2,1560454710696,24092378,97
2019-06-13 19:38:39.200,0.6,sell,8246.68,BTC-21JUN19-9000-C,72.14,0.012,0.6,3,1560454719200,24092406,98
2019-06-13 19:50:17.274,0.6,sell,8238.63,BTC-21JUN19-9000-C,72.65,0.012,0.6,3,1560455417274,24092943,99
2019-06-13 19:51:15.614,0.6,sell,8237.09,BTC-21JUN19-9000-C,72.74,0.012,0.6,3,1560455475614,24092958,100
2019-06-13 19:51:26.580,2.6,sell,8234.07,BTC-21JUN19-9000-C,72.92,0.012,2.6,3,1560455486580,24092990,101
2019-06-13 21:20:00.394,2.0,buy,8287.24,BTC-21JUN19-9000-C,73.58,0.0135,2.0,0,1560460800394,24095783,102
2019-06-13 22:41:24.888,6.0,sell,8273.39,BTC-21JUN19-9000-C,73.54,0.013000000000000001,6.0,2,1560465684888,24101672,103
2019-06-13 22:46:25.632,4.0,sell,8262.8,BTC-21JUN19-9000-C,74.19,0.013000000000000001,4.0,3,1560465985632,24102154,104
2019-06-13 22:56:21.978,0.1,sell,8254.02,BTC-21JUN19-9000-C,69.93,0.011000000000000001,0.1,2,1560466581978,24103701,105
2019-06-13 23:41:27.026,0.3,sell,8217.05,BTC-21JUN19-9000-C,69.69,0.01,0.3,2,1560469287026,24105402,106
2019-06-14 03:46:50.914,0.1,buy,8215.16,BTC-21JUN19-9000-C,74.46,0.0115,0.1,0,1560484010914,24113275,107
2019-06-14 05:32:25.242,1.0,buy,8251.86,BTC-21JUN19-9000-C,72.65,0.0115,1.0,1,1560490345242,24114991,108
2019-06-14 06:00:20.782,0.6,buy,8232.65,BTC-21JUN19-9000-C,73.9,0.0115,0.6,1,1560492020782,24115394,109
2019-06-14 07:43:44.580,0.1,sell,8237.59,BTC-21JUN19-9000-C,72.72,0.011000000000000001,0.1,2,1560498224580,24117671,110
2019-06-14 07:52:32.182,2.0,sell,8247.64,BTC-21JUN19-9000-C,72.15,0.011000000000000001,2.0,3,1560498752182,24117953,111
2019-06-14 07:53:41.836,1.0,sell,8251.2,BTC-21JUN19-9000-C,71.94,0.011000000000000001,1.0,3,1560498821836,24118049,112
2019-06-14 08:00:30.466,0.3,buy,8266.03,BTC-21JUN19-9000-C,73.57,0.012,0.3,1,1560499230466,24118463,115
2019-06-14 08:00:30.466,0.1,buy,8266.03,BTC-21JUN19-9000-C,72.33,0.0115,0.1,0,1560499230466,24118461,113
2019-06-14 08:00:30.466,0.1,buy,8266.03,BTC-21JUN19-9000-C,73.57,0.012,0.1,0,1560499230466,24118462,114
2019-06-14 08:00:30.708,1.0,sell,8266.03,BTC-21JUN19-9000-C,71.08,0.011000000000000001,1.0,2,1560499230708,24118465,116
2019-06-14 08:00:46.926,0.1,sell,8265.27,BTC-21JUN19-9000-C,71.13,0.011000000000000001,0.1,3,1560499246926,24118487,117
2019-06-14 08:11:54.461,0.5,sell,8253.12,BTC-21JUN19-9000-C,71.89,0.011000000000000001,0.5,3,1560499914461,24119264,118
2019-06-14 08:12:04.460,4.0,sell,8251.2,BTC-21JUN19-9000-C,72.01,0.011000000000000001,4.0,3,1560499924460,24119334,119
2019-06-14 08:12:06.123,1.3,sell,8251.95,BTC-21JUN19-9000-C,71.96,0.011000000000000001,1.3,3,1560499926123,24119342,120
2019-06-14 08:31:54.139,0.1,buy,8313.02,BTC-21JUN19-9000-C,73.2,0.013000000000000001,0.1,0,1560501114139,24121241,121
2019-06-14 08:50:28.314,24.0,buy,8308.95,BTC-21JUN19-9000-C,73.52,0.013000000000000001,24.0,1,1560502228314,24122347,123
2019-06-14 08:50:28.314,0.9,buy,8308.95,BTC-21JUN19-9000-C,73.52,0.013000000000000001,0.9,1,1560502228314,24122346,122
2019-06-14 09:10:22.628,2.0,buy,8289.99,BTC-21JUN19-9000-C,73.57,0.0125,2.0,2,1560503422628,24123205,124
2019-06-14 09:57:33.660,0.6,sell,8305.79,BTC-21JUN19-9000-C,69.09,0.011000000000000001,0.6,2,1560506253660,24124877,125
2019-06-14 10:13:43.336,1.0,sell,8291.58,BTC-21JUN19-9000-C,68.74,0.0105,1.0,2,1560507223336,24125792,126
2019-06-14 11:28:45.819,0.1,sell,8289.69,BTC-21JUN19-9000-C,67.83,0.01,0.1,2,1560511725819,24127889,127
2019-06-14 11:34:15.618,4.8,sell,8296.89,BTC-21JUN19-9000-C,66.11,0.0095,4.8,2,1560512055618,24128074,128
2019-06-14 12:20:19.670,0.5,buy,8281.58,BTC-21JUN19-9000-C,69.79,0.0105,0.5,0,1560514819670,24129957,129
2019-06-14 12:20:35.758,0.8,sell,8280.8,BTC-21JUN19-9000-C,69.84,0.0105,0.8,1,1560514835758,24129976,130
2019-06-14 12:21:29.761,3.7,sell,8277.0,BTC-21JUN19-9000-C,70.07,0.0105,3.7,1,1560514889761,24130023,131
2019-06-14 12:22:05.531,0.2,sell,8276.69,BTC-21JUN19-9000-C,66.13,0.009000000000000001,0.2,2,1560514925531,24130040,132
2019-06-14 12:32:12.957,2.4,buy,8310.69,BTC-21JUN19-9000-C,66.78,0.01,2.4,0,1560515532957,24130530,133
2019-06-14 12:33:03.300,0.5,buy,8365.75,BTC-21JUN19-9000-C,65.94,0.011000000000000001,0.5,0,1560515583300,24131724,134
2019-06-14 12:34:24.237,0.5,buy,8356.24,BTC-21JUN19-9000-C,67.76,0.0115,0.5,0,1560515664237,24132514,135
2019-06-14 12:37:48.652,0.2,sell,8360.99,BTC-21JUN19-9000-C,66.25,0.011000000000000001,0.2,2,1560515868652,24133050,136
2019-06-14 12:50:06.959,10.0,sell,8353.58,BTC-21JUN19-9000-C,65.5,0.0105,10.0,2,1560516606959,24134019,137
2019-06-14 13:00:49.707,0.1,buy,8380.99,BTC-21JUN19-9000-C,67.51,0.012,0.1,0,1560517249707,24135190,138
2019-06-14 13:30:36.968,1.0,sell,8380.31,BTC-21JUN19-9000-C,65.23,0.011000000000000001,1.0,2,1560519036968,24137883,139
2019-06-14 13:41:42.376,0.1,buy,8413.3,BTC-21JUN19-9000-C,67.94,0.013000000000000001,0.1,0,1560519702376,24139241,140
2019-06-14 14:05:21.908,0.1,sell,8417.07,BTC-21JUN19-9000-C,65.43,0.012,0.1,2,1560521121908,24142654,141
2019-06-14 14:05:21.908,0.2,sell,8417.07,BTC-21JUN19-9000-C,65.43,0.012,0.2,3,1560521121908,24142655,142
2019-06-14 14:06:08.030,0.1,sell,8424.11,BTC-21JUN19-9000-C,64.98,0.012,0.1,3,1560521168030,24142738,143
2019-06-14 14:08:15.584,0.8,buy,8421.31,BTC-21JUN19-9000-C,69.81,0.013999999999999999,0.8,0,1560521295584,24142874,144
2019-06-14 14:17:51.741,7.7,buy,8375.11,BTC-21JUN19-9000-C,70.53,0.013000000000000001,7.7,2,1560521871741,24143721,145
2019-06-14 15:15:25.016,2.7,buy,8408.62,BTC-21JUN19-9000-C,72.04,0.0145,2.7,0,1560525325016,24146127,146
2019-06-14 15:31:09.056,24.0,buy,8444.38,BTC-21JUN19-9000-C,71.95,0.0155,24.0,0,1560526269056,24146913,148
2019-06-14 15:31:09.056,0.1,buy,8444.38,BTC-21JUN19-9000-C,70.84,0.015,0.1,0,1560526269056,24146912,147
2019-06-14 15:31:09.058,10.6,sell,8444.38,BTC-21JUN19-9000-C,71.95,0.0155,10.6,1,1560526269058,24146914,149
2019-06-14 15:35:06.831,10.0,sell,8445.95,BTC-21JUN19-9000-C,71.86,0.0155,10.0,1,1560526506831,24147774,150
2019-06-14 15:39:50.753,1.0,sell,8447.13,BTC-21JUN19-9000-C,71.8,0.0155,1.0,1,1560526790753,24147991,151
2019-06-14 15:42:04.582,1.0,sell,8446.0,BTC-21JUN19-9000-C,71.88,0.0155,1.0,1,1560526924582,24148069,152
2019-06-14 15:46:01.655,6.0,sell,8442.81,BTC-21JUN19-9000-C,72.12,0.0155,6.0,1,1560527161655,24148179,153
2019-06-14 15:47:00.236,1.0,sell,8437.83,BTC-21JUN19-9000-C,72.46,0.0155,1.0,1,1560527220236,24148274,154
2019-06-14 15:49:27.542,0.1,sell,8435.11,BTC-21JUN19-9000-C,72.65,0.0155,0.1,1,1560527367542,24148349,155
2019-06-14 15:58:11.318,2.0,sell,8429.21,BTC-21JUN19-9000-C,73.08,0.0155,2.0,1,1560527891318,24148615,156
2019-06-14 15:59:05.847,24.0,sell,8422.45,BTC-21JUN19-9000-C,73.54,0.0155,24.0,1,1560527945847,24148712,157
2019-06-14 15:59:05.912,20.2,sell,8422.45,BTC-21JUN19-9000-C,73.54,0.0155,20.2,1,1560527945912,24148713,158
2019-06-14 16:47:26.025,0.1,sell,8397.97,BTC-21JUN19-9000-C,71.93,0.013999999999999999,0.1,2,1560530846025,24151325,159
2019-06-14 16:55:50.379,1.9,sell,8370.78,BTC-21JUN19-9000-C,68.98,0.012,1.9,2,1560531350379,24151825,160
2019-06-14 17:13:30.002,3.6,sell,8378.24,BTC-21JUN19-9000-C,69.78,0.0125,3.6,2,1560532410002,24152797,162
2019-06-14 17:13:30.002,0.5,sell,8378.24,BTC-21JUN19-9000-C,70.97,0.013000000000000001,0.5,0,1560532410002,24152796,161
2019-06-14 17:19:25.871,1.0,buy,8385.25,BTC-21JUN19-9000-C,74.06,0.0145,1.0,0,1560532765871,24152973,163
2019-06-14 18:14:35.663,1.0,sell,8415.02,BTC-21JUN19-9000-C,69.97,0.0135,1.0,2,1560536075663,24154636,164
2019-06-14 18:18:16.833,0.3,sell,8399.65,BTC-21JUN19-9000-C,69.82,0.013000000000000001,0.3,2,1560536296833,24154831,165
2019-06-14 19:15:22.869,10.0,buy,8422.74,BTC-21JUN19-9000-C,74.28,0.0155,10.0,0,1560539722869,24155807,166
2019-06-14 19:15:22.869,0.7000000000000001,buy,8422.74,BTC-21JUN19-9000-C,74.28,0.0155,0.7000000000000001,1,1560539722869,24155808,167
2019-06-14 19:15:22.869,4.3,buy,8422.74,BTC-21JUN19-9000-C,74.28,0.0155,4.3,1,1560539722869,24155809,168
2019-06-14 21:12:26.705,2.0,buy,8632.62,BTC-21JUN19-9000-C,69.27,0.02,2.0,0,1560546746705,24167078,169
2019-06-14 21:13:10.929,1.0,sell,8624.06,BTC-21JUN19-9000-C,70.95,0.0205,1.0,0,1560546790929,24168521,170
2019-06-14 21:13:38.523,1.0,buy,8640.06,BTC-21JUN19-9000-C,71.76,0.0215,1.0,0,1560546818523,24168857,171
2019-06-14 21:15:36.013,0.8,sell,8618.06,BTC-21JUN19-9000-C,73.47,0.0215,0.8,1,1560546936013,24170232,172
2019-06-14 21:17:02.984,0.9,buy,8603.43,BTC-21JUN19-9000-C,73.57,0.021,0.9,2,1560547022984,24170875,173
2019-06-14 21:20:57.149,0.1,buy,8604.31,BTC-21JUN19-9000-C,73.52,0.021,0.1,3,1560547257149,24171730,174
2019-06-14 21:39:01.082,1.0,buy,8644.77,BTC-21JUN19-9000-C,74.52,0.023,1.0,1,1560548341082,24173925,176
2019-06-14 21:39:01.082,1.0,buy,8644.77,BTC-21JUN19-9000-C,74.52,0.023,1.0,0,1560548341082,24173924,175
2019-06-14 21:39:01.082,1.0,buy,8644.77,BTC-21JUN19-9000-C,74.52,0.023,1.0,1,1560548341082,24173926,177
2019-06-14 21:49:12.503,0.4,sell,8617.08,BTC-21JUN19-9000-C,69.56,0.0195,0.4,2,1560548952503,24175186,178
2019-06-14 21:49:20.379,0.4,sell,8616.63,BTC-21JUN19-9000-C,69.6,0.0195,0.4,3,1560548960379,24175189,179
2019-06-14 23:12:45.366,0.3,sell,8671.08,BTC-21JUN19-9000-C,76.82,0.025,0.3,0,1560553965366,24182736,180
2019-06-14 23:18:48.621,0.7000000000000001,sell,8666.51,BTC-21JUN19-9000-C,77.22,0.025,0.7000000000000001,1,1560554328621,24182969,181
2019-06-14 23:31:57.064,1.0,buy,8730.05,BTC-21JUN19-9000-C,74.04,0.026000000000000002,1.0,0,1560555117064,24184412,182
2019-06-14 23:58:44.812,4.0,buy,8699.24,BTC-21JUN19-9000-C,78.69,0.027000000000000003,4.0,0,1560556724812,24186572,183
2019-06-15 00:22:06.221,3.0,buy,8666.87,BTC-21JUN19-9000-C,76.45,0.0245,3.0,2,1560558126221,24188029,184
2019-06-15 01:36:29.170,0.2,buy,8650.68,BTC-21JUN19-9000-C,81.1,0.026000000000000002,0.2,0,1560562589170,24190607,185
2019-06-15 01:36:47.782,3.9,buy,8649.74,BTC-21JUN19-9000-C,82.18,0.0265,3.9,0,1560562607782,24190610,186
2019-06-15 06:53:51.257,0.1,buy,8740.79,BTC-21JUN19-9000-C,73.97,0.0255,0.1,2,1560581631257,24199163,187
2019-06-15 06:53:56.965,0.2,buy,8749.82,BTC-21JUN19-9000-C,74.2,0.026000000000000002,0.2,0,1560581636965,24199323,188
2019-06-15 07:55:23.142,0.1,sell,8709.68,BTC-21JUN19-9000-C,69.73,0.022000000000000002,0.1,3,1560585323142,24204856,190
2019-06-15 07:55:23.142,0.1,sell,8709.68,BTC-21JUN19-9000-C,69.73,0.022000000000000002,0.1,2,1560585323142,24204855,189
2019-06-15 08:51:29.055,0.1,sell,8695.86,BTC-21JUN19-9000-C,71.1,0.022000000000000002,0.1,3,1560588689055,24205783,191
2019-06-15 08:58:52.142,24.0,sell,8691.31,BTC-21JUN19-9000-C,69.43,0.021,24.0,2,1560589132142,24205873,194
2019-06-15 08:58:52.142,0.2,sell,8691.31,BTC-21JUN19-9000-C,70.47,0.0215,0.2,2,1560589132142,24205871,192
2019-06-15 08:58:52.142,0.4,sell,8691.31,BTC-21JUN19-9000-C,70.47,0.0215,0.4,3,1560589132142,24205872,193
2019-06-15 09:06:22.414,5.0,sell,8685.88,BTC-21JUN19-9000-C,68.86,0.0205,5.0,2,1560589582414,24206013,195
2019-06-15 09:18:24.515,5.0,buy,8692.04,BTC-21JUN19-9000-C,68.41,0.0205,5.0,3,1560590304515,24206185,196
2019-06-15 09:18:48.740,5.0,buy,8692.05,BTC-21JUN19-9000-C,68.41,0.0205,5.0,3,1560590328740,24206191,197
2019-06-15 09:19:00.000,2.0,buy,8691.85,BTC-21JUN19-9000-C,68.42,0.0205,2.0,3,1560590340000,24206192,198
2019-06-15 09:48:48.211,18.3,sell,8675.61,BTC-21JUN19-9000-C,66.7,0.019,18.3,2,1560592128211,24206748,199
2019-06-15 14:12:23.388,0.1,buy,8668.17,BTC-21JUN19-9000-C,71.59,0.0205,0.1,0,1560607943388,24213644,200
2019-06-15 15:05:26.003,0.3,buy,8710.69,BTC-21JUN19-9000-C,70.39,0.0215,0.3,0,1560611126003,24216282,201
2019-06-15 15:50:06.567,0.1,buy,8770.68,BTC-21JUN19-9000-C,77.82,0.0275,0.1,0,1560613806567,24222789,202
2019-06-15 16:34:46.303,0.4,sell,8847.52,BTC-21JUN19-9000-C,75.98,0.03,0.4,0,1560616486303,24227791,203
2019-06-15 16:42:16.673,3.0,sell,8832.03,BTC-21JUN19-9000-C,70.34,0.0265,3.0,2,1560616936673,24230077,204
2019-06-15 16:42:20.044,1.1,buy,8832.68,BTC-21JUN19-9000-C,70.28,0.0265,1.1,3,1560616940044,24230099,205
2019-06-15 16:44:51.820,0.4,buy,8854.86,BTC-21JUN19-9000-C,70.23,0.0275,0.4,0,1560617091820,24230366,206
2019-06-15 17:13:40.310,0.5,sell,8813.99,BTC-21JUN19-9000-C,68.05,0.0245,0.5,2,1560618820310,24234971,207
2019-06-15 17:44:22.894,1.0,sell,8801.81,BTC-21JUN19-9000-C,68.26,0.024,1.0,2,1560620662894,24236891,208
2019-06-15 18:11:41.953,0.1,buy,8808.33,BTC-21JUN19-9000-C,75.02,0.0275,0.1,0,1560622301953,24237926,209
2019-06-15 18:11:41.953,0.4,buy,8808.33,BTC-21JUN19-9000-C,75.02,0.0275,0.4,1,1560622301953,24237927,210
2019-06-15 21:08:32.615,0.4,buy,8790.38,BTC-21JUN19-9000-C,74.41,0.026000000000000002,0.4,2,1560632912615,24249143,211
2019-06-15 21:08:32.646,0.4,sell,8790.38,BTC-21JUN19-9000-C,74.41,0.026000000000000002,0.4,3,1560632912646,24249148,212
2019-06-15 23:08:03.582,0.1,buy,8852.3,BTC-21JUN19-9000-C,78.46,0.0305,0.1,0,1560640083582,24252971,213
2019-06-16 01:32:28.876,1.1,buy,8959.87,BTC-21JUN19-9000-C,79.54,0.036000000000000004,1.1,0,1560648748876,24264174,214
2019-06-16 01:32:28.917,4.0,sell,8959.87,BTC-21JUN19-9000-C,81.63,0.037000000000000005,4.0,0,1560648748917,24264175,215
2019-06-16 01:32:29.136,7.5,sell,8959.87,BTC-21JUN19-9000-C,81.63,0.037000000000000005,7.5,1,1560648749136,24264176,216
2019-06-16 01:32:35.259,2.4,sell,8960.14,BTC-21JUN19-9000-C,81.6,0.037000000000000005,2.4,1,1560648755259,24264210,217
2019-06-16 01:45:16.039,0.1,buy,9008.48,BTC-21JUN19-9000-C,87.83,0.0425,0.1,0,1560649516039,24267989,218
2019-06-16 01:53:29.507,0.3,buy,9013.91,BTC-21JUN19-9000-C,85.18,0.0415,0.3,2,1560650009507,24270025,219
2019-06-16 03:27:36.589,0.1,sell,8978.05,BTC-21JUN19-9000-C,77.11,0.0355,0.1,2,1560655656589,24275099,220
2019-06-16 03:58:09.150,0.6,buy,9006.58,BTC-21JUN19-9000-C,82.5,0.0395,0.6,0,1560657489150,24275991,221
2019-06-16 04:47:27.283,0.1,sell,9048.33,BTC-21JUN19-9000-C,80.07,0.0405,0.1,0,1560660447283,24279395,222
2019-06-16 04:47:36.200,0.1,sell,9049.53,BTC-21JUN19-9000-C,79.93,0.0405,0.1,1,1560660456200,24279452,223
2019-06-16 05:00:42.347,0.2,buy,9108.34,BTC-21JUN19-9000-C,81.45,0.0445,0.2,0,1560661242347,24283321,224
2019-06-16 05:11:35.324,0.4,buy,9230.04,BTC-21JUN19-9000-C,92.0,0.0565,0.4,0,1560661895324,24288035,225
2019-06-16 05:20:17.359,0.6,buy,9210.36,BTC-21JUN19-9000-C,84.75,0.052000000000000005,0.6,2,1560662417359,24291322,226
2019-06-16 05:22:53.885,0.6,buy,9189.42,BTC-21JUN19-9000-C,87.53,0.052000000000000005,0.6,3,1560662573885,24292005,227
2019-06-16 05:22:59.742,0.6,buy,9191.85,BTC-21JUN19-9000-C,87.22,0.052000000000000005,0.6,3,1560662579742,24292013,228
2019-06-16 05:23:45.537,0.6,sell,9186.89,BTC-21JUN19-9000-C,83.49,0.05,0.6,2,1560662625537,24292057,229
2019-06-16 05:23:45.537,12.6,sell,9186.89,BTC-21JUN19-9000-C,80.2,0.0485,12.6,2,1560662625537,24292058,230
2019-06-16 05:27:22.175,0.5,sell,9170.95,BTC-21JUN19-9000-C,87.77,0.051,0.5,0,1560662842175,24292888,231
2019-06-16 05:33:12.585,0.6,buy,9208.56,BTC-21JUN19-9000-C,89.47,0.054000000000000006,0.6,0,1560663192585,24293504,232
2019-06-16 05:34:11.498,0.4,buy,9203.01,BTC-21JUN19-9000-C,92.4,0.055,0.4,0,1560663251498,24293596,233
2019-06-16 05:49:58.791,1.0,buy,9284.52,BTC-21JUN19-9000-C,100.48,0.0635,1.0,0,1560664198791,24296601,234
2019-06-16 05:55:53.866,0.6,buy,9317.07,BTC-21JUN19-9000-C,97.16,0.064,0.6,0,1560664553866,24298445,235
2019-06-16 06:01:03.014,0.6,buy,9361.78,BTC-21JUN19-9000-C,101.13,0.0685,0.6,0,1560664863014,24300577,236
2019-06-16 06:01:03.014,0.4,buy,9361.78,BTC-21JUN19-9000-C,101.13,0.0685,0.4,1,1560664863014,24300578,237
2019-06-16 06:04:58.225,2.0,buy,9357.48,BTC-21JUN19-9000-C,100.62,0.068,2.0,2,1560665098225,24302019,238
2019-06-16 06:07:20.360,0.5,buy,9285.63,BTC-21JUN19-9000-C,100.45,0.0635,0.5,2,1560665240360,24303578,239
2019-06-16 06:09:57.129,0.1,buy,9258.01,BTC-21JUN19-9000-C,99.73,0.0615,0.1,2,1560665397129,24304766,240
2019-06-16 06:10:08.701,1.0,sell,9249.08,BTC-21JUN19-9000-C,89.8,0.0565,1.0,2,1560665408701,24304873,241
2019-06-16 06:22:21.560,0.1,buy,9297.72,BTC-21JUN19-9000-C,100.02,0.064,0.1,0,1560666141560,24307041,242
2019-06-16 06:34:12.189,2.4,buy,9281.19,BTC-21JUN19-9000-C,100.12,0.063,2.4,1,1560666852189,24308629,245
2019-06-16 06:34:12.189,0.6,buy,9281.19,BTC-21JUN19-9000-C,99.0,0.0625,0.6,2,1560666852189,24308627,243
2019-06-16 06:34:12.189,6.0,buy,9281.19,BTC-21JUN19-9000-C,100.12,0.063,6.0,0,1560666852189,24308628,244
2019-06-16 07:23:34.050,0.2,buy,9309.18,BTC-21JUN19-9000-C,95.45,0.0625,0.2,2,1560669814050,24312516,246
2019-06-16 08:47:07.388,7.6,buy,8975.14,BTC-21JUN19-9000-C,100.63,0.0455,7.6,2,1560674827388,24328675,247
2019-06-16 09:33:24.197,1.0,buy,9047.08,BTC-21JUN19-9000-C,89.4,0.044000000000000004,1.0,2,1560677604197,24342286,248
2019-06-16 10:25:29.748,0.2,sell,9125.15,BTC-21JUN19-9000-C,86.67,0.047,0.2,0,1560680729748,24349547,249
2019-06-16 10:25:29.748,0.3,sell,9125.15,BTC-21JUN19-9000-C,82.26,0.045,0.3,2,1560680729748,24349548,250
2019-06-16 11:02:06.583,0.6,buy,9102.36,BTC-21JUN19-9000-C,94.17,0.049,0.6,0,1560682926583,24351923,251
2019-06-16 11:02:06.583,4.4,buy,9102.36,BTC-21JUN19-9000-C,94.17,0.049,4.4,1,1560682926583,24351924,252
2019-06-16 13:42:10.951,0.5,buy,9170.59,BTC-21JUN19-9000-C,94.31,0.0525,0.5,0,1560692530951,24365785,253
2019-06-16 13:52:30.923,0.8,sell,9238.5,BTC-21JUN19-9000-C,91.96,0.0555,0.8,0,1560693150923,24368012,254
2019-06-16 14:09:54.851,1.0,sell,9288.51,BTC-21JUN19-9000-C,93.06,0.059000000000000004,1.0,0,1560694194851,24370109,255
2019-06-16 15:42:48.613,1.0,sell,9169.39,BTC-21JUN19-9000-C,91.9,0.051,1.0,2,1560699768613,24380540,256
2019-06-16 15:46:50.193,0.5,sell,9195.98,BTC-21JUN19-9000-C,91.75,0.0525,0.5,0,1560700010193,24380937,257
2019-06-16 15:47:20.991,0.3,sell,9192.97,BTC-21JUN19-9000-C,92.16,0.0525,0.3,1,1560700040991,24380952,258
2019-06-16 17:40:39.382,0.6,buy,9002.05,BTC-21JUN19-9000-C,91.38,0.040999999999999995,0.6,2,1560706839382,24394827,259
2019-06-16 17:45:40.404,0.6,buy,9035.65,BTC-21JUN19-9000-C,94.07,0.044000000000000004,0.6,0,1560707140404,24396010,260
2019-06-16 17:45:48.359,0.8,sell,9044.49,BTC-21JUN19-9000-C,92.99,0.044000000000000004,0.8,1,1560707148359,24396086,261
2019-06-16 18:42:39.365,4.8,sell,9089.61,BTC-21JUN19-9000-C,87.71,0.044000000000000004,4.8,1,1560710559365,24401107,262
2019-06-16 19:14:24.539,0.1,buy,9036.91,BTC-21JUN19-9000-C,95.68,0.0445,0.1,0,1560712464539,24403316,263
2019-06-16 19:38:38.679,3.4,buy,8912.15,BTC-21JUN19-9000-C,98.18,0.039,3.4,3,1560713918679,24410326,265
2019-06-16 19:38:38.679,0.6,buy,8912.15,BTC-21JUN19-9000-C,98.18,0.039,0.6,2,1560713918679,24410325,264
2019-06-16 19:40:12.757,0.5,buy,8917.97,BTC-21JUN19-9000-C,99.78,0.04,0.5,0,1560714012757,24410888,266
2019-06-16 20:00:19.724,0.5,buy,8926.3,BTC-21JUN19-9000-C,100.11,0.0405,0.5,0,1560715219724,24415380,269
2019-06-16 20:00:19.724,0.5,buy,8926.3,BTC-21JUN19-9000-C,98.98,0.04,0.5,0,1560715219724,24415379,268
2019-06-16 20:00:19.724,1.0,buy,8926.3,BTC-21JUN19-9000-C,96.73,0.039,1.0,2,1560715219724,24415378,267
2019-06-16 20:10:22.357,0.2,sell,8863.03,BTC-21JUN19-9000-C,98.23,0.0365,0.2,2,1560715822357,24418541,270
2019-06-16 20:13:54.916,1.0,buy,8828.6,BTC-21JUN19-9000-C,96.32,0.034,1.0,2,1560716034916,24420711,271
2019-06-16 21:02:18.586,1.0,buy,8922.27,BTC-21JUN19-9000-C,99.92,0.04,1.0,1,1560718938586,24426979,273
2019-06-16 21:02:18.586,3.5,buy,8922.27,BTC-21JUN19-9000-C,99.92,0.04,3.5,0,1560718938586,24426978,272
2019-06-16 21:02:47.236,1.0,buy,8920.24,BTC-21JUN19-9000-C,102.43,0.040999999999999995,1.0,0,1560718967236,24426996,274
2019-06-16 21:02:47.486,0.1,sell,8920.24,BTC-21JUN19-9000-C,102.43,0.040999999999999995,0.1,1,1560718967486,24426997,275
2019-06-16 21:03:27.896,5.0,buy,8926.36,BTC-21JUN19-9000-C,104.0,0.042,5.0,0,1560719007896,24427019,276
2019-06-16 22:04:55.330,1.0,buy,9051.48,BTC-21JUN19-9000-C,96.28,0.045,1.0,0,1560722695330,24431679,277
2019-06-16 22:15:00.318,0.3,buy,9060.8,BTC-21JUN19-9000-C,98.62,0.0465,0.3,0,1560723300318,24432379,278
2019-06-17 00:17:15.397,0.3,sell,9060.46,BTC-21JUN19-9000-C,94.99,0.0445,0.3,2,1560730635397,24439104,279
2019-06-17 00:30:43.202,0.2,sell,9154.57,BTC-21JUN19-9000-C,93.06,0.049,0.2,0,1560731443202,24442160,280
2019-06-17 00:31:19.731,0.5,buy,9161.56,BTC-21JUN19-9000-C,103.9,0.054000000000000006,0.5,0,1560731479731,24442253,281
2019-06-17 00:32:13.712,0.2,sell,9185.2,BTC-21JUN19-9000-C,93.51,0.051,0.2,2,1560731533712,24442532,282
2019-06-17 04:34:52.590,0.1,buy,9197.81,BTC-21JUN19-9000-C,99.64,0.0535,0.1,0,1560746092590,24462404,283
2019-06-17 07:11:35.967,0.1,sell,9148.92,BTC-21JUN19-9000-C,93.37,0.0475,0.1,2,1560755495967,24470314,284
2019-06-17 07:17:33.298,0.1,sell,9154.41,BTC-21JUN19-9000-C,92.62,0.0475,0.1,3,1560755853298,24470440,285
2019-06-17 07:22:00.417,0.1,sell,9161.29,BTC-21JUN19-9000-C,91.66,0.0475,0.1,3,1560756120417,24470580,286
2019-06-17 08:07:56.032,0.1,buy,9178.4,BTC-21JUN19-9000-C,94.44,0.0495,0.1,0,1560758876032,24471857,287
2019-06-17 08:14:19.547,0.1,buy,9191.21,BTC-21JUN19-9000-C,92.58,0.0495,0.1,1,1560759259547,24472006,288
2019-06-17 08:27:31.538,0.1,buy,9201.1,BTC-21JUN19-9000-C,99.91,0.053,0.1,0,1560760051538,24472744,289
2019-06-17 08:58:55.336,0.2,buy,9208.06,BTC-21JUN19-9000-C,95.39,0.0515,0.2,2,1560761935336,24474301,290
2019-06-17 09:47:50.777,1.0,sell,9163.94,BTC-21JUN19-9000-C,97.41,0.0495,1.0,2,1560764870777,24476983,291
2019-06-17 10:17:53.161,0.8,sell,9181.82,BTC-21JUN19-9000-C,96.26,0.05,0.8,0,1560766673161,24477899,292
2019-06-17 11:01:50.148,0.2,buy,9315.53,BTC-21JUN19-9000-C,97.23,0.0585,0.2,0,1560769310148,24483221,293
2019-06-17 11:31:12.340,0.2,buy,9309.51,BTC-21JUN19-9000-C,97.18,0.057999999999999996,0.2,2,1560771072340,24487340,294
2019-06-17 11:33:59.473,0.1,buy,9274.58,BTC-21JUN19-9000-C,101.63,0.0575,0.1,2,1560771239473,24487816,295
2019-06-17 11:42:27.871,1.0,sell,9291.8,BTC-21JUN19-9000-C,93.67,0.0555,1.0,2,1560771747871,24488257,296
2019-06-17 11:49:32.683,3.0,sell,9306.09,BTC-21JUN19-9000-C,95.28,0.057,3.0,0,1560772172683,24488584,297
2019-06-17 13:25:06.074,18.0,buy,9285.81,BTC-21JUN19-9000-C,104.76,0.059000000000000004,18.0,0,1560777906074,24501207,298
2019-06-17 13:49:07.651,0.8,sell,9294.22,BTC-21JUN19-9000-C,98.33,0.057,0.8,2,1560779347651,24502674,299
2019-06-17 13:49:37.253,0.2,sell,9293.78,BTC-21JUN19-9000-C,97.09,0.0565,0.2,2,1560779377253,24502690,300
2019-06-17 14:25:37.340,0.1,buy,9318.58,BTC-21JUN19-9000-C,102.55,0.06,0.1,0,1560781537340,24504453,301
2019-06-17 14:59:02.869,3.5,buy,9400.35,BTC-21JUN19-9000-C,102.11,0.065,3.5,0,1560783542869,24508380,302
2019-06-17 15:46:00.214,2.1,sell,9145.78,BTC-21JUN19-9000-C,103.37,0.0495,2.1,2,1560786360214,24522521,303
2019-06-17 15:46:07.162,2.1,sell,9124.44,BTC-21JUN19-9000-C,105.24,0.049,2.1,2,1560786367162,24523025,304
2019-06-17 16:16:39.840,0.8,sell,9206.93,BTC-21JUN19-9000-C,96.86,0.0505,0.8,0,1560788199840,24533894,305
2019-06-17 16:17:02.900,4.9,sell,9205.6,BTC-21JUN19-9000-C,94.46,0.0495,4.9,2,1560788222900,24533906,306
2019-06-17 17:06:21.209,0.2,sell,9229.26,BTC-21JUN19-9000-C,104.24,0.0545,0.2,0,1560791181209,24537329,307
2019-06-17 17:06:56.702,0.2,sell,9231.97,BTC-21JUN19-9000-C,102.5,0.054000000000000006,0.2,2,1560791216702,24537365,308
2019-06-17 20:33:54.523,1.6,buy,9309.2,BTC-21JUN19-9000-C,107.89,0.06,1.6,0,1560803634523,24559938,309
2019-06-17 21:51:34.087,3.7,sell,9272.24,BTC-21JUN19-9000-C,98.58,0.054000000000000006,3.7,2,1560808294087,24569070,310
2019-06-18 02:35:29.968,3.9,sell,9279.38,BTC-21JUN19-9000-C,95.95,0.0525,3.9,2,1560825329968,24610833,311
2019-06-18 02:35:36.763,6.7,buy,9279.91,BTC-21JUN19-9000-C,95.87,0.0525,6.7,3,1560825336763,24610834,312
2019-06-18 04:28:12.493,0.1,buy,9281.23,BTC-21JUN19-9000-C,109.8,0.057,0.1,1,1560832092493,24616466,314
2019-06-18 04:28:12.493,0.8,buy,9281.23,BTC-21JUN19-9000-C,109.8,0.057,0.8,0,1560832092493,24616465,313
2019-06-18 04:28:12.493,17.1,buy,9281.23,BTC-21JUN19-9000-C,109.8,0.057,17.1,1,1560832092493,24616467,315
2019-06-18 04:59:35.447,7.0,sell,9260.08,BTC-21JUN19-9000-C,105.37,0.054000000000000006,7.0,2,1560833975447,24617058,316
2019-06-18 05:03:08.398,1.0,sell,9242.07,BTC-21JUN19-9000-C,108.6,0.054000000000000006,1.0,3,1560834188398,24617177,317
2019-06-18 05:10:32.209,3.0,sell,9236.62,BTC-21JUN19-9000-C,109.65,0.054000000000000006,3.0,3,1560834632209,24617375,318
2019-06-18 05:11:21.512,10.0,sell,9230.55,BTC-21JUN19-9000-C,107.87,0.053,10.0,2,1560834681512,24617537,319
2019-06-18 05:11:53.444,1.0,sell,9228.0,BTC-21JUN19-9000-C,108.32,0.053,1.0,3,1560834713444,24617626,320
2019-06-18 05:33:34.864,0.1,sell,9173.67,BTC-21JUN19-9000-C,102.36,0.0475,0.1,2,1560836014864,24621000,321
2019-06-18 05:44:19.230,4.6000000000000005,sell,9144.95,BTC-21JUN19-9000-C,107.24,0.0475,4.6000000000000005,3,1560836659230,24621942,322
2019-06-18 06:11:54.027,17.900000000000006,buy,9197.88,BTC-21JUN19-9000-C,111.4,0.052000000000000005,17.900000000000006,1,1560838314027,24624783,324
2019-06-18 06:11:54.027,0.1,buy,9197.88,BTC-21JUN19-9000-C,111.4,0.052000000000000005,0.1,0,1560838314027,24624782,323
2019-06-18 06:12:56.747,5.0,sell,9191.22,BTC-21JUN19-9000-C,109.71,0.051,5.0,2,1560838376747,24624852,325
2019-06-18 06:13:12.539,5.0,sell,9188.99,BTC-21JUN19-9000-C,108.68,0.0505,5.0,2,1560838392539,24624874,326
2019-06-18 06:14:36.773,3.0,sell,9191.49,BTC-21JUN19-9000-C,108.28,0.0505,3.0,3,1560838476773,24624931,327
2019-06-18 06:14:46.049,5.0,sell,9189.2,BTC-21JUN19-9000-C,108.67,0.0505,5.0,3,1560838486049,24624932,328
2019-06-18 06:14:52.621,5.0,sell,9188.94,BTC-21JUN19-9000-C,108.71,0.0505,5.0,3,1560838492621,24624937,329
2019-06-18 06:15:00.610,5.0,sell,9189.18,BTC-21JUN19-9000-C,107.26,0.05,5.0,2,1560838500610,24624940,330
2019-06-18 06:15:59.449,5.0,sell,9181.02,BTC-21JUN19-9000-C,108.65,0.05,5.0,3,1560838559449,24624994,331
2019-06-18 06:16:25.835,5.0,sell,9174.24,BTC-21JUN19-9000-C,108.38,0.0495,5.0,2,1560838585835,24625032,332
2019-06-18 06:27:53.686,5.0,sell,9168.29,BTC-21JUN19-9000-C,108.12,0.049,5.0,2,1560839273686,24625612,333
2019-06-18 06:41:39.161,7.5,sell,9146.89,BTC-21JUN19-9000-C,107.63,0.0475,7.5,2,1560840099161,24626108,334
2019-06-18 06:41:39.904,3.5,sell,9140.4,BTC-21JUN19-9000-C,108.69,0.0475,3.5,3,1560840099904,24626121,335
2019-06-18 08:25:17.384,0.2,buy,9146.02,BTC-21JUN19-9000-C,103.38,0.0455,0.2,2,1560846317384,24635655,336
2019-06-18 09:38:30.583,1.0,sell,9242.2,BTC-21JUN19-9000-C,100.25,0.05,1.0,0,1560850710583,24639641,337
2019-06-18 09:38:30.791,0.6,sell,9242.2,BTC-21JUN19-9000-C,100.25,0.05,0.6,1,1560850710791,24639642,338
2019-06-18 09:38:30.791,0.4,sell,9242.2,BTC-21JUN19-9000-C,100.25,0.05,0.4,1,1560850710791,24639643,339
2019-06-18 09:38:31.042,1.0,sell,9242.2,BTC-21JUN19-9000-C,100.25,0.05,1.0,1,1560850711042,24639648,340
2019-06-18 09:38:31.782,1.0,sell,9242.73,BTC-21JUN19-9000-C,100.17,0.05,1.0,1,1560850711782,24639649,341
2019-06-18 12:22:46.102,0.2,sell,9125.03,BTC-21JUN19-9000-C,105.59,0.044000000000000004,0.2,2,1560860566102,24645951,342
2019-06-18 14:49:00.122,5.0,sell,9143.6,BTC-21JUN19-9000-C,92.36,0.04,5.0,2,1560869340122,24653679,343
2019-06-18 14:49:33.092,5.0,sell,9138.21,BTC-21JUN19-9000-C,91.86,0.0395,5.0,2,1560869373092,24653687,344
2019-06-18 14:49:59.140,18.0,sell,9137.49,BTC-21JUN19-9000-C,90.49,0.039,18.0,2,1560869399140,24653695,345
2019-06-18 14:49:59.140,5.0,sell,9137.49,BTC-21JUN19-9000-C,90.49,0.039,5.0,3,1560869399140,24653696,346
2019-06-18 14:54:42.294,5.8,sell,9131.02,BTC-21JUN19-9000-C,85.75,0.037000000000000005,5.8,2,1560869682294,24653947,347
2019-06-18 14:54:42.294,18.0,sell,9131.02,BTC-21JUN19-9000-C,85.75,0.037000000000000005,18.0,3,1560869682294,24653948,348
2019-06-18 15:26:23.221,1.0,sell,9038.83,BTC-21JUN19-9000-C,84.29,0.031,1.0,2,1560871583221,24659538,349
2019-06-18 16:49:45.255,0.1,sell,9017.88,BTC-21JUN19-9000-C,84.22,0.0295,0.1,2,1560876585255,24669269,350
2019-06-18 17:01:20.895,0.1,buy,8987.13,BTC-21JUN19-9000-C,95.18,0.0315,0.1,0,1560877280895,24671458,351
2019-06-18 17:02:37.950,7.5,sell,9011.23,BTC-21JUN19-9000-C,94.33,0.0325,7.5,0,1560877357950,24671829,352
2019-06-18 17:02:42.777,2.6,sell,9012.65,BTC-21JUN19-9000-C,94.1,0.0325,2.6,1,1560877362777,24671852,353
2019-06-18 17:20:47.241,0.1,buy,8972.7,BTC-21JUN19-9000-C,94.72,0.0305,0.1,2,1560878447241,24674167,354
2019-06-18 17:24:30.526,0.5,buy,8971.58,BTC-21JUN19-9000-C,93.45,0.03,0.5,2,1560878670526,24675025,355
2019-06-18 17:40:45.043,0.5,buy,9034.01,BTC-21JUN19-9000-C,92.57,0.033,0.5,0,1560879645043,24678881,356
2019-06-18 19:15:02.227,0.6,buy,9119.1,BTC-21JUN19-9000-C,86.35,0.0355,0.6,0,1560885302227,24684950,357
2019-06-18 19:15:02.562,0.6,buy,9119.1,BTC-21JUN19-9000-C,86.35,0.0355,0.6,1,1560885302562,24684953,358
2019-06-18 19:49:32.983,0.6,buy,9108.43,BTC-21JUN19-9000-C,88.75,0.0355,0.6,1,1560887372983,24685847,359
2019-06-18 20:22:07.663,3.2,buy,9127.9,BTC-21JUN19-9000-C,85.49,0.0355,3.2,1,1560889327663,24689093,360
2019-06-18 21:36:46.768,0.1,sell,9077.18,BTC-21JUN19-9000-C,89.6,0.0335,0.1,2,1560893806768,24692793,361
2019-06-18 22:20:02.807,3.2,sell,8951.84,BTC-21JUN19-9000-C,88.17,0.026000000000000002,3.2,2,1560896402807,24698515,362
2019-06-18 22:53:15.750,1.0,sell,8999.32,BTC-21JUN19-9000-C,82.39,0.0265,1.0,0,1560898395750,24702046,363
2019-06-18 23:07:11.810,3.0,sell,8997.81,BTC-21JUN19-9000-C,81.26,0.026000000000000002,3.0,2,1560899231810,24702949,364
2019-06-19 00:44:08.211,0.7000000000000001,sell,9051.85,BTC-21JUN19-9000-C,79.24,0.027999999999999997,0.7000000000000001,3,1560905048211,24709365,367
2019-06-19 00:44:08.211,1.0,sell,9051.85,BTC-21JUN19-9000-C,79.24,0.027999999999999997,1.0,2,1560905048211,24709364,366
2019-06-19 00:44:08.211,0.3,sell,9051.85,BTC-21JUN19-9000-C,82.41,0.028999999999999998,0.3,0,1560905048211,24709363,365
2019-06-19 02:59:58.763,18.0,sell,9147.63,BTC-21JUN19-9000-C,81.59,0.034,18.0,0,1560913198763,24715528,368
2019-06-19 04:25:25.921,18.0,sell,9182.46,BTC-21JUN19-9000-C,78.39,0.035,18.0,0,1560918325921,24718038,369
2019-06-19 04:34:33.139,18.0,sell,9192.09,BTC-21JUN19-9000-C,74.49,0.0345,18.0,2,1560918873139,24718240,370
2019-06-19 04:52:27.262,0.6,sell,9167.89,BTC-21JUN19-9000-C,78.58,0.034,0.6,2,1560919947262,24718971,371
2019-06-19 04:56:20.415,0.6,sell,9167.52,BTC-21JUN19-9000-C,78.72,0.034,0.6,3,1560920180415,24719035,372
2019-06-19 04:57:07.968,18.0,sell,9167.96,BTC-21JUN19-9000-C,71.64,0.032,18.0,2,1560920227968,24719038,373
2019-06-19 04:57:07.968,4.0,sell,9167.96,BTC-21JUN19-9000-C,71.64,0.032,4.0,3,1560920227968,24719039,374
2019-06-19 06:12:44.610,0.1,sell,9170.02,BTC-21JUN19-9000-C,73.84,0.0325,0.1,0,1560924764610,24720687,375
2019-06-19 13:21:12.320,0.1,buy,9150.64,BTC-21JUN19-9000-C,78.93,0.031,0.1,2,1560950472320,24738000,376
2019-06-19 15:06:46.202,0.4,sell,9097.68,BTC-21JUN19-9000-C,74.45,0.026000000000000002,0.4,2,1560956806202,24744774,377
2019-06-19 17:19:09.074,0.4,buy,9123.09,BTC-21JUN19-9000-C,89.81,0.031,0.4,0,1560964749074,24752373,378
2019-06-19 17:19:44.602,0.4,buy,9124.11,BTC-21JUN19-9000-C,89.58,0.031,0.4,1,1560964784602,24752379,379
2019-06-19 17:34:11.623,0.4,sell,9132.49,BTC-21JUN19-9000-C,77.9,0.0285,0.4,2,1560965651623,24752640,380
2019-06-19 17:34:11.623,0.6,sell,9132.49,BTC-21JUN19-9000-C,71.92,0.027000000000000003,0.6,2,1560965651623,24752641,381
2019-06-19 21:53:51.453,0.8,buy,9185.52,BTC-21JUN19-9000-C,93.38,0.0345,0.8,0,1560981231453,24761391,382
2019-06-19 21:54:44.413,0.2,buy,9186.22,BTC-21JUN19-9000-C,91.04,0.034,0.2,2,1560981284413,24761450,383
2019-06-19 21:57:20.662,0.5,buy,9210.85,BTC-21JUN19-9000-C,94.72,0.0365,0.5,0,1560981440662,24762609,384
2019-06-19 21:59:12.868,0.4,buy,9225.32,BTC-21JUN19-9000-C,94.81,0.0375,0.4,0,1560981552868,24762961,385
2019-06-19 22:16:08.647,0.1,buy,9279.11,BTC-21JUN19-9000-C,96.22,0.0415,0.1,0,1560982568647,24766239,386
2019-06-19 22:16:08.647,1.9,buy,9279.11,BTC-21JUN19-9000-C,98.55,0.042,1.9,0,1560982568647,24766240,387
2019-06-19 22:33:26.251,0.2,buy,9270.46,BTC-21JUN19-9000-C,85.34,0.0385,0.2,2,1560983606251,24768724,388
2019-06-19 23:17:15.829,3.0,buy,9315.62,BTC-21JUN19-9000-C,91.98,0.043,3.0,0,1560986235829,24774889,389
2019-06-19 23:58:51.458,3.0,buy,9281.79,BTC-21JUN19-9000-C,97.84,0.0415,3.0,2,1560988731458,24777532,390
2019-06-20 03:40:27.706,0.1,buy,9347.29,BTC-21JUN19-9000-C,90.83,0.044000000000000004,0.1,0,1561002027706,24785047,391
2019-06-20 03:46:14.780,0.1,buy,9359.77,BTC-21JUN19-9000-C,91.11,0.045,0.1,0,1561002374780,24785779,392
2019-06-20 03:46:45.574,0.9,sell,9352.69,BTC-21JUN19-9000-C,82.31,0.043,0.9,2,1561002405574,24785891,393
2019-06-20 03:58:20.350,0.1,sell,9339.91,BTC-21JUN19-9000-C,88.83,0.043,0.1,3,1561003100350,24786523,394
2019-06-20 03:58:36.758,0.4,sell,9340.33,BTC-21JUN19-9000-C,85.66,0.0425,0.4,2,1561003116758,24786524,395
2019-06-20 04:00:27.378,0.4,sell,9339.63,BTC-21JUN19-9000-C,86.02,0.0425,0.4,3,1561003227378,24786552,396
2019-06-20 04:07:24.953,0.4,sell,9327.44,BTC-21JUN19-9000-C,79.93,0.0405,0.4,2,1561003644953,24787020,397
2019-06-20 04:07:24.953,3.7,sell,9327.44,BTC-21JUN19-9000-C,79.93,0.0405,3.7,3,1561003644953,24787021,398
2019-06-20 04:11:55.109,0.1,sell,9322.65,BTC-21JUN19-9000-C,88.32,0.0415,0.1,0,1561003915109,24787332,399
2019-06-20 06:26:17.070,0.1,sell,9302.0,BTC-21JUN19-9000-C,86.72,0.039,0.1,2,1561011977070,24791104,400
2019-06-20 07:02:04.851,0.1,sell,9301.75,BTC-21JUN19-9000-C,87.88,0.039,0.1,3,1561014124851,24791642,401
2019-06-20 07:02:04.851,6.0,sell,9301.75,BTC-21JUN19-9000-C,81.65,0.038,6.0,2,1561014124851,24791643,402
2019-06-20 07:02:18.755,0.4,buy,9301.85,BTC-21JUN19-9000-C,81.6,0.038,0.4,3,1561014138755,24791645,403
2019-06-20 09:14:32.969,0.1,sell,9254.25,BTC-21JUN19-9000-C,80.74,0.0335,0.1,2,1561022072969,24800232,404
2019-06-20 13:41:03.922,0.1,buy,9313.25,BTC-21JUN19-9000-C,103.3,0.04,0.1,0,1561038063922,24810862,405
2019-06-20 13:41:06.578,0.9,sell,9313.82,BTC-21JUN19-9000-C,102.98,0.04,0.9,1,1561038066578,24810864,406
2019-06-20 14:33:34.945,0.1,buy,9348.91,BTC-21JUN19-9000-C,90.49,0.040999999999999995,0.1,0,1561041214945,24814173,407
2019-06-20 14:33:38.902,2.9,buy,9348.91,BTC-21JUN19-9000-C,90.49,0.040999999999999995,2.9,1,1561041218902,24814200,408
2019-06-20 15:55:47.920,2.9,buy,9414.1,BTC-21JUN19-9000-C,72.74,0.045,2.9,0,1561046147920,24823325,409
2019-06-20 17:26:59.244,0.1,sell,9347.45,BTC-21JUN19-9000-C,100.25,0.041,0.1,2,1561051619244,24838376,410
