date_utc,amount,direction,indexPrice,instrument,iv,price,quantity,tickDirection,timeStamp,tradeId,tradeSeq
2019-02-16 01:08:17.381,0.5,sell,3574.57,BTC-26APR19-3750-C,54.96,0.07400000000000001,0.5,1,1550279297381,15404106,1
2019-02-16 02:55:32.211,0.5,sell,3579.63,BTC-26APR19-3750-C,56.02,0.076,0.5,0,1550285732211,15405375,2
2019-02-16 03:00:10.176,1.0,sell,3581.1,BTC-26APR19-3750-C,56.05,0.076,1.0,1,1550286010176,15405414,3
2019-02-16 12:20:04.296,2.0,buy,3593.83,BTC-26APR19-3750-C,56.23,0.0785,2.0,0,1550319604296,15412964,4
2019-02-16 16:26:31.385,0.5,sell,3593.31,BTC-26APR19-3750-C,55.07,0.076,0.5,2,1550334391385,15421279,5
2019-02-17 03:34:13.124,1.0,sell,3588.88,BTC-26APR19-3750-C,54.48,0.07400000000000001,1.0,2,1550374453124,15427152,6
2019-02-17 10:32:57.198,0.5,buy,3634.8,BTC-26APR19-3750-C,55.71,0.0815,0.5,0,1550399577198,15436671,7
2019-02-17 14:18:52.723,3.0,sell,3572.18,BTC-26APR19-3750-C,56.26,0.0755,3.0,2,1550413132723,15448605,8
2019-02-17 17:15:09.222,0.1,buy,3573.06,BTC-26APR19-3750-C,56.51,0.0755,0.1,3,1550423709222,15450723,9
2019-02-17 18:40:12.324,3.0,buy,3570.7,BTC-26APR19-3750-C,56.19,0.075,3.0,2,1550428812324,15451452,10
2019-02-18 08:22:11.052,2.0,sell,3690.3,BTC-26APR19-3750-C,53.33,0.0835,2.0,0,1550478131052,15505213,11
2019-02-18 11:35:06.133,6.0,buy,3693.94,BTC-26APR19-3750-C,56.1,0.0885,6.0,0,1550489706133,15511749,12
2019-02-18 13:01:18.354,3.2,sell,3728.55,BTC-26APR19-3750-C,55.24,0.091,3.2,0,1550494878354,15520408,13
2019-02-18 15:12:35.436,3.0,sell,3788.94,BTC-26APR19-3750-C,55.22,0.0985,3.0,0,1550502755436,15545202,14
2019-02-19 23:41:10.868,2.0,buy,3891.42,BTC-26APR19-3750-C,61.38,0.122,2.0,0,1550619670868,15668902,16
2019-02-19 23:41:10.868,3.0,buy,3891.42,BTC-26APR19-3750-C,60.46,0.1205,3.0,0,1550619670868,15668901,15
2019-02-20 16:27:41.436,3.5,sell,3915.83,BTC-26APR19-3750-C,58.16,0.11900000000000001,3.5,2,1550680061436,15705083,17
2019-02-20 18:23:37.471,0.2,sell,3918.66,BTC-26APR19-3750-C,58.08,0.11900000000000001,0.2,3,1550687017471,15707575,18
2019-02-20 18:24:27.645,4.0,sell,3918.32,BTC-26APR19-3750-C,58.49,0.1195,4.0,0,1550687067645,15707583,19
2019-02-20 18:50:18.386,3.9,sell,3922.29,BTC-26APR19-3750-C,58.51,0.12,3.9,0,1550688618386,15708388,20
2019-02-20 19:02:16.778,4.0,sell,3922.33,BTC-26APR19-3750-C,57.95,0.1195,4.0,2,1550689336778,15708593,21
2019-02-20 19:58:14.783,3.0,buy,3924.0,BTC-26APR19-3750-C,60.4,0.1235,3.0,0,1550692694783,15709390,22
2019-02-20 23:47:29.395,8.0,sell,3930.45,BTC-26APR19-3750-C,58.4,0.1215,8.0,2,1550706449395,15714626,23
2019-02-21 00:24:03.920,8.0,sell,3924.02,BTC-26APR19-3750-C,58.44,0.12,8.0,2,1550708643920,15716947,24
2019-02-21 14:41:16.156,0.1,sell,3903.98,BTC-26APR19-3750-C,57.97,0.1175,0.1,2,1550760076156,15745254,25
2019-02-22 12:37:17.803,0.5,buy,3937.88,BTC-26APR19-3750-C,57.19,0.1205,0.5,0,1550839037803,15770698,26
2019-02-23 12:18:48.759,2.0,sell,3932.64,BTC-26APR19-3750-C,60.6,0.1225,2.0,0,1550924328759,15802339,27
2019-02-24 12:40:48.934,2.0,sell,4116.21,BTC-26APR19-3750-C,57.74,0.14300000000000002,2.0,0,1551012048934,15880371,28
2019-02-24 13:00:05.856,0.5,sell,4106.45,BTC-26APR19-3750-C,58.41,0.14300000000000002,0.5,1,1551013205856,15881002,29
2019-02-24 14:19:13.387,2.0,buy,3826.97,BTC-26APR19-3750-C,59.08,0.0975,2.0,2,1551017953387,15905717,30
2019-02-24 14:20:53.614,6.0,sell,3828.16,BTC-26APR19-3750-C,59.34,0.0985,6.0,0,1551018053614,15907478,31
2019-02-24 14:51:34.498,3.0,sell,3809.75,BTC-26APR19-3750-C,58.79,0.1,3.0,0,1551019894498,15926029,32
2019-02-24 15:12:04.447,1.4,sell,3816.79,BTC-26APR19-3750-C,59.28,0.1005,1.4,0,1551021124447,15932287,33
2019-02-25 10:08:46.231,6.0,sell,3774.19,BTC-26APR19-3750-C,60.72,0.099,6.0,2,1551089326231,15982092,34
2019-02-25 10:54:52.954,1.5,buy,3777.8,BTC-26APR19-3750-C,62.0,0.1015,1.5,0,1551092092954,15985382,35
2019-02-25 11:07:55.431,0.5,buy,3788.29,BTC-26APR19-3750-C,61.84,0.102,0.5,0,1551092875431,15985624,36
2019-02-25 15:55:15.275,0.1,buy,3790.98,BTC-26APR19-3750-C,61.8,0.102,0.1,1,1551110115275,15991617,37
2019-02-25 18:06:06.470,2.0,buy,3845.11,BTC-26APR19-3750-C,59.98,0.105,2.0,0,1551117966470,16002602,38
2019-02-25 18:06:07.150,0.8,sell,3845.64,BTC-26APR19-3750-C,59.94,0.105,0.8,1,1551117967150,16002607,39
2019-02-25 18:06:12.236,1.2,buy,3845.67,BTC-26APR19-3750-C,59.61,0.1045,1.2,2,1551117972236,16002641,40
2019-02-26 02:13:06.956,6.0,sell,3821.5,BTC-26APR19-3750-C,60.53,0.1035,6.0,2,1551147186956,16014354,41
2019-02-26 02:18:18.152,6.0,sell,3824.66,BTC-26APR19-3750-C,60.05,0.103,6.0,2,1551147498152,16014422,42
2019-02-26 15:53:03.882,6.0,sell,3809.86,BTC-26APR19-3750-C,59.46,0.0995,6.0,2,1551196383882,16035139,43
2019-02-27 16:55:12.576,2.8000000000000003,sell,3801.69,BTC-26APR19-3750-C,57.21,0.0945,2.8000000000000003,2,1551286512576,16062939,44
2019-02-27 20:38:43.528,3.7,buy,3724.34,BTC-26APR19-3750-C,57.48,0.0865,3.7,2,1551299923528,16072533,45
2019-02-28 12:17:12.155,3.7,sell,3823.9,BTC-26APR19-3750-C,57.02,0.097,3.7,0,1551356232155,16102440,46
2019-03-03 06:54:40.224,1.0,buy,3810.44,BTC-26APR19-3750-C,55.85,0.092,1.0,2,1551596080224,16185348,47
2019-03-03 17:10:52.594,2.0,sell,3789.97,BTC-26APR19-3750-C,55.71,0.0885,2.0,2,1551633052594,16196348,48
2019-03-04 05:16:59.290,3.0,sell,3716.33,BTC-26APR19-3750-C,54.68,0.078,3.0,2,1551676619290,16215446,49
2019-03-04 06:28:34.378,0.1,buy,3724.21,BTC-26APR19-3750-C,56.99,0.0825,0.1,0,1551680914378,16220446,50
2019-03-04 18:36:25.181,1.0,sell,3709.62,BTC-26APR19-3750-C,53.99,0.0755,1.0,2,1551724585181,16242118,51
2019-03-04 18:40:46.586,1.0,sell,3708.27,BTC-26APR19-3750-C,53.71,0.075,1.0,2,1551724846586,16242156,52
2019-03-05 12:37:44.127,3.6,buy,3738.93,BTC-26APR19-3750-C,54.83,0.0805,3.6,0,1551789464127,16256093,53
2019-03-05 13:14:23.175,3.4,buy,3760.06,BTC-26APR19-3750-C,54.58,0.083,3.4,0,1551791663175,16258893,54
2019-03-05 13:14:41.516,3.4,sell,3766.68,BTC-26APR19-3750-C,54.67,0.084,3.4,0,1551791681516,16259204,55
2019-03-05 13:44:56.720,3.1,buy,3811.45,BTC-26APR19-3750-C,54.98,0.0895,3.1,0,1551793496720,16265998,56
2019-03-05 20:37:56.229,1.0,sell,3845.53,BTC-26APR19-3750-C,53.93,0.0925,1.0,0,1551818276229,16294257,57
2019-03-06 01:25:02.807,1.5,buy,3822.56,BTC-26APR19-3750-C,56.18,0.0925,1.5,1,1551835502807,16301801,58
2019-03-06 16:43:59.163,4.0,sell,3849.08,BTC-26APR19-3750-C,53.68,0.0925,4.0,1,1551890639163,16325223,59
2019-03-07 00:03:51.827,1.0,buy,3864.48,BTC-26APR19-3750-C,53.73,0.0945,1.0,0,1551917031827,16329177,60
2019-03-07 05:01:57.927,1.5,sell,3884.6,BTC-26APR19-3750-C,52.95,0.096,1.5,0,1551934917927,16340714,61
2019-03-07 18:25:15.921,5.0,buy,3864.41,BTC-26APR19-3750-C,51.83,0.091,5.0,2,1551983115921,16360970,62
2019-03-12 13:17:31.523,5.0,sell,3868.23,BTC-26APR19-3750-C,50.08,0.084,5.0,2,1552396651523,16520248,63
2019-03-13 06:20:27.636,3.4,sell,3859.67,BTC-26APR19-3750-C,48.52,0.0805,3.4,2,1552458027636,16530090,66
2019-03-13 06:20:27.636,0.5,sell,3859.67,BTC-26APR19-3750-C,48.89,0.081,0.5,2,1552458027636,16530089,65
2019-03-13 06:20:27.636,0.1,sell,3859.67,BTC-26APR19-3750-C,49.27,0.0815,0.1,2,1552458027636,16530088,64
2019-03-14 11:18:37.225,7.0,sell,3846.52,BTC-26APR19-3750-C,48.73,0.0775,7.0,2,1552562317225,16552477,67
2019-03-14 14:12:13.623,2.0,buy,3897.56,BTC-26APR19-3750-C,48.74,0.084,2.0,0,1552572733623,16558064,68
2019-03-15 15:28:07.655,3.0,buy,3898.64,BTC-26APR19-3750-C,49.76,0.0855,3.0,0,1552663687655,16594101,69
2019-03-15 16:39:00.708,2.0,buy,3896.51,BTC-26APR19-3750-C,50.32,0.086,2.0,0,1552667940708,16597819,70
2019-03-15 16:39:15.027,0.3,buy,3896.51,BTC-26APR19-3750-C,50.42,0.086,0.3,1,1552667955027,16597840,71
2019-03-15 21:55:02.209,1.0,buy,3890.22,BTC-26APR19-3750-C,50.56,0.0855,1.0,2,1552686902209,16601761,72
2019-03-16 05:11:04.955,4.0,buy,4033.14,BTC-26APR19-3750-C,54.51,0.11,4.0,0,1552713064955,16629038,73
2019-03-16 05:11:08.042,4.0,buy,4032.29,BTC-26APR19-3750-C,54.7,0.11,4.0,1,1552713068042,16629048,74
2019-03-16 05:11:11.294,4.0,sell,4032.38,BTC-26APR19-3750-C,54.75,0.11,4.0,1,1552713071294,16629061,75
2019-03-16 08:55:55.446,1.8,sell,3995.01,BTC-26APR19-3750-C,50.61,0.0995,1.8,2,1552726555446,16636620,76
2019-03-16 08:56:01.544,0.2,buy,3995.01,BTC-26APR19-3750-C,50.61,0.0995,0.2,3,1552726561544,16636622,77
2019-03-16 08:56:37.717,1.0,sell,3994.87,BTC-26APR19-3750-C,50.62,0.0995,1.0,3,1552726597717,16636627,78
2019-03-16 16:55:25.350,1.3,sell,3984.39,BTC-26APR19-3750-C,49.91,0.0975,1.3,2,1552755325350,16647107,79
2019-03-16 16:56:35.628,1.0,sell,3984.48,BTC-26APR19-3750-C,49.91,0.0975,1.0,3,1552755395628,16647108,80
2019-03-16 21:22:21.595,3.0,sell,3980.71,BTC-26APR19-3750-C,49.07,0.0955,3.0,2,1552771341595,16649151,81
2019-03-17 07:49:42.679,1.0,buy,3952.89,BTC-26APR19-3750-C,51.23,0.094,1.0,2,1552808982679,16659009,82
2019-03-17 11:55:41.321,0.4,sell,3966.16,BTC-26APR19-3750-C,49.59,0.0935,0.4,2,1552823741321,16662012,83
2019-03-17 19:31:43.644,0.5,buy,3970.28,BTC-26APR19-3750-C,50.03,0.094,0.5,0,1552851103644,16666401,84
2019-03-18 00:03:49.683,3.0,sell,3962.47,BTC-26APR19-3750-C,49.15,0.0915,3.0,2,1552867429683,16668485,85
2019-03-18 00:05:04.713,3.0,sell,3962.5,BTC-26APR19-3750-C,49.43,0.092,3.0,0,1552867504713,16668629,86
2019-03-18 14:22:43.429,2.0,buy,3958.06,BTC-26APR19-3750-C,47.62,0.0895,2.0,2,1552918963429,16690513,87
2019-03-18 14:25:56.200,4.0,sell,3960.16,BTC-26APR19-3750-C,47.94,0.09,4.0,0,1552919156200,16690588,88
2019-03-18 15:32:36.908,6.0,sell,3963.05,BTC-26APR19-3750-C,48.21,0.09,6.0,1,1552923156908,16691241,89
2019-03-18 23:15:36.417,6.0,sell,3974.46,BTC-26APR19-3750-C,46.45,0.09,6.0,1,1552950936417,16694494,90
2019-03-18 23:59:10.851,6.4,sell,3969.84,BTC-26APR19-3750-C,46.12,0.08900000000000001,6.4,2,1552953550851,16695063,91
2019-03-18 23:59:24.767,0.4,sell,3969.85,BTC-26APR19-3750-C,45.69,0.0885,0.4,3,1552953564767,16695066,93
2019-03-18 23:59:24.767,3.2,sell,3969.85,BTC-26APR19-3750-C,45.69,0.0885,3.2,2,1552953564767,16695065,92
2019-03-19 15:09:28.063,6.0,sell,3972.39,BTC-26APR19-3750-C,46.75,0.0895,6.0,0,1553008168063,16707743,94
2019-03-19 15:09:28.446,4.0,buy,3972.39,BTC-26APR19-3750-C,46.75,0.0895,4.0,1,1553008168446,16707744,95
2019-03-20 00:37:12.463,0.1,sell,3991.83,BTC-26APR19-3750-C,47.87,0.0935,0.1,0,1553042232463,16719544,96
2019-03-20 19:22:07.495,6.5,sell,4010.67,BTC-26APR19-3750-C,45.5,0.0925,6.5,3,1553109727495,16738586,98
2019-03-20 19:22:07.495,3.2,sell,4010.67,BTC-26APR19-3750-C,45.5,0.0925,3.2,2,1553109727495,16738585,97
2019-03-20 19:22:08.274,0.3,buy,4010.67,BTC-26APR19-3750-C,45.5,0.0925,0.3,3,1553109728274,16738590,99
2019-03-21 06:32:57.881,2.8000000000000003,sell,4025.48,BTC-26APR19-3750-C,44.1,0.093,2.8000000000000003,1,1553149977881,16748963,101
2019-03-21 06:32:57.881,0.2,sell,4025.48,BTC-26APR19-3750-C,44.1,0.093,0.2,0,1553149977881,16748962,100
2019-03-21 14:37:59.772,6.0,sell,4000.02,BTC-26APR19-3750-C,46.64,0.091,6.0,2,1553179079772,16758642,102
2019-03-21 14:58:58.078,3.2,sell,3917.13,BTC-26APR19-3750-C,47.12,0.0795,3.2,2,1553180338078,16763138,103
2019-03-21 14:58:58.420,2.8000000000000003,sell,3917.13,BTC-26APR19-3750-C,47.55,0.08,2.8000000000000003,0,1553180338420,16763200,104
2019-03-21 15:04:00.168,3.2,buy,3964.59,BTC-26APR19-3750-C,46.9,0.086,3.2,0,1553180640168,16765562,105
2019-03-21 15:04:01.334,2.8000000000000003,sell,3965.46,BTC-26APR19-3750-C,46.91,0.086,2.8000000000000003,1,1553180641334,16765595,106
2019-03-21 19:59:06.271,3.2,buy,3973.71,BTC-26APR19-3750-C,46.28,0.087,3.2,0,1553198346271,16770934,107
2019-03-21 20:44:12.623,3.2,buy,3972.68,BTC-26APR19-3750-C,46.27,0.087,3.2,1,1553201052623,16771053,108
2019-03-21 22:45:59.523,1.0,sell,3985.31,BTC-26APR19-3750-C,46.39,0.08900000000000001,1.0,0,1553208359523,16772150,109
2019-03-21 22:48:20.059,1.0,sell,3980.64,BTC-26APR19-3750-C,46.69,0.0885,1.0,2,1553208500059,16772203,110
2019-03-21 22:54:12.888,1.0,sell,3976.67,BTC-26APR19-3750-C,46.63,0.08800000000000001,1.0,2,1553208852888,16772310,111
2019-03-22 02:14:39.431,6.0,sell,3979.8,BTC-26APR19-3750-C,45.78,0.0875,6.0,2,1553220879431,16773363,112
2019-03-22 06:15:53.067,0.2,sell,3972.64,BTC-26APR19-3750-C,45.63,0.0865,0.2,2,1553235353067,16774431,113
2019-03-22 06:50:03.144,0.2,sell,3972.75,BTC-26APR19-3750-C,45.1,0.0855,0.2,2,1553237403144,16774598,114
2019-03-22 10:35:57.824,0.2,sell,3980.42,BTC-26APR19-3750-C,44.58,0.0865,0.2,0,1553250957824,16776940,115
2019-03-22 10:35:57.945,1.8,buy,3980.42,BTC-26APR19-3750-C,44.58,0.0865,1.8,1,1553250957945,16776941,116
2019-03-22 18:26:09.975,0.2,sell,3992.68,BTC-26APR19-3750-C,44.88,0.08800000000000001,0.2,0,1553279169975,16780887,117
2019-03-22 18:26:09.975,0.8,sell,3992.68,BTC-26APR19-3750-C,44.88,0.08800000000000001,0.8,1,1553279169975,16780888,118
2019-03-23 23:43:15.873,0.2,sell,3981.97,BTC-26APR19-3750-C,45.41,0.0855,0.2,2,1553384595873,16796296,119
2019-03-23 23:43:15.919,0.2,buy,3981.97,BTC-26APR19-3750-C,45.41,0.0855,0.2,3,1553384595919,16796297,120
2019-03-23 23:43:25.552,0.3,buy,3981.95,BTC-26APR19-3750-C,44.95,0.085,0.3,2,1553384605552,16796303,121
2019-03-23 23:43:40.816,0.3,sell,3981.99,BTC-26APR19-3750-C,44.47,0.0845,0.3,2,1553384620816,16796304,122
2019-03-25 00:37:35.694,0.2,sell,3963.76,BTC-26APR19-3750-C,44.11,0.08199999999999999,0.2,2,1553474255694,16806659,123
2019-03-25 01:21:22.883,0.8,buy,3967.45,BTC-26APR19-3750-C,43.88,0.08199999999999999,0.8,3,1553476882883,16807049,124
2019-03-25 07:16:14.557,0.2,buy,3970.6,BTC-26APR19-3750-C,45.72,0.084,0.2,0,1553498174557,16808632,125
2019-03-25 15:55:08.169,0.5,sell,3950.59,BTC-26APR19-3750-C,44.03,0.0785,0.5,2,1553529308169,16813596,126
2019-03-25 18:35:14.401,0.5,sell,3915.38,BTC-26APR19-3750-C,44.33,0.0745,0.5,2,1553538914401,16818271,127
2019-03-25 19:02:36.354,0.2,sell,3868.83,BTC-26APR19-3750-C,46.77,0.07,0.2,2,1553540556354,16822478,128
2019-03-25 19:16:01.233,0.5,sell,3896.82,BTC-26APR19-3750-C,44.96,0.07200000000000001,0.5,0,1553541361233,16824997,129
2019-03-25 19:33:40.850,0.5,buy,3899.66,BTC-26APR19-3750-C,46.33,0.0735,0.5,0,1553542420850,16825784,130
2019-03-25 21:18:37.307,0.5,sell,3882.84,BTC-26APR19-3750-C,45.52,0.0705,0.5,2,1553548717307,16827933,131
2019-03-26 08:26:48.892,10.0,sell,3904.92,BTC-26APR19-3750-C,41.99,0.0695,10.0,2,1553588808892,16834651,132
2019-03-26 09:44:08.611,3.2,sell,3905.75,BTC-26APR19-3750-C,42.13,0.0695,3.2,3,1553593448611,16835145,133
2019-03-26 09:44:08.764,6.0,buy,3905.75,BTC-26APR19-3750-C,42.13,0.0695,6.0,3,1553593448764,16835146,134
2019-03-26 09:44:09.716,0.8,buy,3905.75,BTC-26APR19-3750-C,42.12,0.0695,0.8,3,1553593449716,16835147,135
2019-03-26 15:00:08.254,0.5,sell,3908.71,BTC-26APR19-3750-C,42.93,0.0705,0.5,0,1553612408254,16838479,136
2019-03-26 15:46:00.962,2.1,buy,3911.19,BTC-26APR19-3750-C,43.47,0.0715,2.1,0,1553615160962,16839129,137
2019-03-26 15:51:41.058,2.0,buy,3919.0,BTC-26APR19-3750-C,43.2,0.0725,2.0,0,1553615501058,16839556,138
2019-03-26 15:53:34.082,2.0,buy,3918.75,BTC-26APR19-3750-C,43.28,0.0725,2.0,1,1553615614082,16839605,139
2019-03-26 16:19:34.162,2.1,buy,3917.19,BTC-26APR19-3750-C,43.07,0.07200000000000001,2.1,2,1553617174162,16839953,140
2019-03-26 16:19:47.173,2.1,buy,3917.03,BTC-26APR19-3750-C,43.1,0.07200000000000001,2.1,3,1553617187173,16839954,141
2019-03-26 16:19:54.435,2.1,buy,3917.6,BTC-26APR19-3750-C,43.03,0.07200000000000001,2.1,3,1553617194435,16839956,142
2019-03-26 16:29:42.454,2.1,buy,3911.74,BTC-26APR19-3750-C,43.34,0.0715,2.1,2,1553617782454,16840138,143
2019-03-26 16:42:12.379,0.5,buy,3912.27,BTC-26APR19-3750-C,44.09,0.0725,0.5,1,1553618532379,16840201,145
2019-03-26 16:42:12.379,0.5,buy,3912.27,BTC-26APR19-3750-C,44.09,0.0725,0.5,0,1553618532379,16840200,144
2019-03-26 16:42:26.067,0.5,sell,3911.83,BTC-26APR19-3750-C,42.73,0.071,0.5,2,1553618546067,16840203,146
2019-03-26 16:42:26.315,0.4,buy,3911.83,BTC-26APR19-3750-C,42.73,0.071,0.4,3,1553618546315,16840204,147
2019-03-26 17:22:36.471,0.5,sell,3913.71,BTC-26APR19-3750-C,42.79,0.071,0.5,3,1553620956471,16840449,148
2019-03-26 18:03:58.381,0.5,sell,3912.28,BTC-26APR19-3750-C,42.0,0.07,0.5,2,1553623438381,16840625,149
2019-03-26 18:03:58.381,1.5,sell,3912.28,BTC-26APR19-3750-C,41.06,0.069,1.5,2,1553623438381,16840626,150
2019-03-26 18:07:26.929,2.0,buy,3912.86,BTC-26APR19-3750-C,43.33,0.0715,2.0,0,1553623646929,16840669,151
2019-03-26 18:08:45.500,2.0,buy,3912.84,BTC-26APR19-3750-C,43.34,0.0715,2.0,1,1553623725500,16840682,152
2019-03-26 18:08:48.068,0.1,buy,3912.84,BTC-26APR19-3750-C,43.34,0.0715,0.1,1,1553623728068,16840684,153
2019-03-26 18:09:27.109,1.9,sell,3912.88,BTC-26APR19-3750-C,43.33,0.0715,1.9,1,1553623767109,16840687,154
2019-03-26 18:16:31.144,0.5,sell,3912.85,BTC-26APR19-3750-C,42.87,0.071,0.5,2,1553624191144,16840697,155
2019-03-26 18:19:07.421,2.0,sell,3912.91,BTC-26APR19-3750-C,43.34,0.0715,2.0,0,1553624347421,16840711,156
2019-03-26 18:57:55.106,2.1,buy,3918.76,BTC-26APR19-3750-C,42.92,0.07200000000000001,2.1,0,1553626675106,16840995,157
2019-03-26 21:38:32.906,0.1,buy,3911.18,BTC-26APR19-3750-C,43.68,0.0715,0.1,2,1553636312906,16842156,158
2019-03-26 23:40:56.025,2.0,buy,3916.92,BTC-26APR19-3750-C,42.12,0.071,2.0,2,1553643656025,16842770,159
2019-03-26 23:41:00.267,2.0,buy,3916.92,BTC-26APR19-3750-C,42.12,0.071,2.0,3,1553643660267,16842771,160
2019-03-27 00:50:09.074,2.0,buy,3920.35,BTC-26APR19-3750-C,41.72,0.071,2.0,3,1553647809074,16843792,161
2019-03-27 01:37:17.501,1.7,buy,3965.4,BTC-26APR19-3750-C,41.64,0.078,1.7,0,1553650637501,16849108,162
2019-03-27 05:00:00.111,0.5,sell,3975.74,BTC-26APR19-3750-C,42.79,0.0805,0.5,0,1553662800111,16853006,163
2019-03-27 05:02:19.371,0.5,sell,3978.75,BTC-26APR19-3750-C,42.57,0.0805,0.5,1,1553662939371,16853050,164
2019-03-27 05:47:01.444,1.6,buy,3986.25,BTC-26APR19-3750-C,42.39,0.0815,1.6,0,1553665621444,16853411,165
2019-03-27 07:38:26.002,0.5,buy,3981.37,BTC-26APR19-3750-C,42.0,0.0805,0.5,2,1553672306002,16854782,166
2019-03-27 07:54:09.456,1.6,sell,3982.1,BTC-26APR19-3750-C,41.45,0.08,1.6,2,1553673249456,16854841,167
2019-03-27 07:54:12.677,1.6,sell,3982.1,BTC-26APR19-3750-C,41.44,0.08,1.6,3,1553673252677,16854844,168
2019-03-27 08:49:05.319,1.6,buy,3977.83,BTC-26APR19-3750-C,40.64,0.0785,1.6,2,1553676545319,16855268,169
2019-03-27 09:23:47.636,0.5,buy,3983.48,BTC-26APR19-3750-C,42.77,0.0815,0.5,0,1553678627636,16855849,170
2019-03-27 09:23:47.668,0.5,sell,3983.48,BTC-26APR19-3750-C,42.77,0.0815,0.5,1,1553678627668,16855850,171
2019-03-27 09:23:47.839,1.0,sell,3983.48,BTC-26APR19-3750-C,42.77,0.0815,1.0,1,1553678627839,16855853,172
2019-03-27 09:27:14.317,0.5,buy,3984.96,BTC-26APR19-3750-C,43.45,0.0825,0.5,0,1553678834317,16855923,173
2019-03-27 09:27:14.317,5.0,buy,3984.96,BTC-26APR19-3750-C,43.45,0.0825,5.0,1,1553678834317,16855924,174
2019-03-27 09:28:06.647,3.2,buy,3984.72,BTC-26APR19-3750-C,43.95,0.083,3.2,0,1553678886647,16855937,175
2019-03-27 09:28:06.647,0.5,buy,3984.72,BTC-26APR19-3750-C,43.95,0.083,0.5,1,1553678886647,16855938,176
2019-03-27 09:28:06.647,5.0,buy,3984.72,BTC-26APR19-3750-C,43.95,0.083,5.0,1,1553678886647,16855939,177
2019-03-27 09:28:06.671,0.5,sell,3984.72,BTC-26APR19-3750-C,43.95,0.083,0.5,1,1553678886671,16855940,178
2019-03-27 09:28:08.153,3.2,sell,3984.72,BTC-26APR19-3750-C,43.95,0.083,3.2,1,1553678888153,16855944,179
2019-03-27 09:28:08.842,3.2,sell,3984.72,BTC-26APR19-3750-C,43.95,0.083,3.2,1,1553678888842,16855945,180
2019-03-27 10:27:21.773,0.5,sell,4009.97,BTC-26APR19-3750-C,41.44,0.084,0.5,0,1553682441773,16858873,181
2019-03-27 10:27:30.375,0.5,sell,4007.94,BTC-26APR19-3750-C,40.63,0.083,0.5,2,1553682450375,16858933,182
2019-03-27 10:28:42.760,0.5,sell,4007.22,BTC-26APR19-3750-C,40.63,0.083,0.5,3,1553682522760,16859118,183
2019-03-27 11:16:24.733,0.5,buy,4009.73,BTC-26APR19-3750-C,43.54,0.0865,0.5,0,1553685384733,16860367,184
2019-03-27 11:16:24.733,3.2,buy,4009.73,BTC-26APR19-3750-C,43.54,0.0865,3.2,1,1553685384733,16860368,185
2019-03-27 11:17:34.384,0.5,buy,4008.35,BTC-26APR19-3750-C,43.37,0.086,0.5,2,1553685454384,16860461,186
2019-03-27 11:17:34.384,3.2,buy,4008.35,BTC-26APR19-3750-C,43.37,0.086,3.2,3,1553685454384,16860462,187
2019-03-27 12:49:00.669,1.2,sell,4011.39,BTC-26APR19-3750-C,43.51,0.0865,1.2,0,1553690940669,16862926,188
2019-03-27 12:56:56.274,1.0,sell,4010.43,BTC-26APR19-3750-C,43.23,0.086,1.0,2,1553691416274,16863049,189
2019-03-27 14:35:52.031,1.0,sell,4010.38,BTC-26APR19-3750-C,42.86,0.0855,1.0,2,1553697352031,16864266,190
2019-03-27 15:48:44.925,1.0,sell,4008.58,BTC-26APR19-3750-C,42.86,0.0855,1.0,3,1553701724925,16865587,191
2019-03-27 16:15:01.323,1.4,buy,4008.75,BTC-26APR19-3750-C,43.38,0.086,1.4,0,1553703301323,16866036,192
2019-03-27 16:15:19.677,1.0,buy,4006.15,BTC-26APR19-3750-C,44.35,0.0865,1.0,1,1553703319677,16866066,194
2019-03-27 16:15:19.677,5.0,buy,4006.15,BTC-26APR19-3750-C,44.35,0.0865,5.0,0,1553703319677,16866065,193
2019-03-27 16:17:36.792,1.0,buy,4005.88,BTC-26APR19-3750-C,44.9,0.087,1.0,0,1553703456792,16866088,195
2019-03-27 16:17:36.792,5.0,buy,4005.88,BTC-26APR19-3750-C,44.9,0.087,5.0,1,1553703456792,16866089,196
2019-03-27 16:17:37.048,1.0,sell,4005.88,BTC-26APR19-3750-C,44.9,0.087,1.0,1,1553703457048,16866094,197
2019-03-27 16:17:37.421,1.0,sell,4005.88,BTC-26APR19-3750-C,44.9,0.087,1.0,1,1553703457421,16866096,198
2019-03-27 16:18:06.736,1.0,sell,4005.3,BTC-26APR19-3750-C,44.98,0.087,1.0,1,1553703486736,16866109,199
2019-03-27 16:18:07.104,0.6,sell,4005.3,BTC-26APR19-3750-C,44.98,0.087,0.6,1,1553703487104,16866114,200
2019-03-28 04:41:35.522,1.0,sell,3999.13,BTC-26APR19-3750-C,42.5,0.0835,1.0,2,1553748095522,16920119,201
2019-03-28 14:55:28.539,1.0,sell,4016.23,BTC-26APR19-3750-C,42.77,0.0865,1.0,0,1553784928539,16925988,202
2019-03-28 15:39:36.898,1.0,buy,4014.92,BTC-26APR19-3750-C,43.33,0.0865,1.0,1,1553787576898,16926213,203
2019-03-28 16:51:51.239,1.0,sell,4007.73,BTC-26APR19-3750-C,42.58,0.085,1.0,2,1553791911239,16926897,204
2019-03-28 16:51:51.848,3.9,buy,4007.73,BTC-26APR19-3750-C,42.59,0.085,3.9,3,1553791911848,16926906,205
2019-03-28 23:16:14.070,1.0,buy,4009.57,BTC-26APR19-3750-C,43.76,0.086,1.0,0,1553814974070,16928901,206
2019-03-29 01:33:23.576,1.0,buy,4015.35,BTC-26APR19-3750-C,43.14,0.0865,1.0,0,1553823203576,16931494,207
2019-03-29 01:46:26.567,1.0,sell,4012.41,BTC-26APR19-3750-C,43.91,0.0865,1.0,1,1553823986567,16931611,208
2019-03-29 02:52:14.554,1.0,sell,4017.37,BTC-26APR19-3750-C,43.17,0.087,1.0,0,1553827934554,16931941,209
2019-03-29 03:42:53.955,1.0,sell,4026.75,BTC-26APR19-3750-C,43.95,0.08900000000000001,1.0,0,1553830973955,16932486,210
2019-03-29 04:35:41.841,1.0,buy,4039.33,BTC-26APR19-3750-C,45.1,0.0925,1.0,0,1553834141841,16934545,211
2019-03-29 04:35:52.015,1.0,buy,4039.09,BTC-26APR19-3750-C,45.19,0.0925,1.0,1,1553834152015,16934556,212
2019-03-29 04:45:34.282,1.0,sell,4033.51,BTC-26APR19-3750-C,45.43,0.091,1.0,2,1553834734282,16935144,213
2019-03-29 04:51:21.576,1.0,sell,4025.96,BTC-26APR19-3750-C,43.94,0.08900000000000001,1.0,2,1553835081576,16935534,214
2019-03-29 05:21:09.551,1.0,buy,4008.35,BTC-26APR19-3750-C,45.24,0.087,1.0,2,1553836869551,16936811,215
2019-03-29 08:22:49.207,0.2,sell,4028.52,BTC-26APR19-3750-C,44.19,0.0895,0.2,0,1553847769207,16941575,216
2019-03-29 08:42:24.298,1.0,sell,4028.64,BTC-26APR19-3750-C,43.62,0.08900000000000001,1.0,2,1553848944298,16941879,217
2019-03-29 08:42:24.418,1.0,buy,4028.64,BTC-26APR19-3750-C,43.06,0.0885,1.0,2,1553848944418,16941881,218
2019-03-29 09:14:39.119,1.0,buy,4053.06,BTC-26APR19-3750-C,43.06,0.0925,1.0,0,1553850879119,16942725,219
2019-03-29 09:14:39.629,1.0,sell,4053.06,BTC-26APR19-3750-C,42.48,0.092,1.0,2,1553850879629,16942746,220
2019-03-29 09:14:39.702,0.2,sell,4053.06,BTC-26APR19-3750-C,42.48,0.092,0.2,3,1553850879702,16942757,221
2019-03-29 09:14:45.775,1.0,buy,4055.63,BTC-26APR19-3750-C,46.61,0.096,1.0,0,1553850885775,16942872,222
2019-03-29 09:14:46.018,0.2,buy,4055.63,BTC-26APR19-3750-C,46.61,0.096,0.2,1,1553850886018,16942882,223
2019-03-29 09:14:46.018,0.8,buy,4055.63,BTC-26APR19-3750-C,48.3,0.0975,0.8,0,1553850886018,16942883,224
2019-03-29 09:14:46.191,1.0,buy,4055.63,BTC-26APR19-3750-C,48.3,0.0975,1.0,1,1553850886191,16942891,225
2019-03-29 09:14:46.293,1.0,buy,4055.63,BTC-26APR19-3750-C,48.3,0.0975,1.0,1,1553850886293,16942899,226
2019-03-29 09:14:46.461,1.0,buy,4055.63,BTC-26APR19-3750-C,48.3,0.0975,1.0,1,1553850886461,16942908,227
2019-03-29 09:14:47.400,1.0,buy,4055.63,BTC-26APR19-3750-C,50.53,0.0995,1.0,0,1553850887400,16942928,228
2019-03-29 10:04:59.407,4.9,buy,4073.59,BTC-26APR19-3750-C,45.58,0.098,4.9,0,1553853899407,16946555,230
2019-03-29 10:04:59.407,0.1,buy,4073.59,BTC-26APR19-3750-C,44.99,0.0975,0.1,2,1553853899407,16946554,229
2019-03-29 10:04:59.411,5.0,sell,4073.59,BTC-26APR19-3750-C,45.58,0.098,5.0,1,1553853899411,16946556,231
2019-03-29 10:05:00.746,4.9,sell,4073.59,BTC-26APR19-3750-C,45.58,0.098,4.9,1,1553853900746,16946557,232
2019-03-29 10:05:01.782,0.1,sell,4073.6,BTC-26APR19-3750-C,45.58,0.098,0.1,1,1553853901782,16946559,233
2019-03-29 10:05:03.475,0.1,sell,4073.6,BTC-26APR19-3750-C,45.58,0.098,0.1,1,1553853903475,16946560,234
2019-03-29 10:05:04.014,0.1,sell,4073.6,BTC-26APR19-3750-C,45.58,0.098,0.1,1,1553853904014,16946561,235
2019-03-29 10:05:06.044,0.1,sell,4073.6,BTC-26APR19-3750-C,45.58,0.098,0.1,1,1553853906044,16946562,236
2019-03-29 10:05:08.155,0.1,sell,4073.64,BTC-26APR19-3750-C,45.57,0.098,0.1,1,1553853908155,16946563,237
2019-03-29 10:05:08.183,34.6,sell,4073.64,BTC-26APR19-3750-C,45.57,0.098,34.6,1,1553853908183,16946564,238
2019-03-29 13:03:48.761,1.0,buy,4081.62,BTC-26APR19-3750-C,42.27,0.0965,1.0,2,1553864628761,16957803,239
2019-03-29 13:12:50.170,1.0,buy,4075.37,BTC-26APR19-3750-C,42.95,0.096,1.0,2,1553865170170,16957943,240
2019-03-29 13:33:04.310,1.0,buy,4081.54,BTC-26APR19-3750-C,42.92,0.097,1.0,0,1553866384310,16958114,241
2019-03-30 03:32:00.662,1.0,buy,4091.89,BTC-26APR19-3750-C,41.15,0.097,1.0,1,1553916720662,16968612,242
2019-03-30 04:10:51.832,0.1,sell,4053.11,BTC-26APR19-3750-C,36.91,0.087,0.1,2,1553919051832,16971496,243
2019-03-30 04:10:53.069,0.1,buy,4049.91,BTC-26APR19-3750-C,36.98,0.0865,0.1,2,1553919053069,16971556,244
2019-03-30 04:10:53.717,1.0,sell,4049.91,BTC-26APR19-3750-C,35.03,0.085,1.0,2,1553919053717,16971592,245
2019-03-30 04:10:54.375,0.1,buy,4049.91,BTC-26APR19-3750-C,35.03,0.085,0.1,3,1553919054375,16971630,246
2019-03-30 04:10:55.489,0.1,buy,4050.02,BTC-26APR19-3750-C,35.66,0.0855,0.1,0,1553919055489,16971684,247
2019-03-30 04:10:56.673,0.1,buy,4049.44,BTC-26APR19-3750-C,35.14,0.085,0.1,2,1553919056673,16971739,248
2019-03-30 04:10:57.913,0.1,buy,4049.53,BTC-26APR19-3750-C,35.78,0.0855,0.1,0,1553919057913,16971794,249
2019-03-30 04:11:04.094,0.1,buy,4048.08,BTC-26APR19-3750-C,38.02,0.087,0.1,0,1553919064094,16971933,250
2019-03-30 04:11:05.485,0.1,buy,4048.51,BTC-26APR19-3750-C,37.92,0.087,0.1,1,1553919065485,16971957,251
2019-03-30 05:28:00.714,1.0,buy,4084.61,BTC-26APR19-3750-C,38.92,0.094,1.0,0,1553923680714,16974944,252
2019-03-30 05:40:23.866,0.1,buy,4086.81,BTC-26APR19-3750-C,38.41,0.094,0.1,1,1553924423866,16975064,253
2019-03-30 05:40:24.865,0.1,buy,4086.81,BTC-26APR19-3750-C,38.41,0.094,0.1,1,1553924424865,16975065,254
2019-03-30 05:44:10.423,1.0,buy,4086.15,BTC-26APR19-3750-C,38.57,0.094,1.0,1,1553924650423,16975126,255
2019-03-30 05:58:07.724,0.1,buy,4086.83,BTC-26APR19-3750-C,38.42,0.094,0.1,1,1553925487724,16975403,256
2019-03-30 05:58:16.454,1.0,buy,4088.28,BTC-26APR19-3750-C,38.07,0.094,1.0,1,1553925496454,16975462,257
2019-03-30 05:58:20.998,0.1,buy,4088.29,BTC-26APR19-3750-C,38.07,0.094,0.1,1,1553925500998,16975469,258
2019-03-30 05:58:22.707,0.2,buy,4088.64,BTC-26APR19-3750-C,37.99,0.094,0.2,1,1553925502707,16975470,259
2019-03-30 05:58:23.004,0.1,buy,4088.64,BTC-26APR19-3750-C,37.99,0.094,0.1,1,1553925503004,16975471,260
2019-03-30 05:58:24.134,0.1,buy,4088.99,BTC-26APR19-3750-C,37.9,0.094,0.1,1,1553925504134,16975473,261
2019-03-30 05:58:24.681,0.1,buy,4088.99,BTC-26APR19-3750-C,37.9,0.094,0.1,1,1553925504681,16975474,262
2019-03-30 05:58:28.752,0.1,buy,4089.23,BTC-26APR19-3750-C,37.84,0.094,0.1,1,1553925508752,16975477,263
2019-03-30 05:58:29.793,0.1,buy,4089.23,BTC-26APR19-3750-C,37.84,0.094,0.1,1,1553925509793,16975478,264
2019-03-30 05:58:32.092,0.1,buy,4089.02,BTC-26APR19-3750-C,37.9,0.094,0.1,1,1553925512092,16975479,265
2019-03-30 05:58:33.600,0.1,buy,4089.08,BTC-26APR19-3750-C,37.88,0.094,0.1,1,1553925513600,16975481,266
2019-03-30 05:58:34.588,0.1,buy,4089.02,BTC-26APR19-3750-C,37.9,0.094,0.1,1,1553925514588,16975483,267
2019-03-30 05:58:35.705,0.1,buy,4089.02,BTC-26APR19-3750-C,37.9,0.094,0.1,1,1553925515705,16975485,268
2019-03-30 05:58:37.790,0.1,buy,4089.02,BTC-26APR19-3750-C,37.9,0.094,0.1,1,1553925517790,16975486,269
2019-03-30 05:58:39.689,0.1,buy,4089.28,BTC-26APR19-3750-C,37.83,0.094,0.1,1,1553925519689,16975487,270
2019-03-30 05:59:38.574,0.1,buy,4090.96,BTC-26APR19-3750-C,37.42,0.094,0.1,1,1553925578574,16975504,271
2019-03-30 05:59:40.728,0.1,buy,4091.14,BTC-26APR19-3750-C,37.38,0.094,0.1,1,1553925580728,16975505,272
2019-03-30 07:51:10.461,1.0,buy,4087.83,BTC-26APR19-3750-C,39.58,0.095,1.0,0,1553932270461,16976833,273
2019-03-30 07:57:31.110,1.0,buy,4088.79,BTC-26APR19-3750-C,40.02,0.0955,1.0,0,1553932651110,16976855,274
2019-03-30 16:38:12.386,1.0,buy,4057.94,BTC-26APR19-3750-C,41.29,0.091,1.0,2,1553963892386,16981579,275
2019-03-30 18:17:07.338,1.0,buy,4074.04,BTC-26APR19-3750-C,41.68,0.094,1.0,0,1553969827338,16982548,276
2019-03-31 23:04:29.504,1.0,buy,4096.04,BTC-26APR19-3750-C,42.99,0.098,1.0,0,1554073469504,16992243,277
2019-04-01 00:24:45.889,0.1,sell,4071.05,BTC-26APR19-3750-C,42.06,0.093,0.1,2,1554078285889,16993084,278
2019-04-01 00:24:47.043,0.1,sell,4071.01,BTC-26APR19-3750-C,42.07,0.093,0.1,3,1554078287043,16993095,279
2019-04-01 12:13:11.354,0.1,buy,4117.13,BTC-26APR19-3750-C,41.85,0.1005,0.1,0,1554120791354,17004417,280
2019-04-01 14:01:52.343,0.1,buy,4136.27,BTC-26APR19-3750-C,42.15,0.10400000000000001,0.1,0,1554127312343,17005866,281
2019-04-01 17:14:55.679,1.0,sell,4137.06,BTC-26APR19-3750-C,42.05,0.104,1.0,1,1554138895679,17009154,282
2019-04-01 19:13:36.919,0.1,sell,4131.75,BTC-26APR19-3750-C,39.7,0.1015,0.1,2,1554146016919,17010194,283
2019-04-01 19:13:42.743,0.1,sell,4131.35,BTC-26APR19-3750-C,39.81,0.1015,0.1,3,1554146022743,17010195,284
2019-04-01 19:16:33.677,0.1,sell,4132.16,BTC-26APR19-3750-C,39.58,0.1015,0.1,3,1554146193677,17010207,285
2019-04-01 19:18:45.619,0.1,sell,4131.93,BTC-26APR19-3750-C,39.65,0.1015,0.1,3,1554146325619,17010217,286
2019-04-02 03:49:06.474,1.0,sell,4169.43,BTC-26APR19-3750-C,41.25,0.109,1.0,0,1554176946474,17017966,287
2019-04-02 03:49:54.960,1.0,sell,4168.95,BTC-26APR19-3750-C,40.55,0.1085,1.0,2,1554176994960,17017990,288
2019-04-02 04:00:49.565,1.0,sell,4173.17,BTC-26APR19-3750-C,40.97,0.1095,1.0,0,1554177649565,17018348,289
2019-04-02 04:32:18.270,1.0,buy,4205.71,BTC-26APR19-3750-C,43.09,0.1165,1.0,0,1554179538270,17019487,290
2019-04-02 04:32:18.630,1.0,buy,4205.71,BTC-26APR19-3750-C,43.09,0.1165,1.0,1,1554179538630,17019498,291
2019-04-02 04:32:19.047,0.3,buy,4205.71,BTC-26APR19-3750-C,43.09,0.1165,0.3,1,1554179539047,17019511,292
2019-04-02 04:49:13.067,0.2,buy,4478.86,BTC-26APR19-3750-C,0.0,0.1625,0.2,0,1554180553067,17034378,293
2019-04-02 04:59:00.189,0.1,sell,4659.54,BTC-26APR19-3750-C,0.0,0.062,0.1,2,1554181140189,17044406,294
2019-04-02 06:29:18.516,0.1,sell,4711.3,BTC-26APR19-3750-C,0.0,0.062,0.1,3,1554186558516,17084424,295
2019-04-02 12:52:28.139,0.4,buy,4799.43,BTC-26APR19-3750-C,51.36,0.22,0.4,0,1554209548139,17110400,296
2019-04-02 15:48:22.917,4.9,buy,4737.2,BTC-26APR19-3750-C,55.66,0.211,4.9,2,1554220102917,17121337,297
2019-04-02 15:48:28.660,4.9,buy,4737.39,BTC-26APR19-3750-C,55.53,0.211,4.9,3,1554220108660,17121338,298
2019-04-02 16:17:21.470,10.0,buy,4729.8,BTC-26APR19-3750-C,56.38,0.21,10.0,2,1554221841470,17122318,299
2019-04-02 16:17:27.630,0.2,buy,4730.18,BTC-26APR19-3750-C,56.13,0.21,0.2,3,1554221847630,17122321,300
2019-04-02 19:05:51.492,0.1,sell,4738.19,BTC-26APR19-3750-C,41.61,0.209,0.1,2,1554231951492,17127075,301
2019-04-03 13:51:44.026,4.6000000000000005,buy,5037.65,BTC-26APR19-3750-C,92.33,0.265,4.6000000000000005,0,1554299504026,17201750,302
2019-04-03 17:15:21.072,0.2,sell,5146.34,BTC-26APR19-3750-C,84.47,0.2765,0.2,0,1554311721072,17217360,303
2019-04-03 17:15:58.390,0.5,sell,5132.43,BTC-26APR19-3750-C,75.49,0.2725,0.5,2,1554311758390,17217582,304
