date_utc,amount,direction,indexPrice,instrument,iv,price,quantity,tickDirection,timeStamp,tradeId,tradeSeq
2019-03-28 14:23:32.808,10.0,sell,137.65,ETH-27SEP19-140-C,67.74,0.185,10.0,2,1553783012808,185762,2
2019-03-28 14:23:32.808,10.0,sell,137.65,ETH-27SEP19-140-C,68.47,0.187,10.0,1,1553783012808,185761,1
2019-03-28 14:23:32.818,50.0,buy,137.65,ETH-27SEP19-140-C,67.74,0.185,50.0,3,1553783012818,185763,3
2019-03-28 15:17:23.408,10.0,sell,137.9,ETH-27SEP19-140-C,68.07,0.18600000000000005,10.0,2,1553786243408,186284,5
2019-03-28 15:17:23.408,10.0,sell,137.9,ETH-27SEP19-140-C,68.43,0.187,10.0,0,1553786243408,186283,4
2019-03-28 15:17:23.418,50.0,buy,137.9,ETH-27SEP19-140-C,67.34,0.184,50.0,2,1553786243418,186285,6
2019-03-28 19:54:48.098,10.0,sell,137.01,ETH-27SEP19-140-C,68.32,0.184,10.0,3,1553802888098,188056,7
2019-03-28 19:54:48.698,50.0,buy,137.01,ETH-27SEP19-140-C,66.15,0.17800000000000002,50.0,2,1553802888698,188060,8
2019-03-28 19:55:05.195,60.0,buy,137.0,ETH-27SEP19-140-C,66.16,0.17800000000000002,60.0,3,1553802905195,188088,9
2019-03-28 19:55:05.829,13.0,buy,137.0,ETH-27SEP19-140-C,66.16,0.17800000000000002,13.0,3,1553802905829,188092,10
2019-03-28 20:35:53.206,10.0,sell,136.93,ETH-27SEP19-140-C,66.33,0.179,10.0,0,1553805353206,188372,11
2019-03-28 20:41:37.286,60.0,buy,136.94,ETH-27SEP19-140-C,65.23,0.17600000000000002,60.0,2,1553805697286,188392,12
2019-03-29 00:40:37.552,1.0,buy,138.1,ETH-27SEP19-140-C,68.79,0.189,1.0,0,1553820037552,190243,13
2019-04-08 14:57:07.375,72.0,buy,179.18,ETH-27SEP19-140-C,86.17,0.359,72.0,0,1554735427375,638574,14
2019-04-08 14:58:32.623,72.0,buy,179.16,ETH-27SEP19-140-C,86.68,0.36,72.0,0,1554735512623,638641,15
2019-04-08 14:59:14.232,72.0,buy,179.18,ETH-27SEP19-140-C,86.71,0.36,72.0,1,1554735554232,638698,16
2019-04-08 14:59:45.440,72.0,buy,179.19,ETH-27SEP19-140-C,86.62,0.36,72.0,1,1554735585440,638717,17
2019-04-08 14:59:45.451,55.0,sell,179.19,ETH-27SEP19-140-C,86.62,0.36,55.0,1,1554735585451,638718,18
2019-04-15 17:33:15.369,5.0,sell,159.45,ETH-27SEP19-140-C,73.48,0.26,5.0,2,1555349595369,957002,19
2019-04-20 17:41:37.258,1.0,buy,174.0,ETH-27SEP19-140-C,70.72,0.297,1.0,0,1555782097258,1121919,20
2019-04-22 05:53:51.161,1.0,sell,169.68,ETH-27SEP19-140-C,64.64,0.272,1.0,2,1555912431161,1151247,21
2019-04-22 10:22:28.865,1.0,buy,170.93,ETH-27SEP19-140-C,69.93,0.28600000000000003,1.0,0,1555928548865,1155175,22
2019-04-22 10:24:35.834,3.0,buy,171.2,ETH-27SEP19-140-C,70.15,0.287,3.0,0,1555928675834,1155195,23
2019-04-22 10:34:48.566,2.0,sell,171.48,ETH-27SEP19-140-C,63.79,0.276,2.0,2,1555929288566,1155278,24
2019-04-22 10:36:37.677,2.0,sell,171.52,ETH-27SEP19-140-C,64.32,0.277,2.0,0,1555929397677,1155317,25
2019-04-22 11:04:01.713,7.0,buy,172.3,ETH-27SEP19-140-C,70.04,0.29,7.0,0,1555931041713,1155762,26
2019-04-22 11:25:46.503,7.0,sell,171.75,ETH-27SEP19-140-C,64.54,0.278,7.0,2,1555932346503,1155915,27
2019-04-24 07:49:01.788,1.0,sell,162.74,ETH-27SEP19-140-C,70.39,0.26,1.0,2,1556092141788,1205608,28
2019-04-24 15:30:33.083,2.0,buy,164.83,ETH-27SEP19-140-C,70.75,0.266,2.0,0,1556119833083,1213698,29
2019-04-25 23:30:56.998,40.0,buy,152.81,ETH-27SEP19-140-C,67.06,0.22,40.0,2,1556235056998,1259359,30
2019-04-26 07:33:48.931,1.0,buy,151.91,ETH-27SEP19-140-C,66.58,0.218,1.0,2,1556264028931,1270749,31
2019-04-26 07:34:09.152,1.0,buy,151.91,ETH-27SEP19-140-C,66.5,0.218,1.0,3,1556264049152,1270753,32
2019-04-26 07:37:36.000,2.0,sell,151.72,ETH-27SEP19-140-C,66.19,0.217,2.0,2,1556264256000,1270813,33
2019-04-26 07:41:32.173,2.0,sell,151.7,ETH-27SEP19-140-C,65.72,0.21600000000000005,2.0,2,1556264492173,1270857,34
2019-05-04 21:57:53.220,1.0,sell,163.4,ETH-27SEP19-140-C,59.36,0.228,1.0,0,1557007073220,1475983,35
2019-05-04 22:19:58.718,1.0,buy,163.86,ETH-27SEP19-140-C,65.64,0.243,1.0,0,1557008398718,1476887,36
2019-05-10 13:43:56.952,1.0,buy,171.76,ETH-27SEP19-140-C,80.64,0.29,1.0,0,1557495836952,1694088,37
2019-05-10 18:57:10.665,2.0,sell,174.1,ETH-27SEP19-140-C,0.0,0.005,2.0,2,1557514630665,1703639,38
2019-05-12 18:04:29.940,10.0,sell,186.36,ETH-27SEP19-140-C,74.68,0.319,10.0,0,1557684269940,1982804,39
2019-05-15 06:04:03.962,1.0,buy,231.71,ETH-27SEP19-140-C,87.23,0.45,1.0,0,1557900243962,2204729,40
2019-05-15 09:59:58.218,30.0,buy,233.96,ETH-27SEP19-140-C,83.57,0.45,30.0,1,1557914398218,2225278,41
2019-05-15 10:35:59.911,2.0,buy,235.19,ETH-27SEP19-140-C,124.78,0.5,2.0,0,1557916559911,2228729,42
