date_utc,amount,direction,indexPrice,instrument,iv,price,quantity,tickDirection,timeStamp,tradeId,tradeSeq
2019-03-27 20:58:57.119,0.1,buy,4008.6,BTC-27DEC19-7000-C,60.11,0.0475,0.1,1,1553720337119,16869289,1
2019-03-28 15:43:41.233,0.1,buy,4017.77,BTC-27DEC19-7000-C,61.41,0.051,0.1,0,1553787821233,16926270,2
2019-03-28 23:00:55.927,1.0,sell,4010.47,BTC-27DEC19-7000-C,60.04,0.047,1.0,2,1553814055927,16928776,3
2019-03-29 02:54:12.648,0.1,buy,4020.19,BTC-27DEC19-7000-C,60.71,0.049,0.1,0,1553828052648,16931990,4
2019-03-31 23:09:27.454,0.1,buy,4092.82,BTC-27DEC19-7000-C,60.29,0.0505,0.1,0,1554073767454,16992304,5
2019-04-01 08:18:50.179,1.0,buy,4114.65,BTC-27DEC19-7000-C,58.43,0.0465,1.0,2,1554106730179,17002665,6
2019-04-01 17:45:56.019,0.5,sell,4132.62,BTC-27DEC19-7000-C,58.87,0.048,0.5,0,1554140756019,17009461,7
2019-04-01 19:24:15.287,7.2,buy,4131.72,BTC-27DEC19-7000-C,58.43,0.0465,7.2,2,1554146655287,17010232,8
2019-04-01 22:20:56.938,0.1,buy,4133.89,BTC-27DEC19-7000-C,58.73,0.0475,0.1,0,1554157256938,17011402,9
2019-04-01 22:35:49.563,7.2,sell,4139.4,BTC-27DEC19-7000-C,58.24,0.0465,7.2,2,1554158149563,17011509,10
2019-04-02 04:39:49.967,0.1,buy,4470.09,BTC-27DEC19-7000-C,59.75,0.0655,0.1,0,1554179989967,17029953,11
2019-04-02 04:40:44.488,0.1,sell,4478.04,BTC-27DEC19-7000-C,60.01,0.066,0.1,0,1554180044488,17030708,12
2019-04-02 06:56:12.142,0.1,buy,4728.85,BTC-27DEC19-7000-C,60.87,0.08199999999999999,0.1,0,1554188172142,17088165,13
2019-04-02 12:49:52.918,0.1,buy,4800.59,BTC-27DEC19-7000-C,61.55,0.087,0.1,0,1554209392918,17110352,14
2019-04-03 00:03:19.561,0.1,sell,4909.58,BTC-27DEC19-7000-C,61.51,0.0915,0.1,0,1554249799561,17154085,15
2019-04-03 00:57:47.509,0.1,buy,4980.06,BTC-27DEC19-7000-C,63.9,0.1025,0.1,0,1554253067509,17162372,16
2019-04-03 23:11:19.200,0.1,buy,4941.4,BTC-27DEC19-7000-C,67.82,0.1145,0.1,0,1554333079200,17267156,17
2019-04-03 23:14:25.901,0.1,buy,4930.38,BTC-27DEC19-7000-C,67.26,0.112,0.1,2,1554333265901,17268022,18
2019-04-03 23:26:24.145,0.1,buy,4941.14,BTC-27DEC19-7000-C,66.54,0.1105,0.1,2,1554333984145,17272337,19
2019-04-03 23:57:12.312,1.9,buy,4965.66,BTC-27DEC19-7000-C,66.53,0.111,1.9,0,1554335832312,17277931,20
2019-04-04 19:11:28.448,0.1,buy,4850.95,BTC-27DEC19-7000-C,65.95,0.104,0.1,2,1554405088448,17325998,21
2019-04-04 20:50:35.788,0.1,buy,4833.82,BTC-27DEC19-7000-C,66.39,0.104,0.1,3,1554411035788,17333916,22
2019-04-05 00:24:18.159,0.5,buy,4931.69,BTC-27DEC19-7000-C,65.8,0.107,0.5,0,1554423858159,17342705,23
2019-04-05 17:09:27.396,0.1,buy,5019.56,BTC-27DEC19-7000-C,68.69,0.1205,0.1,0,1554484167396,17374621,24
2019-04-06 05:28:39.069,0.1,buy,5022.82,BTC-27DEC19-7000-C,79.41,0.156,0.1,0,1554528519069,17389681,25
2019-04-08 09:38:58.512,6.0,buy,5254.72,BTC-27DEC19-7000-C,64.51,0.121,6.0,2,1554716338512,17522957,26
2019-04-08 15:04:59.010,1.0,buy,5245.91,BTC-27DEC19-7000-C,64.7,0.1205,1.0,2,1554735899010,17533960,27
2019-04-10 17:01:56.482,1.0,sell,5268.16,BTC-27DEC19-7000-C,62.46,0.1125,1.0,2,1554915716482,17605508,28
2019-04-10 21:05:30.830,0.1,buy,5317.02,BTC-27DEC19-7000-C,64.17,0.121,0.1,0,1554930330830,17642828,29
2019-04-10 21:55:01.972,0.1,buy,5287.83,BTC-27DEC19-7000-C,64.14,0.1195,0.1,2,1554933301972,17647177,30
2019-04-11 15:41:49.717,0.1,buy,5064.95,BTC-27DEC19-7000-C,66.31,0.112,0.1,2,1554997309717,17704989,31
2019-04-11 18:05:33.138,0.1,buy,5056.71,BTC-27DEC19-7000-C,66.38,0.1115,0.1,2,1555005933138,17709940,32
2019-04-11 18:25:19.271,0.1,buy,5065.83,BTC-27DEC19-7000-C,66.27,0.1115,0.1,3,1555007119271,17710310,33
2019-04-12 02:10:04.845,1.0,sell,4969.16,BTC-27DEC19-7000-C,64.2,0.1,1.0,2,1555035004845,17733555,34
2019-04-12 06:57:36.158,10.0,sell,5022.83,BTC-27DEC19-7000-C,63.83,0.102,10.0,0,1555052256158,17739563,35
2019-04-12 17:13:57.713,0.5,sell,5078.33,BTC-27DEC19-7000-C,61.6,0.0975,0.5,2,1555089237713,17752524,36
2019-04-12 21:14:00.144,0.1,buy,5056.91,BTC-27DEC19-7000-C,64.66,0.106,0.1,0,1555103640144,17760627,37
2019-04-13 03:02:01.874,1.1,buy,5107.95,BTC-27DEC19-7000-C,65.01,0.109,1.1,0,1555124521874,17764934,38
2019-04-14 01:37:47.960,0.1,buy,5081.41,BTC-27DEC19-7000-C,65.28,0.1065,0.1,2,1555205867960,17788727,39
2019-04-15 12:10:00.286,0.1,sell,5123.8,BTC-27DEC19-7000-C,61.81,0.098,0.1,2,1555330200286,17818281,40
2019-04-15 17:28:18.336,0.1,sell,5122.14,BTC-27DEC19-7000-C,61.63,0.0975,0.1,2,1555349298336,17822295,41
2019-04-15 17:32:09.012,0.1,buy,5083.57,BTC-27DEC19-7000-C,64.07,0.10300000000000001,0.1,0,1555349529012,17825837,42
2019-04-15 17:41:15.831,0.1,sell,5042.17,BTC-27DEC19-7000-C,62.79,0.09699999999999999,0.1,2,1555350075831,17830125,43
2019-04-15 17:43:28.532,0.1,sell,5053.83,BTC-27DEC19-7000-C,62.4,0.0965,0.1,2,1555350208532,17830534,44
2019-04-15 18:33:24.237,1.0,sell,5036.02,BTC-27DEC19-7000-C,62.24,0.095,1.0,2,1555353204237,17833130,45
2019-04-15 20:07:08.775,1.0,sell,4985.21,BTC-27DEC19-7000-C,62.15,0.0935,1.0,2,1555358828775,17839165,46
2019-04-15 20:07:21.327,1.0,sell,4973.42,BTC-27DEC19-7000-C,62.2,0.093,1.0,2,1555358841327,17839410,47
2019-04-15 20:07:37.665,1.0,sell,4957.96,BTC-27DEC19-7000-C,62.3,0.0925,1.0,2,1555358857665,17839704,48
2019-04-15 20:07:43.595,1.0,sell,4952.32,BTC-27DEC19-7000-C,62.2,0.092,1.0,2,1555358863595,17839841,49
2019-04-16 05:09:10.613,0.4,buy,5055.89,BTC-27DEC19-7000-C,62.11,0.0965,0.4,0,1555391350613,17851976,50
2019-04-18 03:01:17.227,0.2,buy,5264.01,BTC-27DEC19-7000-C,63.83,0.113,0.2,0,1555556477227,17915468,51
2019-04-18 03:02:15.052,0.2,buy,5264.23,BTC-27DEC19-7000-C,63.8,0.113,0.2,1,1555556535052,17915472,52
2019-04-18 04:56:50.797,1.1,buy,5276.99,BTC-27DEC19-7000-C,62.32,0.1085,1.1,2,1555563410797,17917667,53
2019-04-19 01:34:31.018,0.2,buy,5259.93,BTC-27DEC19-7000-C,64.19,0.113,0.2,0,1555637671018,17939447,54
2019-04-21 02:14:41.017,0.2,buy,5327.98,BTC-27DEC19-7000-C,64.17,0.1155,0.2,0,1555812881017,17997425,55
2019-04-21 10:40:21.769,1.0,sell,5274.21,BTC-27DEC19-7000-C,63.46,0.11,1.0,2,1555843221769,18009546,56
2019-04-21 18:50:55.246,0.1,sell,5238.6,BTC-27DEC19-7000-C,63.97,0.11,0.1,3,1555872655246,18020068,57
2019-04-23 05:28:16.152,6.0,sell,5517.98,BTC-27DEC19-7000-C,62.23,0.11900000000000001,6.0,0,1555997296152,18096804,58
2019-04-24 19:40:03.257,1.0,buy,5437.2,BTC-27DEC19-7000-C,64.28,0.11900000000000001,1.0,1,1556134803257,18196017,59
2019-04-24 19:43:08.101,1.0,sell,5438.58,BTC-27DEC19-7000-C,64.27,0.11900000000000001,1.0,1,1556134988101,18196038,60
2019-04-25 21:59:53.915,2.0,sell,5390.01,BTC-27DEC19-7000-C,63.93,0.115,2.0,2,1556229593915,18237690,61
2019-04-25 22:04:38.792,2.0,sell,5217.51,BTC-27DEC19-7000-C,65.74,0.11,2.0,2,1556229878792,18244621,62
2019-04-25 22:26:53.943,8.0,buy,5083.74,BTC-27DEC19-7000-C,65.72,0.1025,8.0,2,1556231213943,18269851,63
2019-04-25 22:27:36.068,3.0,buy,5064.81,BTC-27DEC19-7000-C,67.75,0.10800000000000001,3.0,0,1556231256068,18270847,64
2019-04-25 23:20:56.088,1.0,sell,5128.25,BTC-27DEC19-7000-C,69.06,0.11599999999999999,1.0,0,1556234456088,18283650,65
2019-04-26 10:22:50.118,1.0,sell,5176.14,BTC-27DEC19-7000-C,64.62,0.105,1.0,2,1556274170118,18322953,66
2019-04-29 09:32:36.141,10.0,sell,5158.88,BTC-27DEC19-7000-C,63.25,0.0975,10.0,2,1556530356141,18411781,67
2019-04-29 13:13:14.268,0.1,buy,5112.93,BTC-27DEC19-7000-C,63.1,0.0945,0.1,2,1556543594268,18424015,68
2019-04-29 20:52:59.599,0.1,sell,5128.89,BTC-27DEC19-7000-C,62.97,0.0945,0.1,3,1556571179599,18437049,69
2019-04-30 21:09:21.039,1.2,buy,5242.23,BTC-27DEC19-7000-C,63.02,0.1,1.2,0,1556658561039,18483765,70
2019-05-01 19:18:34.952,0.1,sell,5287.4,BTC-27DEC19-7000-C,62.83,0.1,0.1,1,1556738314952,18520963,71
2019-05-02 11:37:19.939,0.1,sell,5367.8,BTC-27DEC19-7000-C,62.02,0.1015,0.1,0,1556797039939,18546713,72
2019-05-03 09:48:26.453,1.0,buy,5756.15,BTC-27DEC19-7000-C,63.07,0.128,1.0,0,1556876906453,18651502,73
2019-05-03 13:14:56.701,2.0,sell,5728.78,BTC-27DEC19-7000-C,61.98,0.1235,2.0,2,1556889296701,18677584,74
2019-05-04 13:49:33.384,1.0,sell,5556.96,BTC-27DEC19-7000-C,64.89,0.123,1.0,2,1556977773384,18770904,75
2019-05-04 17:04:52.147,0.1,sell,5575.51,BTC-27DEC19-7000-C,62.1,0.115,0.1,2,1556989492147,18788333,76
2019-05-06 00:33:43.206,0.2,sell,5707.74,BTC-27DEC19-7000-C,62.38,0.12300000000000001,0.2,0,1557102823206,18909479,77
2019-05-06 01:23:14.812,0.1,sell,5607.83,BTC-27DEC19-7000-C,62.09,0.11699999999999999,0.1,2,1557105794812,18920478,78
2019-05-07 09:41:09.868,1.0,buy,5903.93,BTC-27DEC19-7000-C,64.6,0.141,1.0,0,1557222069868,19036104,79
2019-05-07 19:12:14.723,1.2,sell,5832.76,BTC-27DEC19-7000-C,65.65,0.1395,1.2,2,1557256334723,19072470,80
2019-05-08 00:01:43.957,1.0,sell,5671.33,BTC-27DEC19-7000-C,66.66,0.132,1.0,2,1557273703957,19104362,81
2019-05-08 05:24:12.345,2.0,sell,5796.2,BTC-27DEC19-7000-C,64.45,0.1315,2.0,2,1557293052345,19131080,82
2019-05-08 05:35:41.962,2.0,buy,5805.29,BTC-27DEC19-7000-C,66.35,0.138,2.0,0,1557293741962,19131184,83
2019-05-08 11:25:57.212,0.4,sell,5838.54,BTC-27DEC19-7000-C,64.17,0.1325,0.4,2,1557314757212,19142781,84
2019-05-08 12:18:12.607,0.1,buy,5860.65,BTC-27DEC19-7000-C,66.43,0.1405,0.1,0,1557317892607,19146005,85
2019-05-09 02:25:34.900,0.1,buy,6045.64,BTC-27DEC19-7000-C,65.83,0.1485,0.1,0,1557368734900,19216181,86
2019-05-09 14:46:38.865,1.0,buy,5994.96,BTC-27DEC19-7000-C,66.1,0.146,1.0,2,1557413198865,19250035,87
2019-05-10 23:38:07.387,3.0,buy,6365.31,BTC-27DEC19-7000-C,68.02,0.1705,3.0,0,1557531487387,19415357,88
2019-05-11 01:59:50.142,1.0,sell,6483.5,BTC-27DEC19-7000-C,65.4,0.16899999999999998,1.0,2,1557539990142,19424760,89
2019-05-11 05:59:59.615,1.0,buy,6718.23,BTC-27DEC19-7000-C,62.3,0.17300000000000001,1.0,0,1557554399615,19475989,90
2019-05-11 06:08:13.275,3.0,buy,6790.06,BTC-27DEC19-7000-C,65.61,0.1875,3.0,0,1557554893275,19478408,91
2019-05-11 06:34:30.386,3.0,buy,6860.4,BTC-27DEC19-7000-C,63.19,0.183,3.0,2,1557556470386,19502321,92
2019-05-11 08:46:44.812,0.2,sell,6721.24,BTC-27DEC19-7000-C,64.48,0.18100000000000002,0.2,2,1557564404812,19537796,93
2019-05-11 09:32:31.005,1.0,sell,6753.64,BTC-27DEC19-7000-C,64.99,0.1845,1.0,0,1557567151005,19544142,94
2019-05-11 09:36:10.874,1.0,buy,6779.64,BTC-27DEC19-7000-C,69.61,0.2,1.0,0,1557567370874,19544437,95
2019-05-11 09:49:57.600,3.0,buy,6793.12,BTC-27DEC19-7000-C,70.5,0.2035,3.0,0,1557568197600,19545850,96
2019-05-11 12:10:56.885,1.0,sell,6758.7,BTC-27DEC19-7000-C,69.89,0.201,1.0,2,1557576656885,19560769,97
2019-05-11 12:17:24.826,0.1,sell,6756.71,BTC-27DEC19-7000-C,68.94,0.198,0.1,2,1557577044826,19562442,98
2019-05-11 15:07:07.620,1.0,sell,6763.73,BTC-27DEC19-7000-C,67.43,0.195,1.0,2,1557587227620,19576855,99
2019-05-11 15:53:26.425,1.0,buy,6899.95,BTC-27DEC19-7000-C,68.72,0.207,1.0,0,1557590006425,19585642,100
2019-05-11 16:24:38.185,1.0,buy,6992.1,BTC-27DEC19-7000-C,68.52,0.2115,1.0,0,1557591878185,19602661,101
2019-05-11 16:37:52.827,1.0,buy,6977.67,BTC-27DEC19-7000-C,68.49,0.21100000000000002,1.0,2,1557592672827,19605692,102
2019-05-11 18:29:06.438,1.0,sell,6937.47,BTC-27DEC19-7000-C,72.12,0.22,1.0,0,1557599346438,19625278,103
2019-05-11 21:58:44.627,5.0,buy,7075.28,BTC-27DEC19-7000-C,70.94,0.22399999999999998,5.0,0,1557611924627,19646234,104
2019-05-11 21:59:50.647,1.0,buy,7079.0,BTC-27DEC19-7000-C,71.13,0.225,1.0,0,1557611990647,19646843,105
2019-05-12 00:05:38.648,1.2,sell,7288.17,BTC-27DEC19-7000-C,67.38,0.2255,1.2,0,1557619538648,19734356,106
