date_utc,amount,direction,indexPrice,instrument,iv,price,quantity,tickDirection,timeStamp,tradeId,tradeSeq
2019-05-11 10:11:56.683,0.1,buy,6827.56,BTC-24MAY19-8500-C,85.13,0.006999999999999999,0.1,1,1557569516683,19548625,1
2019-05-11 14:24:59.633,0.1,sell,6792.86,BTC-24MAY19-8500-C,83.93,0.006,0.1,2,1557584699633,19572551,2
2019-05-11 15:56:16.414,1.0,buy,6919.99,BTC-24MAY19-8500-C,87.76,0.009000000000000001,1.0,0,1557590176414,19587680,3
2019-05-11 16:19:14.253,0.1,buy,7023.69,BTC-24MAY19-8500-C,101.58,0.017,0.1,0,1557591554253,19598776,4
2019-05-11 17:20:55.313,0.1,sell,6944.94,BTC-24MAY19-8500-C,89.51,0.01,0.1,2,1557595255313,19614727,5
2019-05-11 18:24:32.269,1.0,sell,6997.26,BTC-24MAY19-8500-C,96.79,0.013999999999999999,1.0,0,1557599072269,19624190,6
2019-05-11 18:40:44.854,0.1,buy,6985.5,BTC-24MAY19-8500-C,99.57,0.015,0.1,0,1557600044854,19627007,7
2019-05-11 19:55:35.638,1.0,sell,6946.33,BTC-24MAY19-8500-C,99.39,0.013999999999999999,1.0,2,1557604535638,19634117,8
2019-05-11 19:57:19.687,1.0,sell,6947.03,BTC-24MAY19-8500-C,99.36,0.013999999999999999,1.0,3,1557604639687,19634141,9
2019-05-11 19:59:39.542,1.0,sell,6942.74,BTC-24MAY19-8500-C,99.57,0.013999999999999999,1.0,3,1557604779542,19634236,10
2019-05-11 20:26:08.633,0.1,sell,6949.1,BTC-24MAY19-8500-C,99.35,0.013999999999999999,0.1,3,1557606368633,19635895,11
2019-05-11 20:28:34.768,1.0,sell,6932.91,BTC-24MAY19-8500-C,100.11,0.013999999999999999,1.0,3,1557606514768,19636245,12
2019-05-11 20:30:53.408,1.0,sell,6928.97,BTC-24MAY19-8500-C,100.3,0.013999999999999999,1.0,3,1557606653408,19636376,13
2019-05-11 20:32:22.128,1.0,sell,6916.78,BTC-24MAY19-8500-C,100.86,0.013999999999999999,1.0,3,1557606742128,19636492,14
2019-05-11 20:35:30.454,1.0,sell,6942.38,BTC-24MAY19-8500-C,99.69,0.013999999999999999,1.0,3,1557606930454,19636824,15
2019-05-11 21:27:50.991,2.0,sell,6948.55,BTC-24MAY19-8500-C,99.55,0.013999999999999999,2.0,3,1557610070991,19639750,16
2019-05-11 21:30:30.431,1.0,sell,6946.26,BTC-24MAY19-8500-C,99.66,0.013999999999999999,1.0,3,1557610230431,19639799,17
2019-05-11 21:37:27.685,1.0,sell,6945.15,BTC-24MAY19-8500-C,99.73,0.013999999999999999,1.0,3,1557610647685,19640124,18
2019-05-11 22:22:36.969,1.0,buy,7164.06,BTC-24MAY19-8500-C,91.77,0.015,1.0,0,1557613356969,19663228,19
2019-05-12 09:59:02.908,0.1,buy,7385.86,BTC-24MAY19-8500-C,114.09,0.0325,0.1,0,1557655142908,19895777,20
2019-05-12 12:43:42.249,0.1,buy,7108.91,BTC-24MAY19-8500-C,104.05,0.0185,0.1,2,1557665022249,19967427,21
2019-05-12 14:50:36.616,10.6,sell,7014.71,BTC-24MAY19-8500-C,87.03,0.009000000000000001,10.6,2,1557672636616,19992005,22
2019-05-12 14:50:36.627,11.3,sell,7014.71,BTC-24MAY19-8500-C,87.03,0.009000000000000001,11.3,3,1557672636627,19992006,23
2019-05-12 14:50:36.628,2.6,sell,7014.71,BTC-24MAY19-8500-C,87.03,0.009000000000000001,2.6,3,1557672636628,19992007,24
2019-05-12 14:50:36.635,2.5,sell,7014.71,BTC-24MAY19-8500-C,87.03,0.009000000000000001,2.5,3,1557672636635,19992008,25
2019-05-12 14:50:36.636,4.8,sell,7014.71,BTC-24MAY19-8500-C,87.03,0.009000000000000001,4.8,3,1557672636636,19992009,26
2019-05-12 14:50:36.639,3.2,sell,7014.71,BTC-24MAY19-8500-C,87.03,0.009000000000000001,3.2,3,1557672636639,19992010,27
2019-05-12 14:50:36.643,2.4,sell,7014.71,BTC-24MAY19-8500-C,87.03,0.009000000000000001,2.4,3,1557672636643,19992011,28
2019-05-12 14:50:36.649,9.0,sell,7014.71,BTC-24MAY19-8500-C,87.03,0.009000000000000001,9.0,3,1557672636649,19992012,29
2019-05-12 14:50:36.654,3.1,sell,7014.71,BTC-24MAY19-8500-C,87.03,0.009000000000000001,3.1,3,1557672636654,19992013,30
2019-05-12 14:50:36.659,1.9,sell,7014.71,BTC-24MAY19-8500-C,87.03,0.009000000000000001,1.9,3,1557672636659,19992014,31
2019-05-12 14:50:36.666,3.1,sell,7014.71,BTC-24MAY19-8500-C,87.03,0.009000000000000001,3.1,3,1557672636666,19992015,32
2019-05-12 14:50:36.670,0.7000000000000001,sell,7014.71,BTC-24MAY19-8500-C,87.03,0.009000000000000001,0.7000000000000001,3,1557672636670,19992016,33
2019-05-12 14:50:36.675,1.8,sell,7014.71,BTC-24MAY19-8500-C,87.03,0.009000000000000001,1.8,3,1557672636675,19992017,34
2019-05-12 14:50:36.683,0.9,sell,7014.71,BTC-24MAY19-8500-C,87.03,0.009000000000000001,0.9,3,1557672636683,19992018,35
2019-05-12 14:51:01.799,2.4,buy,7027.72,BTC-24MAY19-8500-C,86.45,0.009000000000000001,2.4,3,1557672661799,19992235,37
2019-05-12 14:51:01.799,6.7,buy,7027.72,BTC-24MAY19-8500-C,86.45,0.009000000000000001,6.7,3,1557672661799,19992236,38
2019-05-12 14:51:01.799,2.2,buy,7027.72,BTC-24MAY19-8500-C,86.45,0.009000000000000001,2.2,3,1557672661799,19992234,36
2019-05-12 14:52:24.605,0.6,buy,7044.49,BTC-24MAY19-8500-C,85.7,0.009000000000000001,0.6,3,1557672744605,19992793,39
2019-05-13 14:31:21.056,12.0,sell,7436.04,BTC-24MAY19-8500-C,90.85,0.018000000000000002,12.0,0,1557757881056,20193218,40
2019-05-13 16:02:56.830,1.0,sell,7849.56,BTC-24MAY19-8500-C,103.09,0.039,1.0,0,1557763376830,20249084,41
2019-05-13 16:03:19.143,10.0,buy,7851.89,BTC-24MAY19-8500-C,109.95,0.0435,10.0,0,1557763399143,20249161,42
2019-05-13 16:03:19.143,6.0,buy,7851.89,BTC-24MAY19-8500-C,109.95,0.0435,6.0,1,1557763399143,20249162,43
2019-05-13 16:49:02.815,1.0,sell,7903.19,BTC-24MAY19-8500-C,106.78,0.0435,1.0,1,1557766142815,20266964,44
2019-05-13 19:24:29.214,0.1,sell,7856.04,BTC-24MAY19-8500-C,108.84,0.0425,0.1,2,1557775469214,20296306,45
2019-05-13 20:07:49.436,1.8,buy,7848.28,BTC-24MAY19-8500-C,111.07,0.0435,1.8,0,1557778069436,20304414,46
2019-05-14 07:15:09.969,0.1,sell,8098.54,BTC-24MAY19-8500-C,114.2,0.055,0.1,0,1557818109969,20443948,47
2019-05-14 07:25:38.228,0.1,sell,8119.45,BTC-24MAY19-8500-C,108.14,0.052000000000000005,0.1,2,1557818738228,20446874,48
2019-05-14 08:53:30.689,6.0,sell,8077.24,BTC-24MAY19-8500-C,121.51,0.0585,6.0,0,1557824010689,20475726,49
2019-05-14 10:18:01.293,1.0,buy,8005.91,BTC-24MAY19-8500-C,115.35,0.051,1.0,2,1557829081293,20498944,50
2019-05-14 10:18:41.562,1.0,buy,8000.11,BTC-24MAY19-8500-C,115.77,0.051,1.0,3,1557829121562,20499202,51
2019-05-14 18:26:19.602,1.0,sell,7909.82,BTC-24MAY19-8500-C,114.55,0.045,1.0,2,1557858379602,20577256,52
2019-05-15 22:16:14.230,5.0,buy,8208.23,BTC-24MAY19-8500-C,105.17,0.0485,5.0,0,1557958574230,20787632,53
2019-05-16 04:22:58.743,1.0,sell,8048.99,BTC-24MAY19-8500-C,110.03,0.043,1.0,2,1557980578743,20847092,54
2019-05-16 08:31:12.637,0.1,sell,8038.14,BTC-24MAY19-8500-C,102.37,0.0375,0.1,2,1557995472637,20888896,55
2019-05-16 08:46:01.576,1.0,buy,8005.51,BTC-24MAY19-8500-C,106.7,0.0385,1.0,0,1557996361576,20889882,56
2019-05-16 09:00:55.213,1.0,buy,7975.78,BTC-24MAY19-8500-C,109.92,0.039,1.0,0,1557997255213,20891020,57
2019-05-16 09:44:46.448,1.0,sell,8024.86,BTC-24MAY19-8500-C,101.94,0.0365,1.0,2,1557999886448,20893991,58
2019-05-16 16:46:07.716,11.4,buy,7932.51,BTC-24MAY19-8500-C,114.63,0.0385,11.4,0,1558025167716,20953737,59
2019-05-16 18:55:26.016,1.0,sell,7884.32,BTC-24MAY19-8500-C,111.52,0.0345,1.0,2,1558032926016,20964399,60
2019-05-16 19:50:58.036,1.3,sell,7780.51,BTC-24MAY19-8500-C,113.74,0.0315,1.3,2,1558036258036,20970588,61
2019-05-16 20:50:25.247,7.3,sell,7785.17,BTC-24MAY19-8500-C,112.74,0.031,7.3,2,1558039825247,20977747,62
2019-05-16 20:59:02.423,0.1,sell,7738.78,BTC-24MAY19-8500-C,104.12,0.025,0.1,2,1558040342423,20979536,63
2019-05-16 20:59:02.423,1.4,sell,7738.78,BTC-24MAY19-8500-C,104.12,0.025,1.4,3,1558040342423,20979537,64
2019-05-16 20:59:02.424,0.5,sell,7738.78,BTC-24MAY19-8500-C,104.12,0.025,0.5,3,1558040342424,20979538,65
2019-05-16 20:59:02.630,4.8,buy,7738.78,BTC-24MAY19-8500-C,104.12,0.025,4.8,3,1558040342630,20979546,73
2019-05-16 20:59:02.630,3.5,buy,7738.78,BTC-24MAY19-8500-C,104.12,0.025,3.5,3,1558040342630,20979548,75
2019-05-16 20:59:02.630,1.1,buy,7738.78,BTC-24MAY19-8500-C,104.12,0.025,1.1,3,1558040342630,20979549,76
2019-05-16 20:59:02.630,0.3,buy,7738.78,BTC-24MAY19-8500-C,104.12,0.025,0.3,3,1558040342630,20979544,71
2019-05-16 20:59:02.630,0.9,buy,7738.78,BTC-24MAY19-8500-C,104.12,0.025,0.9,3,1558040342630,20979550,77
2019-05-16 20:59:02.630,1.0,buy,7738.78,BTC-24MAY19-8500-C,104.12,0.025,1.0,3,1558040342630,20979547,74
2019-05-16 20:59:02.630,1.4,buy,7738.78,BTC-24MAY19-8500-C,104.12,0.025,1.4,3,1558040342630,20979540,67
2019-05-16 20:59:02.630,2.0,buy,7738.78,BTC-24MAY19-8500-C,104.12,0.025,2.0,3,1558040342630,20979541,68
2019-05-16 20:59:02.630,1.8,buy,7738.78,BTC-24MAY19-8500-C,104.12,0.025,1.8,3,1558040342630,20979542,69
2019-05-16 20:59:02.630,3.8,buy,7738.78,BTC-24MAY19-8500-C,104.12,0.025,3.8,3,1558040342630,20979539,66
2019-05-16 20:59:02.630,1.2,buy,7738.78,BTC-24MAY19-8500-C,104.12,0.025,1.2,3,1558040342630,20979543,70
2019-05-16 20:59:02.630,0.7000000000000001,buy,7738.78,BTC-24MAY19-8500-C,104.12,0.025,0.7000000000000001,3,1558040342630,20979551,78
2019-05-16 20:59:02.630,0.7000000000000001,buy,7738.78,BTC-24MAY19-8500-C,104.12,0.025,0.7000000000000001,3,1558040342630,20979545,72
2019-05-16 20:59:02.786,0.9,buy,7738.78,BTC-24MAY19-8500-C,104.12,0.025,0.9,3,1558040342786,20979553,80
2019-05-16 20:59:02.786,0.4,buy,7738.78,BTC-24MAY19-8500-C,104.12,0.025,0.4,3,1558040342786,20979552,79
2019-05-16 21:52:48.880,5.1000000000000005,buy,7940.36,BTC-24MAY19-8500-C,111.93,0.0365,5.1000000000000005,0,1558043568880,20989942,81
2019-05-17 00:41:05.038,0.1,sell,7905.69,BTC-24MAY19-8500-C,106.93,0.032,0.1,2,1558053665038,21004546,82
2019-05-17 01:51:02.557,0.2,buy,7797.73,BTC-24MAY19-8500-C,104.43,0.0265,0.2,2,1558057862557,21012072,83
2019-05-17 01:56:01.085,0.1,buy,7804.0,BTC-24MAY19-8500-C,111.01,0.03,0.1,0,1558058161085,21012601,84
2019-05-17 01:56:24.862,0.1,buy,7796.43,BTC-24MAY19-8500-C,111.57,0.03,0.1,1,1558058184862,21012643,85
2019-05-17 02:30:08.920,1.0,sell,7803.34,BTC-24MAY19-8500-C,104.22,0.0265,1.0,2,1558060208920,21015618,86
2019-05-17 02:47:35.790,1.7,buy,7745.58,BTC-24MAY19-8500-C,108.47,0.0265,1.7,3,1558061255790,21018191,87
2019-05-17 02:57:20.605,5.0,sell,7549.74,BTC-24MAY19-8500-C,110.31,0.021,5.0,2,1558061840605,21022006,88
2019-05-17 03:00:19.354,11.4,buy,7406.64,BTC-24MAY19-8500-C,106.51,0.0155,11.4,2,1558062019354,21025859,89
2019-05-17 03:32:50.337,0.9,sell,7330.76,BTC-24MAY19-8500-C,104.78,0.013000000000000001,0.9,2,1558063970337,21076079,90
2019-05-17 03:32:50.351,1.8,sell,7330.76,BTC-24MAY19-8500-C,104.78,0.013000000000000001,1.8,3,1558063970351,21076080,91
2019-05-17 03:32:50.353,1.0,sell,7330.76,BTC-24MAY19-8500-C,104.78,0.013000000000000001,1.0,3,1558063970353,21076081,92
2019-05-17 03:32:50.356,0.9,sell,7330.76,BTC-24MAY19-8500-C,104.78,0.013000000000000001,0.9,3,1558063970356,21076083,94
2019-05-17 03:32:50.356,0.3,sell,7330.76,BTC-24MAY19-8500-C,104.78,0.013000000000000001,0.3,3,1558063970356,21076082,93
2019-05-17 03:32:50.358,0.3,sell,7330.76,BTC-24MAY19-8500-C,104.78,0.013000000000000001,0.3,3,1558063970358,21076084,95
2019-05-17 03:32:50.359,1.5,sell,7330.76,BTC-24MAY19-8500-C,104.78,0.013000000000000001,1.5,3,1558063970359,21076085,96
2019-05-17 03:32:50.362,0.3,sell,7330.76,BTC-24MAY19-8500-C,104.78,0.013000000000000001,0.3,3,1558063970362,21076086,97
2019-05-17 03:32:50.362,0.7000000000000001,sell,7330.76,BTC-24MAY19-8500-C,104.78,0.013000000000000001,0.7000000000000001,3,1558063970362,21076087,98
2019-05-17 03:32:50.368,3.6,sell,7330.76,BTC-24MAY19-8500-C,104.78,0.013000000000000001,3.6,3,1558063970368,21076088,99
2019-05-17 03:32:50.369,5.0,sell,7330.76,BTC-24MAY19-8500-C,104.78,0.013000000000000001,5.0,3,1558063970369,21076090,101
2019-05-17 03:32:50.369,0.7000000000000001,sell,7330.76,BTC-24MAY19-8500-C,104.78,0.013000000000000001,0.7000000000000001,3,1558063970369,21076089,100
2019-05-17 03:37:32.066,2.2,buy,7239.45,BTC-24MAY19-8500-C,110.37,0.013000000000000001,2.2,3,1558064252066,21079795,106
2019-05-17 03:37:32.066,4.4,buy,7239.45,BTC-24MAY19-8500-C,110.37,0.013000000000000001,4.4,3,1558064252066,21079794,105
2019-05-17 03:37:32.066,1.6,buy,7239.45,BTC-24MAY19-8500-C,110.37,0.013000000000000001,1.6,3,1558064252066,21079796,107
2019-05-17 03:37:32.066,0.1,buy,7239.45,BTC-24MAY19-8500-C,110.37,0.013000000000000001,0.1,3,1558064252066,21079791,102
2019-05-17 03:37:32.066,1.3,buy,7239.45,BTC-24MAY19-8500-C,110.37,0.013000000000000001,1.3,3,1558064252066,21079793,104
2019-05-17 03:37:32.066,1.3,buy,7239.45,BTC-24MAY19-8500-C,110.37,0.013000000000000001,1.3,3,1558064252066,21079792,103
2019-05-17 03:56:41.279,4.0,buy,7277.44,BTC-24MAY19-8500-C,120.14,0.0175,4.0,1,1558065401279,21087762,109
2019-05-17 03:56:41.279,10.0,buy,7277.44,BTC-24MAY19-8500-C,120.14,0.0175,10.0,0,1558065401279,21087761,108
2019-05-17 08:07:05.014,2.0,sell,7246.0,BTC-24MAY19-8500-C,117.02,0.015,2.0,2,1558080425014,21131059,110
2019-05-17 08:07:39.565,0.9,sell,7247.83,BTC-24MAY19-8500-C,116.91,0.015,0.9,3,1558080459565,21131095,111
2019-05-17 08:08:14.099,0.1,sell,7239.82,BTC-24MAY19-8500-C,117.41,0.015,0.1,3,1558080494099,21131170,112
2019-05-17 12:09:49.434,1.0,sell,7065.21,BTC-24MAY19-8500-C,111.05,0.009000000000000001,1.0,2,1558094989434,21158600,113
2019-05-17 12:18:01.776,1.0,sell,7036.45,BTC-24MAY19-8500-C,116.25,0.01,1.0,0,1558095481776,21162177,114
2019-05-17 12:22:37.639,1.0,sell,6979.69,BTC-24MAY19-8500-C,119.67,0.01,1.0,1,1558095757639,21163424,115
2019-05-17 12:24:01.946,0.2,sell,6983.06,BTC-24MAY19-8500-C,115.95,0.009000000000000001,0.2,2,1558095841946,21164461,116
2019-05-17 12:24:57.471,0.8,sell,6981.0,BTC-24MAY19-8500-C,116.08,0.009000000000000001,0.8,3,1558095897471,21164648,117
2019-05-17 12:40:44.262,1.0,sell,7029.1,BTC-24MAY19-8500-C,107.8,0.0075,1.0,2,1558096844262,21170618,118
2019-05-17 12:40:55.725,16.0,sell,7029.96,BTC-24MAY19-8500-C,105.8,0.006999999999999999,16.0,3,1558096855725,21170640,120
2019-05-17 12:40:55.725,3.0,sell,7029.96,BTC-24MAY19-8500-C,105.8,0.006999999999999999,3.0,2,1558096855725,21170639,119
2019-05-17 13:14:47.647,0.1,buy,7061.22,BTC-24MAY19-8500-C,118.43,0.011000000000000001,0.1,0,1558098887647,21175426,121
2019-05-17 13:25:30.844,1.0,sell,7104.52,BTC-24MAY19-8500-C,105.59,0.008,1.0,2,1558099530844,21176505,122
2019-05-17 13:38:10.649,3.0,sell,7152.03,BTC-24MAY19-8500-C,111.44,0.0105,3.0,0,1558100290649,21177359,123
2019-05-17 13:39:00.522,5.0,buy,7152.06,BTC-24MAY19-8500-C,123.59,0.0145,5.0,0,1558100340522,21177490,124
2019-05-17 13:42:48.674,1.0,sell,7151.92,BTC-24MAY19-8500-C,109.84,0.01,1.0,2,1558100568674,21177889,125
2019-05-17 14:04:37.801,1.0,sell,7237.18,BTC-24MAY19-8500-C,109.54,0.0115,1.0,0,1558101877801,21180684,126
2019-05-17 21:18:01.051,1.0,sell,7241.83,BTC-24MAY19-8500-C,106.97,0.01,1.0,2,1558127881051,21234321,127
2019-05-17 22:58:22.368,1.0,sell,7235.39,BTC-24MAY19-8500-C,106.27,0.0095,1.0,2,1558133902368,21244794,128
2019-05-18 02:22:02.396,16.0,sell,7313.5,BTC-24MAY19-8500-C,109.05,0.0115,16.0,0,1558146122396,21260762,129
2019-05-18 05:18:33.297,1.0,buy,7458.99,BTC-24MAY19-8500-C,103.61,0.0125,1.0,0,1558156713297,21271612,130
2019-05-18 09:03:50.502,1.0,sell,7319.82,BTC-24MAY19-8500-C,101.1,0.0085,1.0,2,1558170230502,21285274,131
2019-05-18 15:45:11.344,0.1,buy,7381.15,BTC-24MAY19-8500-C,104.8,0.01,0.1,0,1558194311344,21304704,132
2019-05-18 15:45:11.344,1.9,buy,7381.15,BTC-24MAY19-8500-C,108.1,0.011000000000000001,1.9,0,1558194311344,21304705,133
2019-05-18 21:57:16.677,1.0,sell,7344.87,BTC-24MAY19-8500-C,107.96,0.0095,1.0,2,1558216636677,21319637,134
2019-05-19 00:07:33.149,0.1,buy,7280.05,BTC-24MAY19-8500-C,107.59,0.008,0.1,2,1558224453149,21325452,135
2019-05-19 00:08:28.144,0.1,buy,7287.33,BTC-24MAY19-8500-C,107.11,0.008,0.1,3,1558224508144,21325459,136
2019-05-19 00:09:00.912,0.1,buy,7290.08,BTC-24MAY19-8500-C,106.94,0.008,0.1,3,1558224540912,21325470,137
2019-05-19 00:09:11.523,0.1,buy,7288.19,BTC-24MAY19-8500-C,107.06,0.008,0.1,3,1558224551523,21325471,138
2019-05-19 01:38:37.775,0.1,buy,7601.71,BTC-24MAY19-8500-C,108.67,0.015,0.1,0,1558229917775,21337767,139
2019-05-19 02:05:44.315,0.1,buy,7685.16,BTC-24MAY19-8500-C,102.57,0.015,0.1,1,1558231544315,21342507,140
2019-05-19 02:05:56.340,0.1,buy,7707.71,BTC-24MAY19-8500-C,102.23,0.0155,0.1,0,1558231556340,21342988,141
2019-05-19 02:11:23.712,0.1,buy,7773.22,BTC-24MAY19-8500-C,107.68,0.0195,0.1,0,1558231883712,21346555,142
2019-05-19 02:13:01.901,0.1,buy,7742.07,BTC-24MAY19-8500-C,111.47,0.02,0.1,0,1558231981901,21347007,143
2019-05-19 02:13:08.873,0.9,sell,7746.75,BTC-24MAY19-8500-C,111.1,0.02,0.9,1,1558231988873,21347041,144
2019-05-19 02:47:19.191,3.0,sell,7773.57,BTC-24MAY19-8500-C,105.34,0.0185,3.0,2,1558234039191,21354316,145
2019-05-19 02:47:56.461,10.0,sell,7771.46,BTC-24MAY19-8500-C,100.28,0.0165,10.0,2,1558234076461,21354327,146
2019-05-19 02:47:56.461,5.0,sell,7771.46,BTC-24MAY19-8500-C,100.28,0.0165,5.0,3,1558234076461,21354328,147
2019-05-19 04:22:57.487,2.0,sell,7867.75,BTC-24MAY19-8500-C,111.93,0.024,2.0,0,1558239777487,21368597,148
2019-05-19 05:23:55.895,0.1,buy,7981.32,BTC-24MAY19-8500-C,116.41,0.03,0.1,0,1558243435895,21375333,149
2019-05-19 07:50:53.150,0.8,buy,8000.07,BTC-24MAY19-8500-C,106.58,0.026000000000000002,0.8,2,1558252253150,21383445,150
2019-05-19 07:52:01.770,0.1,buy,8006.98,BTC-24MAY19-8500-C,105.96,0.026000000000000002,0.1,3,1558252321770,21383559,151
2019-05-19 07:53:45.876,2.0,buy,8004.09,BTC-24MAY19-8500-C,105.07,0.0255,2.0,2,1558252425876,21383607,152
2019-05-19 09:12:51.753,0.3,buy,7977.59,BTC-24MAY19-8500-C,105.68,0.0245,0.3,2,1558257171753,21387946,153
2019-05-19 09:51:24.199,0.1,buy,8029.22,BTC-24MAY19-8500-C,104.8,0.026000000000000002,0.1,0,1558259484199,21389436,154
2019-05-19 12:15:42.864,0.3,sell,7989.06,BTC-24MAY19-8500-C,104.81,0.024,0.3,2,1558268142864,21405462,155
2019-05-19 12:15:42.864,1.7,sell,7989.06,BTC-24MAY19-8500-C,102.38,0.023,1.7,2,1558268142864,21405463,156
2019-05-19 15:53:06.597,0.1,buy,7976.67,BTC-24MAY19-8500-C,118.58,0.0285,0.1,0,1558281186597,21432938,157
2019-05-19 16:28:22.511,0.1,sell,7921.14,BTC-24MAY19-8500-C,100.24,0.019,0.1,2,1558283302511,21435889,158
2019-05-19 19:29:35.999,0.2,buy,8081.56,BTC-24MAY19-8500-C,103.07,0.0255,0.2,0,1558294175999,21445845,159
2019-05-19 21:46:20.090,0.1,buy,8070.92,BTC-24MAY19-8500-C,113.75,0.028999999999999998,0.1,0,1558302380090,21458448,160
2019-05-20 01:00:26.256,0.1,sell,7933.16,BTC-24MAY19-8500-C,104.56,0.0195,0.1,2,1558314026256,21509664,161
2019-05-20 01:44:29.739,1.0,sell,7964.07,BTC-24MAY19-8500-C,104.74,0.0205,1.0,0,1558316669739,21514775,162
2019-05-20 04:44:40.484,0.8,buy,8073.25,BTC-24MAY19-8500-C,113.67,0.0275,0.8,0,1558327480484,21528162,163
2019-05-20 05:12:17.261,0.5,sell,8010.2,BTC-24MAY19-8500-C,111.34,0.024,0.5,2,1558329137261,21529791,164
2019-05-20 07:11:55.216,0.1,sell,7859.83,BTC-24MAY19-8500-C,113.33,0.019,0.1,2,1558336315216,21537944,165
2019-05-20 07:48:23.105,1.0,buy,7911.43,BTC-24MAY19-8500-C,107.44,0.0185,1.0,2,1558338503105,21543296,166
2019-05-20 07:48:40.471,1.0,sell,7919.2,BTC-24MAY19-8500-C,106.72,0.0185,1.0,3,1558338520471,21543322,167
2019-05-20 07:54:14.055,1.0,buy,7877.22,BTC-24MAY19-8500-C,113.54,0.0195,1.0,0,1558338854055,21544131,168
2019-05-20 08:51:59.822,0.1,sell,7798.9,BTC-24MAY19-8500-C,114.07,0.017,0.1,2,1558342319822,21550783,169
2019-05-20 08:54:07.902,0.1,buy,7836.06,BTC-24MAY19-8500-C,113.65,0.018000000000000002,0.1,0,1558342447902,21551888,170
2019-05-20 10:11:34.497,0.8,buy,7938.5,BTC-24MAY19-8500-C,109.05,0.0195,0.8,0,1558347094497,21559489,171
2019-05-20 10:11:40.353,0.8,buy,7941.15,BTC-24MAY19-8500-C,108.8,0.0195,0.8,1,1558347100353,21559493,172
2019-05-20 10:11:40.615,0.4,buy,7941.15,BTC-24MAY19-8500-C,108.8,0.0195,0.4,1,1558347100615,21559497,173
2019-05-20 13:20:40.178,24.0,buy,7692.06,BTC-24MAY19-8500-C,116.95,0.013999999999999999,24.0,2,1558358440178,21585640,174
2019-05-20 13:25:17.393,24.0,buy,7704.52,BTC-24MAY19-8500-C,119.19,0.015,24.0,0,1558358717393,21586463,175
2019-05-20 13:25:17.393,2.9,buy,7704.52,BTC-24MAY19-8500-C,119.19,0.015,2.9,1,1558358717393,21586464,176
2019-05-20 13:29:45.805,24.0,buy,7693.58,BTC-24MAY19-8500-C,121.86,0.0155,24.0,0,1558358985805,21586974,177
2019-05-20 13:35:02.520,2.0,buy,7695.67,BTC-24MAY19-8500-C,124.95,0.0165,2.0,1,1558359302520,21587430,180
2019-05-20 13:35:02.520,24.0,buy,7695.67,BTC-24MAY19-8500-C,124.95,0.0165,24.0,0,1558359302520,21587428,178
2019-05-20 13:35:02.520,5.0,buy,7695.67,BTC-24MAY19-8500-C,124.95,0.0165,5.0,1,1558359302520,21587429,179
2019-05-20 13:37:57.949,24.0,buy,7666.33,BTC-24MAY19-8500-C,126.03,0.016,24.0,2,1558359477949,21587745,181
2019-05-20 13:39:36.952,0.8,buy,7680.26,BTC-24MAY19-8500-C,126.41,0.0165,0.8,0,1558359576952,21587984,182
2019-05-20 13:41:48.606,2.9,buy,7701.45,BTC-24MAY19-8500-C,126.09,0.017,2.9,0,1558359708606,21588299,183
2019-05-20 13:42:56.345,2.0,buy,7712.12,BTC-24MAY19-8500-C,128.26,0.018000000000000002,2.0,1,1558359776345,21588552,185
2019-05-20 13:42:56.345,24.0,buy,7712.12,BTC-24MAY19-8500-C,128.26,0.018000000000000002,24.0,0,1558359776345,21588551,184
2019-05-20 13:44:30.308,10.0,buy,7728.41,BTC-24MAY19-8500-C,129.84,0.019,10.0,0,1558359870308,21588780,186
2019-05-20 15:37:53.971,0.1,sell,7788.09,BTC-24MAY19-8500-C,116.23,0.016,0.1,2,1558366673971,21597896,187
2019-05-20 19:22:18.662,3.0,buy,7830.48,BTC-24MAY19-8500-C,109.87,0.0145,3.0,2,1558380138662,21613584,188
2019-05-20 20:01:21.737,1.0,buy,7834.68,BTC-24MAY19-8500-C,109.9,0.0145,1.0,3,1558382481737,21616273,189
2019-05-20 20:13:18.223,0.2,sell,7828.51,BTC-24MAY19-8500-C,107.29,0.0135,0.2,2,1558383198223,21616671,190
2019-05-20 20:13:19.972,0.2,sell,7828.8,BTC-24MAY19-8500-C,107.26,0.0135,0.2,3,1558383199972,21616673,191
2019-05-20 20:13:20.015,0.2,sell,7828.8,BTC-24MAY19-8500-C,107.26,0.0135,0.2,3,1558383200015,21616676,192
2019-05-20 20:15:04.891,0.1,sell,7830.58,BTC-24MAY19-8500-C,108.79,0.013999999999999999,0.1,0,1558383304891,21616716,193
2019-05-20 21:16:35.090,0.4,buy,8027.66,BTC-24MAY19-8500-C,106.86,0.0195,0.4,0,1558386995090,21630288,194
2019-05-20 21:20:30.966,0.4,sell,8036.72,BTC-24MAY19-8500-C,105.93,0.0195,0.4,1,1558387230966,21630626,195
2019-05-20 22:29:34.026,0.1,sell,8060.81,BTC-24MAY19-8500-C,99.72,0.018000000000000002,0.1,2,1558391374026,21641818,196
2019-05-20 22:43:53.706,0.1,sell,7964.25,BTC-24MAY19-8500-C,112.98,0.019,0.1,0,1558392233706,21643109,197
2019-05-21 04:25:17.590,10.0,buy,7899.28,BTC-24MAY19-8500-C,102.47,0.0125,10.0,2,1558412717590,21668511,198
2019-05-21 04:25:27.065,10.0,buy,7903.68,BTC-24MAY19-8500-C,102.04,0.0125,10.0,3,1558412727065,21668512,199
2019-05-21 04:30:13.588,5.0,buy,7906.09,BTC-24MAY19-8500-C,101.85,0.0125,5.0,3,1558413013588,21668591,200
2019-05-21 06:10:15.728,1.0,sell,7943.35,BTC-24MAY19-8500-C,99.25,0.0125,1.0,3,1558419015728,21672853,201
2019-05-21 06:21:23.718,1.0,sell,7911.92,BTC-24MAY19-8500-C,98.97,0.0115,1.0,2,1558419683718,21673318,202
2019-05-21 09:23:25.623,0.4,buy,8027.25,BTC-24MAY19-8500-C,96.14,0.0135,0.4,0,1558430605623,21679453,203
2019-05-21 09:23:39.577,0.1,buy,8031.29,BTC-24MAY19-8500-C,95.72,0.0135,0.1,1,1558430619577,21679467,204
2019-05-21 09:25:30.039,0.1,buy,8014.17,BTC-24MAY19-8500-C,105.92,0.016,0.1,0,1558430730039,21679520,205
2019-05-21 10:36:55.796,0.1,sell,7916.27,BTC-24MAY19-8500-C,97.77,0.0105,0.1,2,1558435015796,21683403,206
2019-05-21 11:22:33.086,0.3,buy,7930.75,BTC-24MAY19-8500-C,94.94,0.01,0.3,2,1558437753086,21684378,207
2019-05-21 12:51:43.250,0.4,buy,7919.63,BTC-24MAY19-8500-C,97.11,0.01,0.4,3,1558443103250,21692383,209
2019-05-21 12:51:43.250,1.6,buy,7919.63,BTC-24MAY19-8500-C,97.11,0.01,1.6,3,1558443103250,21692384,210
2019-05-21 12:51:43.250,1.0,buy,7919.63,BTC-24MAY19-8500-C,97.11,0.01,1.0,3,1558443103250,21692387,213
2019-05-21 12:51:43.250,1.8,buy,7919.63,BTC-24MAY19-8500-C,97.11,0.01,1.8,3,1558443103250,21692382,208
2019-05-21 12:51:43.250,1.7,buy,7919.63,BTC-24MAY19-8500-C,97.11,0.01,1.7,3,1558443103250,21692385,211
2019-05-21 12:51:43.250,1.3,buy,7919.63,BTC-24MAY19-8500-C,97.11,0.01,1.3,3,1558443103250,21692388,214
2019-05-21 12:51:43.250,2.2,buy,7919.63,BTC-24MAY19-8500-C,97.11,0.01,2.2,3,1558443103250,21692386,212
2019-05-21 12:51:55.252,2.0,buy,7918.56,BTC-24MAY19-8500-C,97.22,0.01,2.0,3,1558443115252,21692410,218
2019-05-21 12:51:55.252,1.7,buy,7918.56,BTC-24MAY19-8500-C,97.22,0.01,1.7,3,1558443115252,21692411,219
2019-05-21 12:51:55.252,1.2,buy,7918.56,BTC-24MAY19-8500-C,97.22,0.01,1.2,3,1558443115252,21692408,216
2019-05-21 12:51:55.252,0.3,buy,7918.56,BTC-24MAY19-8500-C,97.22,0.01,0.3,3,1558443115252,21692407,215
2019-05-21 12:51:55.252,4.8,buy,7918.56,BTC-24MAY19-8500-C,97.22,0.01,4.8,3,1558443115252,21692409,217
2019-05-21 12:51:58.970,5.1000000000000005,buy,7918.65,BTC-24MAY19-8500-C,97.21,0.01,5.1000000000000005,3,1558443118970,21692439,220
2019-05-21 12:51:58.970,4.9,buy,7918.65,BTC-24MAY19-8500-C,97.21,0.01,4.9,3,1558443118970,21692440,221
2019-05-21 12:52:16.182,1.1,buy,7922.03,BTC-24MAY19-8500-C,96.87,0.01,1.1,3,1558443136182,21692454,222
2019-05-21 12:52:16.182,2.8000000000000003,buy,7922.03,BTC-24MAY19-8500-C,96.87,0.01,2.8000000000000003,3,1558443136182,21692455,223
2019-05-21 12:52:16.182,4.8,buy,7922.03,BTC-24MAY19-8500-C,96.87,0.01,4.8,3,1558443136182,21692456,224
2019-05-21 12:52:16.182,1.3,buy,7922.03,BTC-24MAY19-8500-C,96.87,0.01,1.3,3,1558443136182,21692457,225
2019-05-21 13:03:41.771,3.3000000000000003,buy,7927.67,BTC-24MAY19-8500-C,96.44,0.01,3.3000000000000003,3,1558443821771,21692887,227
2019-05-21 13:03:41.771,1.7,buy,7927.67,BTC-24MAY19-8500-C,96.44,0.01,1.7,3,1558443821771,21692888,228
2019-05-21 13:03:41.771,0.6,buy,7927.67,BTC-24MAY19-8500-C,96.44,0.01,0.6,3,1558443821771,21692886,226
2019-05-21 16:00:51.250,0.1,sell,7922.62,BTC-24MAY19-8500-C,88.76,0.0075,0.1,2,1558454451250,21706262,229
2019-05-21 16:00:51.250,1.9,sell,7922.62,BTC-24MAY19-8500-C,88.76,0.0075,1.9,3,1558454451250,21706263,230
2019-05-21 16:16:52.438,1.0,sell,7937.5,BTC-24MAY19-8500-C,93.78,0.009000000000000001,1.0,0,1558455412438,21707112,231
2019-05-21 16:20:44.459,2.0,sell,7935.21,BTC-24MAY19-8500-C,94.07,0.009000000000000001,2.0,1,1558455644459,21707264,232
2019-05-21 16:29:37.230,10.0,sell,7924.66,BTC-24MAY19-8500-C,95.26,0.009000000000000001,10.0,1,1558456177230,21707600,233
2019-05-21 18:23:02.025,0.2,buy,8008.68,BTC-24MAY19-8500-C,97.62,0.0115,0.2,0,1558462982025,21715800,234
2019-05-21 19:41:56.554,0.2,buy,8009.72,BTC-24MAY19-8500-C,96.64,0.011000000000000001,0.2,2,1558467716554,21719758,235
2019-05-21 21:50:21.966,0.1,sell,8033.35,BTC-24MAY19-8500-C,89.78,0.0095,0.1,2,1558475421966,21728176,236
2019-05-22 01:36:37.178,3.6,sell,7991.94,BTC-24MAY19-8500-C,95.44,0.009000000000000001,3.6,2,1558488997178,21740033,237
2019-05-22 04:15:05.650,0.1,sell,7924.46,BTC-24MAY19-8500-C,88.33,0.0055,0.1,2,1558498505650,21746209,238
2019-05-22 04:15:05.650,0.4,sell,7924.46,BTC-24MAY19-8500-C,88.33,0.0055,0.4,3,1558498505650,21746210,239
2019-05-22 07:44:38.021,0.1,sell,7906.65,BTC-24MAY19-8500-C,93.39,0.0055,0.1,3,1558511078021,21751471,240
2019-05-22 09:37:00.546,1.5,sell,7921.16,BTC-24MAY19-8500-C,93.66,0.0055,1.5,3,1558517820546,21754101,241
2019-05-22 09:37:00.546,1.0,sell,7921.16,BTC-24MAY19-8500-C,93.66,0.0055,1.0,3,1558517820546,21754102,242
2019-05-22 09:51:56.202,3.6,sell,7902.17,BTC-24MAY19-8500-C,98.84,0.006,3.6,0,1558518716202,21754882,243
2019-05-22 09:52:04.306,1.0,sell,7896.29,BTC-24MAY19-8500-C,96.64,0.0055,1.0,2,1558518724306,21754928,244
2019-05-22 11:48:15.495,0.1,buy,7832.52,BTC-24MAY19-8500-C,105.82,0.0055,0.1,3,1558525695495,21767926,245
2019-05-22 11:52:56.645,0.1,buy,7826.42,BTC-24MAY19-8500-C,106.6,0.0055,0.1,3,1558525976645,21768155,246
2019-05-22 13:54:57.021,1.0,sell,7850.56,BTC-24MAY19-8500-C,92.9,0.0035,1.0,2,1558533297021,21774646,247
2019-05-22 15:25:46.403,0.1,buy,8030.61,BTC-24MAY19-8500-C,89.92,0.006,0.1,0,1558538746403,21782250,248
2019-05-22 20:13:04.980,6.0,sell,7912.19,BTC-24MAY19-8500-C,97.43,0.004,6.0,2,1558555984980,21799071,249
2019-05-22 20:13:04.980,5.0,sell,7912.19,BTC-24MAY19-8500-C,97.43,0.004,5.0,3,1558555984980,21799072,250
2019-05-22 20:17:59.514,10.0,sell,7822.53,BTC-24MAY19-8500-C,104.06,0.0035,10.0,2,1558556279514,21802902,251
2019-05-22 20:21:30.310,4.8,sell,7813.65,BTC-24MAY19-8500-C,105.15,0.0035,4.8,3,1558556490310,21804995,252
2019-05-22 20:21:38.268,1.0,sell,7806.38,BTC-24MAY19-8500-C,106.0,0.0035,1.0,3,1558556498268,21805054,253
2019-05-22 20:22:33.624,20.0,sell,7752.07,BTC-24MAY19-8500-C,112.19,0.0035,20.0,3,1558556553624,21806478,254
2019-05-22 22:30:18.206,2.0,sell,7709.64,BTC-24MAY19-8500-C,98.8,0.0015,2.0,2,1558564218206,21841368,255
2019-05-23 02:40:41.985,0.1,sell,7658.6,BTC-24MAY19-8500-C,102.68,0.001,0.1,2,1558579241985,21862844,256
2019-05-23 02:40:41.985,2.5,sell,7658.6,BTC-24MAY19-8500-C,102.68,0.001,2.5,3,1558579241985,21862845,257
2019-05-23 03:46:50.758,1.0,buy,7639.52,BTC-24MAY19-8500-C,106.68,0.001,1.0,3,1558583210758,21865516,258
2019-05-23 05:05:09.928,1.4,buy,7664.97,BTC-24MAY19-8500-C,106.48,0.001,1.4,3,1558587909928,21867410,259
2019-05-23 05:05:09.928,2.0,buy,7664.97,BTC-24MAY19-8500-C,106.48,0.001,2.0,3,1558587909928,21867411,260
2019-05-23 05:17:41.621,2.0,sell,7638.01,BTC-24MAY19-8500-C,109.83,0.001,2.0,3,1558588661621,21867851,261
2019-05-23 05:26:00.118,0.5,sell,7618.05,BTC-24MAY19-8500-C,112.27,0.001,0.5,3,1558589160118,21868390,262
2019-05-23 05:35:58.478,0.1,sell,7590.34,BTC-24MAY19-8500-C,115.63,0.001,0.1,3,1558589758478,21869275,263
2019-05-23 09:10:09.253,0.9,sell,7545.0,BTC-24MAY19-8500-C,115.43,0.0005,0.9,2,1558602609253,21882830,264
2019-05-23 09:16:50.781,2.0,sell,7542.38,BTC-24MAY19-8500-C,116.01,0.0005,2.0,3,1558603010781,21886411,265
2019-05-23 16:20:09.871,0.6,buy,7848.93,BTC-24MAY19-8500-C,123.48,0.0015,0.6,0,1558628409871,21917971,266
2019-05-23 17:13:12.476,0.4,buy,7825.72,BTC-24MAY19-8500-C,130.74,0.0015,0.4,1,1558631592476,21921129,267
2019-05-23 17:40:53.031,50.0,sell,7784.36,BTC-24MAY19-8500-C,128.26,0.001,50.0,2,1558633253031,21923922,268
2019-05-23 19:02:45.072,2.0,sell,7787.54,BTC-24MAY19-8500-C,134.36,0.001,2.0,3,1558638165072,21926593,269
2019-05-23 20:39:08.375,1.0,buy,7804.41,BTC-24MAY19-8500-C,153.0,0.0015,1.0,0,1558643948375,21932315,270
2019-05-23 21:03:17.293,5.0,sell,7861.15,BTC-24MAY19-8500-C,133.51,0.001,5.0,2,1558645397293,21934681,271
2019-05-23 21:39:29.943,1.0,buy,7909.66,BTC-24MAY19-8500-C,140.52,0.0015,1.0,0,1558647569943,21937260,272
2019-05-23 21:39:34.716,1.0,buy,7910.67,BTC-24MAY19-8500-C,140.44,0.0015,1.0,1,1558647574716,21937302,273
2019-05-23 21:42:55.917,1.6,buy,7908.28,BTC-24MAY19-8500-C,151.2,0.002,1.6,0,1558647775917,21937991,274
2019-05-23 22:17:19.878,0.1,sell,7912.55,BTC-24MAY19-8500-C,116.05,0.0005,0.1,2,1558649839878,21941982,275
2019-05-24 00:50:16.405,7.0,sell,7862.16,BTC-24MAY19-8500-C,144.96,0.0005,7.0,3,1558659016405,21954592,276
2019-05-24 00:50:16.405,0.1,sell,7862.16,BTC-24MAY19-8500-C,144.96,0.0005,0.1,3,1558659016405,21954593,277
2019-05-24 01:09:16.394,12.9,buy,7908.34,BTC-24MAY19-8500-C,139.06,0.0005,12.9,3,1558660156394,21955452,278
2019-05-24 02:05:31.412,87.10000000000001,sell,7866.83,BTC-24MAY19-8500-C,158.53,0.0005,87.10000000000001,3,1558663531412,21958636,279
