date_utc,amount,direction,indexPrice,instrument,iv,price,quantity,tickDirection,timeStamp,tradeId,tradeSeq
2019-05-03 09:33:06.729,2.0,buy,167.74,ETH-17MAY19-170-C,69.47,0.048,2.0,1,1556875986729,1431492,1
2019-05-03 20:12:16.459,1.0,sell,166.16,ETH-17MAY19-170-C,70.66,0.044,1.0,2,1556914336459,1448384,2
2019-05-04 20:29:23.313,50.0,sell,160.97,ETH-17MAY19-170-C,66.17,0.027000000000000003,50.0,2,1557001763313,1471484,3
2019-05-04 21:06:29.414,5.0,buy,162.61,ETH-17MAY19-170-C,67.06,0.031,5.0,0,1557003989414,1472620,4
2019-05-04 21:12:31.824,13.0,sell,162.57,ETH-17MAY19-170-C,65.78,0.03,13.0,2,1557004351824,1473201,5
2019-05-06 16:03:24.867,50.0,buy,173.46,ETH-17MAY19-170-C,79.21,0.064,50.0,0,1557158604867,1520844,6
2019-05-06 16:03:29.226,4.0,buy,173.48,ETH-17MAY19-170-C,83.62,0.067,4.0,0,1557158609226,1520960,7
2019-05-07 12:59:54.440,5.0,buy,176.26,ETH-17MAY19-170-C,86.46,0.075,5.0,0,1557233994440,1565130,8
2019-05-07 14:12:40.174,83.0,sell,171.3,ETH-17MAY19-170-C,80.33,0.055999999999999994,83.0,2,1557238360174,1568253,9
2019-05-07 14:12:40.196,37.0,sell,171.3,ETH-17MAY19-170-C,80.33,0.055999999999999994,37.0,3,1557238360196,1568259,10
2019-05-07 15:23:52.809,2.0,buy,171.44,ETH-17MAY19-170-C,86.11,0.06,2.0,0,1557242632809,1574927,11
2019-05-07 15:27:31.743,48.0,sell,171.45,ETH-17MAY19-170-C,78.32,0.055,48.0,2,1557242851743,1575062,12
2019-05-07 15:28:22.392,2.0,sell,171.43,ETH-17MAY19-170-C,78.41,0.055,2.0,3,1557242902392,1575110,13
2019-05-07 23:52:30.419,52.0,sell,167.04,ETH-17MAY19-170-C,83.0,0.045,52.0,2,1557273150419,1592982,14
2019-05-07 23:52:30.445,28.0,sell,167.04,ETH-17MAY19-170-C,83.0,0.045,28.0,3,1557273150445,1592988,15
2019-05-07 23:52:30.493,1.0,sell,167.04,ETH-17MAY19-170-C,83.0,0.045,1.0,3,1557273150493,1593013,16
2019-05-08 00:40:16.222,4.0,buy,165.51,ETH-17MAY19-170-C,87.64,0.044000000000000004,4.0,2,1557276016222,1606364,17
2019-05-09 01:20:35.921,11.0,sell,171.87,ETH-17MAY19-170-C,86.05,0.057,11.0,0,1557364835921,1645296,18
2019-05-09 13:53:58.408,117.0,sell,168.24,ETH-17MAY19-170-C,78.81,0.040999999999999995,117.0,2,1557410038408,1660069,19
2019-05-09 21:40:23.842,1.0,sell,168.72,ETH-17MAY19-170-C,80.01,0.042,1.0,0,1557438023842,1666337,20
2019-05-09 23:00:06.550,2.0,buy,170.47,ETH-17MAY19-170-C,75.27,0.044000000000000004,2.0,0,1557442806550,1668054,21
2019-05-10 00:23:25.745,35.0,buy,170.05,ETH-17MAY19-170-C,75.91,0.043,35.0,2,1557447805745,1670298,22
2019-05-10 00:59:42.514,1.0,sell,168.47,ETH-17MAY19-170-C,74.87,0.038,1.0,2,1557449982514,1671239,23
2019-05-10 02:21:09.508,50.0,buy,169.76,ETH-17MAY19-170-C,77.79,0.043,50.0,0,1557454869508,1673182,24
2019-05-10 02:21:09.539,1.0,buy,169.76,ETH-17MAY19-170-C,77.79,0.043,1.0,1,1557454869539,1673183,25
2019-05-10 02:21:09.665,1.0,buy,169.77,ETH-17MAY19-170-C,77.74,0.043,1.0,1,1557454869665,1673184,26
2019-05-10 02:21:09.876,1.0,buy,169.77,ETH-17MAY19-170-C,77.74,0.043,1.0,1,1557454869876,1673185,27
2019-05-10 02:27:29.620,12.0,buy,170.17,ETH-17MAY19-170-C,75.76,0.043,12.0,1,1557455249620,1673616,28
2019-05-10 09:14:39.255,1.0,sell,172.43,ETH-17MAY19-170-C,76.1,0.049,1.0,0,1557479679255,1690003,29
2019-05-10 19:41:14.100,3.0,buy,175.33,ETH-17MAY19-170-C,80.19,0.059000000000000004,3.0,0,1557517274100,1704811,30
2019-05-10 20:21:21.157,1.0,buy,174.88,ETH-17MAY19-170-C,83.26,0.059000000000000004,1.0,1,1557519681157,1705870,31
2019-05-10 21:33:14.431,50.0,buy,171.57,ETH-17MAY19-170-C,85.91,0.05,50.0,2,1557523994431,1712988,32
2019-05-11 05:02:28.863,20.0,buy,174.84,ETH-17MAY19-170-C,83.92,0.057999999999999996,20.0,0,1557550948863,1729111,33
2019-05-11 05:38:00.807,20.0,buy,176.46,ETH-17MAY19-170-C,87.59,0.065,20.0,0,1557553080807,1732307,34
2019-05-11 10:55:22.658,2.0,buy,192.64,ETH-17MAY19-170-C,122.74,0.135,2.0,0,1557572122658,1769027,35
2019-05-11 11:47:25.295,1.0,buy,188.38,ETH-17MAY19-170-C,117.4,0.11800000000000001,1.0,2,1557575245295,1774593,36
2019-05-11 13:20:06.404,3.0,buy,189.07,ETH-17MAY19-170-C,87.05,0.11,3.0,2,1557580806404,1780359,37
2019-05-11 14:23:03.892,1.0,buy,188.01,ETH-17MAY19-170-C,108.46,0.113,1.0,0,1557584583892,1783340,38
2019-05-11 15:46:24.660,1.0,sell,191.17,ETH-17MAY19-170-C,110.61,0.125,1.0,0,1557589584660,1789448,39
2019-05-11 17:34:44.438,5.0,sell,193.8,ETH-17MAY19-170-C,94.34,0.13,5.0,0,1557596084438,1797113,40
2019-05-11 17:35:36.356,1.0,buy,194.23,ETH-17MAY19-170-C,99.69,0.133,1.0,0,1557596136356,1797288,41
2019-05-11 17:41:04.764,20.0,sell,194.23,ETH-17MAY19-170-C,95.75,0.132,20.0,2,1557596464764,1797933,42
2019-05-11 18:14:38.416,20.0,sell,199.02,ETH-17MAY19-170-C,103.46,0.152,20.0,0,1557598478416,1804838,43
2019-05-11 18:46:24.500,30.0,sell,198.13,ETH-17MAY19-170-C,121.33,0.153,30.0,0,1557600384500,1807889,44
2019-05-11 22:23:09.700,30.0,buy,200.3,ETH-17MAY19-170-C,88.33,0.154,30.0,0,1557613389700,1823928,45
2019-05-12 14:23:28.893,1.0,sell,189.91,ETH-17MAY19-170-C,91.05,0.11199999999999999,1.0,2,1557671008893,1964005,46
2019-05-13 03:36:44.577,2.0,sell,188.53,ETH-17MAY19-170-C,85.98,0.10400000000000001,2.0,2,1557718604577,2009281,47
2019-05-13 05:58:22.067,11.0,buy,189.77,ETH-17MAY19-170-C,91.41,0.11,11.0,0,1557727102067,2012485,48
2019-05-13 15:12:41.058,1.0,buy,199.86,ETH-17MAY19-170-C,79.6,0.15,1.0,0,1557760361058,2031207,49
2019-05-13 15:26:15.100,1.0,buy,202.01,ETH-17MAY19-170-C,118.06,0.162,1.0,0,1557761175100,2035014,50
2019-05-13 16:16:11.875,1.0,sell,204.04,ETH-17MAY19-170-C,111.47,0.16899999999999998,1.0,0,1557764171875,2045698,51
2019-05-13 19:46:38.777,1.0,buy,202.73,ETH-17MAY19-170-C,165.88,0.172,1.0,0,1557776798777,2058556,52
2019-05-13 22:50:59.901,50.0,sell,202.52,ETH-17MAY19-170-C,114.64,0.163,50.0,2,1557787859901,2067368,53
2019-05-14 02:10:46.587,1.0,buy,200.29,ETH-17MAY19-170-C,160.07,0.161,1.0,2,1557799846587,2080740,54
2019-05-14 08:36:39.714,5.0,buy,211.57,ETH-17MAY19-170-C,210.48,0.207,5.0,0,1557822999714,2112039,55
2019-05-14 14:25:20.811,10.0,sell,207.2,ETH-17MAY19-170-C,177.4,0.18600000000000005,10.0,2,1557843920811,2136230,56
2019-05-14 16:51:52.314,1.0,sell,208.06,ETH-17MAY19-170-C,0.0,0.18100000000000002,1.0,2,1557852712314,2148536,57
2019-05-14 18:25:53.697,10.0,sell,206.01,ETH-17MAY19-170-C,191.39,0.183,10.0,0,1557858353697,2153659,58
2019-05-14 20:55:14.097,1.0,sell,203.44,ETH-17MAY19-170-C,126.64,0.166,1.0,2,1557867314097,2165166,59
2019-05-16 04:22:39.379,2.0,buy,258.84,ETH-17MAY19-170-C,500.0,0.35,2.0,0,1557980559379,2332741,60
