date_utc,amount,direction,indexPrice,instrument,iv,price,quantity,tickDirection,timeStamp,tradeId,tradeSeq
2019-02-14 02:26:39.281,4.4,buy,3581.33,BTC-29MAR19-3500-P,57.35,0.069,4.4,1,1550111199281,15352204,487
2019-02-14 02:53:08.494,0.1,buy,3575.02,BTC-29MAR19-3500-P,57.46,0.07,0.1,0,1550112788494,15352498,488
2019-02-14 02:56:01.056,1.0,buy,3574.55,BTC-29MAR19-3500-P,57.87,0.0705,1.0,0,1550112961056,15352532,489
2019-02-14 08:23:48.117,6.7,sell,3569.09,BTC-29MAR19-3500-P,56.94,0.07,6.7,2,1550132628117,15358954,490
2019-02-14 08:23:57.967,6.7,sell,3569.06,BTC-29MAR19-3500-P,56.96,0.07,6.7,3,1550132637967,15358955,491
2019-02-14 08:24:29.849,6.7,buy,3569.56,BTC-29MAR19-3500-P,56.99,0.07,6.7,3,1550132669849,15358960,492
2019-02-14 08:24:33.213,6.7,buy,3569.56,BTC-29MAR19-3500-P,56.99,0.07,6.7,3,1550132673213,15358961,493
2019-02-14 08:25:42.377,6.7,sell,3569.8,BTC-29MAR19-3500-P,56.61,0.0695,6.7,2,1550132742377,15358965,494
2019-02-14 08:25:57.271,6.7,sell,3569.8,BTC-29MAR19-3500-P,56.98,0.07,6.7,0,1550132757271,15358966,495
2019-02-14 08:25:59.923,6.7,sell,3569.8,BTC-29MAR19-3500-P,56.61,0.0695,6.7,2,1550132759923,15358967,496
2019-02-14 08:26:17.509,6.7,buy,3569.83,BTC-29MAR19-3500-P,56.67,0.0695,6.7,3,1550132777509,15359029,497
2019-02-14 16:01:40.262,2.0,sell,3572.12,BTC-29MAR19-3500-P,57.35,0.07,2.0,0,1550160100262,15370225,498
2019-02-15 00:06:23.883,1.0,sell,3566.55,BTC-29MAR19-3500-P,56.17,0.069,1.0,2,1550189183883,15376503,499
2019-02-15 01:19:49.792,0.1,buy,3565.42,BTC-29MAR19-3500-P,56.89,0.07,0.1,0,1550193589792,15376876,500
2019-02-15 06:04:40.233,0.1,sell,3576.19,BTC-29MAR19-3500-P,55.26,0.066,0.1,2,1550210680233,15380743,501
2019-02-15 06:05:46.961,0.1,sell,3575.67,BTC-29MAR19-3500-P,55.59,0.0665,0.1,0,1550210746961,15380750,502
2019-02-15 06:26:21.892,0.1,sell,3578.91,BTC-29MAR19-3500-P,55.61,0.066,0.1,2,1550211981892,15380910,503
2019-02-15 08:01:07.113,0.1,sell,3576.1,BTC-29MAR19-3500-P,55.66,0.066,0.1,3,1550217667113,15382324,504
2019-02-15 08:01:07.113,5.9,sell,3576.1,BTC-29MAR19-3500-P,55.66,0.066,5.9,3,1550217667113,15382325,505
2019-02-15 08:02:46.091,0.1,sell,3576.87,BTC-29MAR19-3500-P,55.53,0.0655,0.1,2,1550217766091,15382420,506
2019-02-15 08:59:48.722,6.0,sell,3575.66,BTC-29MAR19-3500-P,55.12,0.0655,6.0,3,1550221188722,15383056,508
2019-02-15 08:59:48.722,5.0,sell,3575.66,BTC-29MAR19-3500-P,55.12,0.0655,5.0,3,1550221188722,15383055,507
2019-02-15 10:24:43.908,0.1,sell,3576.37,BTC-29MAR19-3500-P,54.74,0.065,0.1,2,1550226283908,15383967,509
2019-02-15 10:24:43.908,0.9,sell,3576.37,BTC-29MAR19-3500-P,54.74,0.065,0.9,3,1550226283908,15383968,510
2019-02-15 10:41:54.346,0.1,sell,3576.88,BTC-29MAR19-3500-P,54.64,0.065,0.1,2,1550227314346,15384180,512
2019-02-15 10:41:54.346,0.1,sell,3576.88,BTC-29MAR19-3500-P,55.02,0.0655,0.1,0,1550227314346,15384179,511
2019-02-15 10:41:54.346,0.3,sell,3576.88,BTC-29MAR19-3500-P,54.64,0.065,0.3,3,1550227314346,15384181,513
2019-02-15 10:42:06.199,0.1,sell,3576.9,BTC-29MAR19-3500-P,55.02,0.0655,0.1,0,1550227326199,15384182,514
2019-02-15 10:42:17.622,0.4,sell,3577.27,BTC-29MAR19-3500-P,53.92,0.064,0.4,2,1550227337622,15384185,516
2019-02-15 10:42:17.622,0.1,sell,3577.27,BTC-29MAR19-3500-P,54.67,0.065,0.1,2,1550227337622,15384184,515
2019-02-15 12:35:14.911,0.1,buy,3579.93,BTC-29MAR19-3500-P,56.48,0.0665,0.1,0,1550234114911,15387104,517
2019-02-15 12:36:01.696,0.5,sell,3580.47,BTC-29MAR19-3500-P,55.1,0.0645,0.5,2,1550234161696,15387111,518
2019-02-15 14:22:37.958,0.1,buy,3583.78,BTC-29MAR19-3500-P,56.15,0.065,0.1,0,1550240557958,15391670,519
2019-02-15 14:22:40.454,0.2,buy,3583.28,BTC-29MAR19-3500-P,56.04,0.065,0.2,1,1550240560454,15391676,520
2019-02-15 14:23:01.845,0.2,buy,3569.76,BTC-29MAR19-3500-P,54.75,0.0655,0.2,0,1550240581845,15392036,521
2019-02-15 14:23:06.866,0.1,buy,3564.78,BTC-29MAR19-3500-P,56.37,0.0685,0.1,0,1550240586866,15392188,522
2019-02-15 15:35:39.792,0.1,buy,3550.48,BTC-29MAR19-3500-P,55.72,0.07,0.1,0,1550244939792,15398984,523
2019-02-15 15:36:36.128,0.1,buy,3551.14,BTC-29MAR19-3500-P,55.72,0.07,0.1,1,1550244996128,15399038,524
2019-02-15 23:04:49.749,0.1,buy,3564.8,BTC-29MAR19-3500-P,55.91,0.0675,0.1,2,1550271889749,15402710,525
2019-02-16 00:47:20.556,0.2,buy,3568.71,BTC-29MAR19-3500-P,55.93,0.0665,0.2,2,1550278040556,15403449,526
2019-02-16 01:04:11.335,0.5,sell,3574.3,BTC-29MAR19-3500-P,56.0,0.0655,0.5,2,1550279051335,15403965,527
2019-02-16 01:04:20.219,0.2,buy,3574.51,BTC-29MAR19-3500-P,55.63,0.065,0.2,2,1550279060219,15403968,528
2019-02-16 02:49:10.358,6.8,sell,3576.44,BTC-29MAR19-3500-P,56.1,0.066,6.8,0,1550285350358,15405070,529
2019-02-16 02:52:10.746,2.1,buy,3580.88,BTC-29MAR19-3500-P,56.02,0.065,2.1,2,1550285530746,15405280,530
2019-02-16 02:56:10.210,0.1,buy,3579.08,BTC-29MAR19-3500-P,56.94,0.0665,0.1,0,1550285770210,15405392,531
2019-02-16 10:05:47.251,0.1,buy,3585.94,BTC-29MAR19-3500-P,55.43,0.0625,0.1,2,1550311547251,15411339,532
2019-02-16 10:15:44.142,0.1,sell,3586.94,BTC-29MAR19-3500-P,55.07,0.062,0.1,2,1550312144142,15411386,533
2019-02-16 11:30:33.047,7.2,buy,3586.77,BTC-29MAR19-3500-P,55.04,0.062,7.2,3,1550316633047,15411910,534
2019-02-16 11:30:48.390,7.2,buy,3587.09,BTC-29MAR19-3500-P,55.08,0.062,7.2,3,1550316648390,15411915,535
2019-02-16 11:55:11.793,1.0,buy,3589.45,BTC-29MAR19-3500-P,55.49,0.062,1.0,3,1550318111793,15412104,536
2019-02-16 12:18:05.024,2.0,sell,3595.71,BTC-29MAR19-3500-P,54.21,0.0595,2.0,2,1550319485024,15412874,537
2019-02-16 12:28:59.671,8.0,buy,3575.67,BTC-29MAR19-3500-P,54.14,0.062,8.0,0,1550320139671,15414070,538
2019-02-16 12:29:00.109,1.6,buy,3575.67,BTC-29MAR19-3500-P,54.14,0.062,1.6,1,1550320140109,15414071,539
2019-02-16 17:31:14.611,0.1,sell,3588.65,BTC-29MAR19-3500-P,54.86,0.061,0.1,2,1550338274611,15421855,540
2019-02-16 17:31:14.611,0.2,sell,3588.65,BTC-29MAR19-3500-P,54.86,0.061,0.2,3,1550338274611,15421856,541
2019-02-16 17:31:14.611,49.7,sell,3588.65,BTC-29MAR19-3500-P,54.48,0.0605,49.7,2,1550338274611,15421857,542
2019-02-16 19:32:25.584,2.0,sell,3597.65,BTC-29MAR19-3500-P,54.37,0.0595,2.0,2,1550345545584,15422403,543
2019-02-16 23:38:22.779,1.0,buy,3586.16,BTC-29MAR19-3500-P,55.33,0.0625,1.0,0,1550360302779,15424638,544
2019-02-17 00:20:57.730,0.1,sell,3583.9,BTC-29MAR19-3500-P,53.85,0.0605,0.1,2,1550362857730,15425363,545
2019-02-17 04:09:27.365,0.1,buy,3587.9,BTC-29MAR19-3500-P,55.2,0.0615,0.1,0,1550376567365,15427305,546
2019-02-17 04:44:45.537,0.1,buy,3590.56,BTC-29MAR19-3500-P,56.34,0.0625,0.1,0,1550378685537,15427452,547
2019-02-17 04:58:16.602,4.9,sell,3596.94,BTC-29MAR19-3500-P,56.34,0.0615,4.9,2,1550379496602,15427792,548
2019-02-17 05:00:45.607,0.2,sell,3595.37,BTC-29MAR19-3500-P,54.49,0.059,0.2,2,1550379645607,15427846,549
2019-02-17 05:00:45.607,1.8,sell,3595.37,BTC-29MAR19-3500-P,54.49,0.059,1.8,3,1550379645607,15427847,550
2019-02-17 05:02:16.303,0.9,sell,3595.65,BTC-29MAR19-3500-P,54.47,0.059,0.9,3,1550379736303,15427869,552
2019-02-17 05:02:16.303,0.1,sell,3595.65,BTC-29MAR19-3500-P,54.47,0.059,0.1,3,1550379736303,15427868,551
2019-02-17 08:31:10.568,0.1,buy,3596.07,BTC-29MAR19-3500-P,56.46,0.0615,0.1,0,1550392270568,15429265,553
2019-02-17 08:33:35.668,0.2,buy,3596.29,BTC-29MAR19-3500-P,56.84,0.062,0.2,0,1550392415668,15429275,554
2019-02-17 09:48:25.660,0.2,buy,3599.4,BTC-29MAR19-3500-P,56.57,0.0615,0.2,2,1550396905660,15429593,555
2019-02-17 09:52:39.760,0.1,buy,3599.9,BTC-29MAR19-3500-P,56.94,0.062,0.1,0,1550397159760,15429607,556
2019-02-17 10:26:03.677,0.1,sell,3616.47,BTC-29MAR19-3500-P,57.08,0.0595,0.1,2,1550399163677,15430956,557
2019-02-17 10:26:06.536,0.1,sell,3617.88,BTC-29MAR19-3500-P,57.07,0.059,0.1,2,1550399166536,15431034,558
2019-02-17 10:27:53.514,0.2,buy,3654.18,BTC-29MAR19-3500-P,54.91,0.0525,0.2,2,1550399273514,15433496,559
2019-02-17 10:28:00.854,0.1,buy,3658.78,BTC-29MAR19-3500-P,56.05,0.053,0.1,0,1550399280854,15433821,560
2019-02-17 10:45:24.575,0.1,buy,3587.64,BTC-29MAR19-3500-P,56.29,0.062,0.1,0,1550400324575,15439562,561
2019-02-17 10:58:30.269,0.9,buy,3591.09,BTC-29MAR19-3500-P,57.14,0.0635,0.9,0,1550401110269,15442010,562
2019-02-17 11:00:30.994,0.1,buy,3585.54,BTC-29MAR19-3500-P,57.34,0.0645,0.1,0,1550401230994,15442186,563
2019-02-17 11:21:02.629,0.1,sell,3595.42,BTC-29MAR19-3500-P,55.51,0.0605,0.1,2,1550402462629,15442910,564
2019-02-17 12:43:22.263,0.1,buy,3572.44,BTC-29MAR19-3500-P,57.39,0.066,0.1,0,1550407402263,15445771,565
2019-02-17 13:06:54.123,0.2,buy,3563.89,BTC-29MAR19-3500-P,56.0,0.065,0.2,2,1550408814123,15446585,566
2019-02-17 13:19:13.329,0.1,buy,3564.01,BTC-29MAR19-3500-P,56.48,0.066,0.1,0,1550409553329,15447462,567
2019-02-17 13:27:06.459,5.8,buy,3564.8,BTC-29MAR19-3500-P,55.41,0.0645,5.8,2,1550410026459,15447590,568
2019-02-17 13:29:52.521,0.1,buy,3566.11,BTC-29MAR19-3500-P,55.61,0.0645,0.1,3,1550410192521,15447612,569
2019-02-17 14:49:03.819,0.1,sell,3575.42,BTC-29MAR19-3500-P,54.53,0.0615,0.1,2,1550414943819,15448882,570
2019-02-17 23:49:09.436,0.1,buy,3626.15,BTC-29MAR19-3500-P,56.07,0.057,0.1,2,1550447349436,15460766,571
2019-02-18 01:07:20.031,2.0,sell,3677.56,BTC-29MAR19-3500-P,56.18,0.05,2.0,2,1550452040031,15468780,572
2019-02-18 01:17:10.801,0.2,buy,3632.01,BTC-29MAR19-3500-P,55.78,0.0555,0.2,0,1550452630801,15476837,573
2019-02-18 01:41:20.851,0.2,sell,3646.43,BTC-29MAR19-3500-P,54.59,0.052000000000000005,0.2,2,1550454080851,15479681,574
2019-02-18 01:41:20.853,1.8,buy,3646.43,BTC-29MAR19-3500-P,54.59,0.052000000000000005,1.8,3,1550454080853,15479682,575
2019-02-18 01:46:07.047,0.1,buy,3647.06,BTC-29MAR19-3500-P,55.73,0.0535,0.1,0,1550454367047,15480064,576
2019-02-18 02:05:46.493,0.1,sell,3644.83,BTC-29MAR19-3500-P,54.45,0.0525,0.1,2,1550455546493,15481522,577
2019-02-18 02:36:45.732,0.1,sell,3660.85,BTC-29MAR19-3500-P,54.42,0.05,0.1,2,1550457405732,15483131,578
2019-02-18 02:46:57.957,3.0,sell,3669.91,BTC-29MAR19-3500-P,54.32,0.049,3.0,2,1550458017957,15483720,579
2019-02-18 02:49:36.243,0.1,buy,3669.1,BTC-29MAR19-3500-P,56.71,0.052000000000000005,0.1,0,1550458176243,15483988,580
2019-02-18 02:50:33.974,0.2,buy,3665.91,BTC-29MAR19-3500-P,55.27,0.0505,0.2,2,1550458233974,15484091,581
2019-02-18 02:50:34.643,0.2,buy,3665.88,BTC-29MAR19-3500-P,55.27,0.0505,0.2,3,1550458234643,15484094,582
2019-02-18 02:50:42.929,0.2,buy,3666.64,BTC-29MAR19-3500-P,56.48,0.052000000000000005,0.2,0,1550458242929,15484108,583
2019-02-18 06:26:45.925,2.0,sell,3692.76,BTC-29MAR19-3500-P,56.76,0.05,2.0,2,1550471205925,15495255,584
2019-02-18 06:26:53.975,0.2,buy,3692.95,BTC-29MAR19-3500-P,55.19,0.048,0.2,2,1550471213975,15495264,585
2019-02-18 06:27:28.256,0.2,buy,3693.15,BTC-29MAR19-3500-P,55.29,0.048,0.2,3,1550471248256,15495327,586
2019-02-18 06:35:04.331,0.1,buy,3690.62,BTC-29MAR19-3500-P,54.98,0.048,0.1,3,1550471704331,15496140,587
2019-02-18 06:54:18.951,0.2,buy,3693.34,BTC-29MAR19-3500-P,55.21,0.048,0.2,3,1550472858951,15496817,588
2019-02-18 06:54:28.578,0.2,buy,3693.34,BTC-29MAR19-3500-P,55.23,0.048,0.2,3,1550472868578,15496820,589
2019-02-18 06:54:34.400,0.2,buy,3693.34,BTC-29MAR19-3500-P,55.23,0.048,0.2,3,1550472874400,15496826,590
2019-02-18 06:54:44.597,0.2,buy,3693.44,BTC-29MAR19-3500-P,55.25,0.048,0.2,3,1550472884597,15496834,591
2019-02-18 06:55:16.212,0.2,buy,3695.38,BTC-29MAR19-3500-P,55.36,0.048,0.2,3,1550472916212,15496856,592
2019-02-18 06:57:26.800,0.1,sell,3696.72,BTC-29MAR19-3500-P,55.06,0.0475,0.1,2,1550473046800,15496949,593
2019-02-18 07:20:11.376,0.1,sell,3710.28,BTC-29MAR19-3500-P,55.06,0.0455,0.1,2,1550474411376,15499864,594
2019-02-18 07:27:29.925,0.2,buy,3722.74,BTC-29MAR19-3500-P,56.47,0.0455,0.2,3,1550474849925,15501198,595
2019-02-18 07:27:45.970,0.1,buy,3705.27,BTC-29MAR19-3500-P,56.61,0.048,0.1,0,1550474865970,15501780,596
2019-02-18 07:28:56.621,0.1,buy,3696.6,BTC-29MAR19-3500-P,56.4,0.0485,0.1,0,1550474936621,15502461,597
2019-02-18 07:28:56.621,4.9,buy,3696.6,BTC-29MAR19-3500-P,56.4,0.0485,4.9,1,1550474936621,15502462,598
2019-02-18 07:28:56.964,0.7000000000000001,buy,3696.6,BTC-29MAR19-3500-P,56.4,0.0485,0.7000000000000001,1,1550474936964,15502470,599
2019-02-18 07:28:57.145,0.3,buy,3696.6,BTC-29MAR19-3500-P,56.4,0.0485,0.3,1,1550474937145,15502472,600
2019-02-18 07:38:25.366,1.0,sell,3702.64,BTC-29MAR19-3500-P,55.28,0.0465,1.0,2,1550475505366,15503673,601
2019-02-18 07:45:14.204,0.9,sell,3699.66,BTC-29MAR19-3500-P,55.3,0.0465,0.9,3,1550475914204,15503843,603
2019-02-18 07:45:14.204,0.1,sell,3699.66,BTC-29MAR19-3500-P,55.3,0.0465,0.1,3,1550475914204,15503842,602
2019-02-18 07:52:36.814,0.3,buy,3689.46,BTC-29MAR19-3500-P,56.65,0.0495,0.3,0,1550476356814,15504230,605
2019-02-18 07:52:36.814,1.6,buy,3689.46,BTC-29MAR19-3500-P,57.06,0.05,1.6,0,1550476356814,15504231,606
2019-02-18 07:52:36.814,0.1,buy,3689.46,BTC-29MAR19-3500-P,56.24,0.049,0.1,0,1550476356814,15504229,604
2019-02-18 08:07:36.777,13.0,buy,3691.29,BTC-29MAR19-3500-P,57.68,0.0505,13.0,0,1550477256777,15504784,607
2019-02-18 08:09:05.347,0.3,sell,3691.44,BTC-29MAR19-3500-P,55.97,0.0485,0.3,3,1550477345347,15504840,610
2019-02-18 08:09:05.347,0.1,sell,3691.44,BTC-29MAR19-3500-P,56.38,0.049,0.1,2,1550477345347,15504838,608
2019-02-18 08:09:05.347,0.3,sell,3691.44,BTC-29MAR19-3500-P,55.97,0.0485,0.3,2,1550477345347,15504839,609
2019-02-18 08:09:05.347,0.2,sell,3691.44,BTC-29MAR19-3500-P,55.56,0.048,0.2,2,1550477345347,15504841,611
2019-02-18 08:09:05.347,0.1,sell,3691.44,BTC-29MAR19-3500-P,55.56,0.048,0.1,3,1550477345347,15504842,612
2019-02-18 08:12:01.051,4.0,sell,3689.84,BTC-29MAR19-3500-P,55.53,0.048,4.0,3,1550477521051,15504904,613
2019-02-18 08:19:15.266,5.0,sell,3690.22,BTC-29MAR19-3500-P,55.46,0.048,5.0,3,1550477955266,15505140,614
2019-02-18 08:38:34.977,1.0,sell,3697.97,BTC-29MAR19-3500-P,55.39,0.047,1.0,2,1550479114977,15505750,615
2019-02-18 08:45:20.886,0.1,sell,3706.17,BTC-29MAR19-3500-P,55.29,0.046,0.1,2,1550479520886,15505997,616
2019-02-18 08:52:23.507,0.1,buy,3705.15,BTC-29MAR19-3500-P,57.69,0.049,0.1,0,1550479943507,15506328,617
2019-02-18 09:29:32.024,0.1,sell,3703.62,BTC-29MAR19-3500-P,55.87,0.047,0.1,2,1550482172024,15507205,618
2019-02-18 09:34:04.134,0.8,sell,3703.76,BTC-29MAR19-3500-P,55.16,0.0465,0.8,3,1550482444134,15507299,620
2019-02-18 09:34:04.134,0.2,sell,3703.76,BTC-29MAR19-3500-P,55.16,0.0465,0.2,2,1550482444134,15507298,619
2019-02-18 09:58:06.712,0.2,buy,3702.43,BTC-29MAR19-3500-P,57.34,0.049,0.2,1,1550483886712,15508065,622
2019-02-18 09:58:06.712,0.2,buy,3702.43,BTC-29MAR19-3500-P,57.34,0.049,0.2,1,1550483886712,15508066,623
2019-02-18 09:58:06.712,0.1,buy,3702.43,BTC-29MAR19-3500-P,57.34,0.049,0.1,1,1550483886712,15508067,624
2019-02-18 09:58:06.712,0.2,buy,3702.43,BTC-29MAR19-3500-P,57.34,0.049,0.2,0,1550483886712,15508064,621
2019-02-18 10:23:00.541,0.1,sell,3699.24,BTC-29MAR19-3500-P,57.38,0.0495,0.1,0,1550485380541,15509552,625
2019-02-18 10:23:18.984,0.1,sell,3699.96,BTC-29MAR19-3500-P,57.43,0.0495,0.1,1,1550485398984,15509561,626
2019-02-18 10:53:31.298,0.1,sell,3684.92,BTC-29MAR19-3500-P,54.87,0.048,0.1,2,1550487211298,15510769,627
2019-02-18 11:24:45.403,0.2,sell,3696.75,BTC-29MAR19-3500-P,56.74,0.0485,0.2,0,1550489085403,15511490,628
2019-02-18 11:27:12.689,0.3,sell,3694.2,BTC-29MAR19-3500-P,56.34,0.0485,0.3,1,1550489232689,15511610,629
2019-02-18 11:36:03.113,0.1,sell,3694.48,BTC-29MAR19-3500-P,56.29,0.0485,0.1,1,1550489763113,15511769,630
2019-02-18 11:38:18.080,0.1,sell,3701.57,BTC-29MAR19-3500-P,56.85,0.0485,0.1,1,1550489898080,15511896,631
2019-02-18 11:47:30.714,0.2,sell,3701.92,BTC-29MAR19-3500-P,57.15,0.0485,0.2,1,1550490450714,15512212,632
2019-02-18 11:47:42.397,0.1,sell,3701.19,BTC-29MAR19-3500-P,57.05,0.0485,0.1,1,1550490462397,15512232,633
2019-02-18 12:27:04.720,0.1,sell,3705.61,BTC-29MAR19-3500-P,55.33,0.046,0.1,2,1550492824720,15515821,634
2019-02-18 12:35:39.035,0.1,sell,3717.27,BTC-29MAR19-3500-P,55.77,0.0455,0.1,2,1550493339035,15516226,635
2019-02-18 12:49:42.704,50.0,sell,3722.05,BTC-29MAR19-3500-P,55.64,0.045,50.0,2,1550494182704,15517745,636
2019-02-18 12:53:40.709,5.2,sell,3723.73,BTC-29MAR19-3500-P,55.11,0.044,5.2,2,1550494420709,15518035,637
2019-02-18 13:03:54.478,0.1,buy,3724.27,BTC-29MAR19-3500-P,56.18,0.045,0.1,0,1550495034478,15520790,638
2019-02-18 13:18:27.946,0.1,sell,3735.17,BTC-29MAR19-3500-P,54.96,0.043,0.1,2,1550495907946,15521809,639
2019-02-18 13:20:25.187,1.8,sell,3739.17,BTC-29MAR19-3500-P,54.57,0.042,1.8,2,1550496025187,15522136,640
2019-02-18 13:21:14.860,0.1,buy,3744.89,BTC-29MAR19-3500-P,56.68,0.044,0.1,0,1550496074860,15522448,641
2019-02-18 13:22:12.006,0.1,sell,3749.01,BTC-29MAR19-3500-P,54.59,0.041,0.1,2,1550496132006,15522800,642
2019-02-18 13:22:13.406,0.1,sell,3749.28,BTC-29MAR19-3500-P,54.73,0.041,0.1,3,1550496133406,15522811,643
2019-02-18 13:22:34.738,0.1,sell,3761.2,BTC-29MAR19-3500-P,55.31,0.0405,0.1,2,1550496154738,15523265,644
2019-02-18 13:22:55.748,0.1,buy,3762.8,BTC-29MAR19-3500-P,56.7,0.042,0.1,0,1550496175748,15523649,645
2019-02-18 13:24:05.641,0.1,buy,3753.51,BTC-29MAR19-3500-P,56.13,0.0425,0.1,0,1550496245641,15524268,646
2019-02-18 13:26:11.767,0.3,buy,3749.2,BTC-29MAR19-3500-P,56.69,0.0435,0.3,0,1550496371767,15524740,647
2019-02-18 13:26:14.459,0.1,sell,3749.13,BTC-29MAR19-3500-P,54.56,0.041,0.1,2,1550496374459,15524744,648
2019-02-18 13:29:30.102,0.1,sell,3776.65,BTC-29MAR19-3500-P,55.5,0.0395,0.1,2,1550496570102,15525897,649
2019-02-18 13:38:03.483,0.1,buy,3767.21,BTC-29MAR19-3500-P,57.19,0.0425,0.1,0,1550497083483,15528250,650
2019-02-18 13:38:34.695,0.1,sell,3764.37,BTC-29MAR19-3500-P,54.96,0.04,0.1,2,1550497114695,15528573,651
2019-02-18 13:38:47.918,0.1,buy,3767.17,BTC-29MAR19-3500-P,56.93,0.042,0.1,0,1550497127918,15528629,652
2019-02-18 13:39:01.937,0.1,sell,3767.02,BTC-29MAR19-3500-P,55.1,0.04,0.1,2,1550497141937,15528772,653
2019-02-18 13:41:51.618,0.1,sell,3786.99,BTC-29MAR19-3500-P,55.1,0.0385,0.1,2,1550497311618,15529538,654
2019-02-18 13:45:50.618,0.1,sell,3793.93,BTC-29MAR19-3500-P,55.3,0.038,0.1,2,1550497550618,15530948,655
2019-02-18 13:49:48.341,0.1,sell,3795.5,BTC-29MAR19-3500-P,55.66,0.038,0.1,3,1550497788341,15532529,656
2019-02-18 13:56:17.114,0.1,sell,3815.59,BTC-29MAR19-3500-P,55.19,0.036000000000000004,0.1,2,1550498177114,15534553,657
2019-02-18 14:05:53.317,0.1,sell,3797.33,BTC-29MAR19-3500-P,54.87,0.037000000000000005,0.1,0,1550498753317,15536999,658
2019-02-18 14:18:15.659,0.1,sell,3813.79,BTC-29MAR19-3500-P,54.95,0.0355,0.1,2,1550499495659,15539203,659
2019-02-18 14:21:40.952,0.3,buy,3815.04,BTC-29MAR19-3500-P,57.27,0.038,0.3,0,1550499700952,15539712,660
2019-02-18 14:23:53.731,0.1,sell,3817.32,BTC-29MAR19-3500-P,55.27,0.0355,0.1,2,1550499833731,15539950,661
2019-02-18 14:42:03.794,0.3,sell,3807.49,BTC-29MAR19-3500-P,54.7,0.0355,0.3,3,1550500923794,15542637,662
2019-02-18 14:53:15.825,0.1,buy,3801.72,BTC-29MAR19-3500-P,56.93,0.0385,0.1,0,1550501595825,15543427,663
2019-02-18 14:53:15.985,0.2,buy,3801.72,BTC-29MAR19-3500-P,57.38,0.039,0.2,0,1550501595985,15543428,664
2019-02-18 15:25:58.200,5.5,sell,3796.89,BTC-29MAR19-3500-P,55.3,0.037000000000000005,5.5,2,1550503558200,15545772,665
2019-02-18 15:37:25.636,0.1,buy,3793.71,BTC-29MAR19-3500-P,57.09,0.0395,0.1,0,1550504245636,15546489,666
2019-02-18 16:02:13.653,0.2,buy,3812.77,BTC-29MAR19-3500-P,56.89,0.0375,0.2,2,1550505733653,15547392,667
2019-02-18 16:06:17.268,0.2,buy,3829.93,BTC-29MAR19-3500-P,55.97,0.035,0.2,2,1550505977268,15548174,668
2019-02-18 16:06:35.273,0.2,buy,3826.1,BTC-29MAR19-3500-P,56.93,0.0365,0.2,0,1550505995273,15548349,669
2019-02-18 16:06:56.016,0.3,buy,3825.84,BTC-29MAR19-3500-P,56.96,0.0365,0.3,1,1550506016016,15548397,670
2019-02-18 16:07:39.071,0.2,buy,3830.31,BTC-29MAR19-3500-P,56.96,0.036000000000000004,0.2,2,1550506059071,15548500,671
2019-02-18 16:08:12.181,0.2,buy,3833.59,BTC-29MAR19-3500-P,56.59,0.0355,0.2,2,1550506092181,15548776,672
2019-02-18 16:08:18.472,0.1,buy,3827.85,BTC-29MAR19-3500-P,56.64,0.036000000000000004,0.1,0,1550506098472,15548841,673
2019-02-18 16:08:30.963,0.2,buy,3826.31,BTC-29MAR19-3500-P,56.94,0.0365,0.2,0,1550506110963,15548873,674
2019-02-18 16:09:43.947,0.2,buy,3814.86,BTC-29MAR19-3500-P,55.74,0.036000000000000004,0.2,2,1550506183947,15549153,675
2019-02-18 16:09:59.172,0.2,buy,3813.77,BTC-29MAR19-3500-P,56.22,0.0365,0.2,0,1550506199172,15549212,676
2019-02-18 16:14:39.171,0.1,sell,3827.44,BTC-29MAR19-3500-P,55.15,0.0345,0.1,2,1550506479171,15549605,677
2019-02-18 16:26:43.262,0.1,sell,3868.34,BTC-29MAR19-3500-P,52.91,0.0285,0.1,2,1550507203262,15552808,678
2019-02-18 16:26:43.748,0.2,sell,3868.88,BTC-29MAR19-3500-P,52.91,0.0285,0.2,3,1550507203748,15552814,679
2019-02-18 16:31:33.837,0.1,buy,3887.96,BTC-29MAR19-3500-P,55.97,0.0305,0.1,0,1550507493837,15555028,680
2019-02-18 16:33:46.401,0.1,sell,3891.33,BTC-29MAR19-3500-P,53.5,0.0275,0.1,2,1550507626401,15555839,681
2019-02-18 16:34:46.905,0.1,sell,3901.96,BTC-29MAR19-3500-P,53.95,0.027000000000000003,0.1,2,1550507686905,15556789,682
2019-02-18 16:35:06.366,0.1,sell,3911.58,BTC-29MAR19-3500-P,54.06,0.0265,0.1,2,1550507706366,15557058,683
2019-02-18 16:37:03.348,0.1,buy,3892.11,BTC-29MAR19-3500-P,56.63,0.0305,0.1,0,1550507823348,15558120,684
2019-02-18 16:40:33.586,0.1,buy,3892.8,BTC-29MAR19-3500-P,56.51,0.0305,0.1,1,1550508033586,15558911,685
2019-02-18 16:42:26.953,0.2,sell,3894.64,BTC-29MAR19-3500-P,54.86,0.0285,0.2,2,1550508146953,15559177,686
2019-02-18 16:43:25.976,0.1,buy,3883.48,BTC-29MAR19-3500-P,56.27,0.031,0.1,0,1550508205976,15559371,687
2019-02-18 16:43:39.600,3.3000000000000003,sell,3880.3,BTC-29MAR19-3500-P,54.7,0.0295,3.3000000000000003,2,1550508219600,15559500,688
2019-02-18 16:44:53.301,0.1,sell,3853.86,BTC-29MAR19-3500-P,54.33,0.0305,0.1,0,1550508293301,15561393,689
2019-02-18 16:44:53.433,0.1,sell,3853.86,BTC-29MAR19-3500-P,54.33,0.0305,0.1,1,1550508293433,15561394,690
2019-02-18 16:49:48.078,0.1,sell,3870.7,BTC-29MAR19-3500-P,55.69,0.031,0.1,0,1550508588078,15563390,691
2019-02-18 16:53:14.877,0.2,sell,3869.77,BTC-29MAR19-3500-P,55.49,0.031,0.2,1,1550508794877,15563954,692
2019-02-18 16:53:16.092,0.2,sell,3869.56,BTC-29MAR19-3500-P,55.47,0.031,0.2,1,1550508796092,15563958,693
2019-02-18 16:54:52.946,0.2,buy,3874.21,BTC-29MAR19-3500-P,56.27,0.0315,0.2,0,1550508892946,15564124,694
2019-02-18 16:55:09.572,0.2,sell,3876.21,BTC-29MAR19-3500-P,55.47,0.0305,0.2,2,1550508909572,15564148,695
2019-02-18 17:02:46.749,0.1,buy,3848.91,BTC-29MAR19-3500-P,56.29,0.0335,0.1,0,1550509366749,15566287,696
2019-02-18 17:08:40.982,0.1,sell,3852.16,BTC-29MAR19-3500-P,57.48,0.0345,0.1,0,1550509720982,15567560,697
2019-02-18 17:24:55.667,0.1,buy,3863.18,BTC-29MAR19-3500-P,59.95,0.0365,0.1,0,1550510695667,15569303,698
2019-02-18 17:26:30.966,0.1,sell,3867.62,BTC-29MAR19-3500-P,57.65,0.0335,0.1,2,1550510790966,15569532,699
2019-02-18 17:34:36.850,0.1,buy,3857.03,BTC-29MAR19-3500-P,59.81,0.037000000000000005,0.1,0,1550511276850,15570000,700
2019-02-18 17:59:32.432,0.2,sell,3867.28,BTC-29MAR19-3500-P,57.37,0.0335,0.2,2,1550512772432,15571163,701
2019-02-18 18:12:33.984,0.1,sell,3879.98,BTC-29MAR19-3500-P,57.36,0.0325,0.1,2,1550513553984,15571655,702
2019-02-18 18:12:40.545,0.1,sell,3886.41,BTC-29MAR19-3500-P,57.77,0.0325,0.1,3,1550513560545,15571823,703
2019-02-18 18:26:43.374,0.1,sell,3894.45,BTC-29MAR19-3500-P,58.03,0.032,0.1,2,1550514403374,15573068,704
2019-02-18 19:46:16.036,0.1,buy,3874.85,BTC-29MAR19-3500-P,59.95,0.0355,0.1,0,1550519176036,15576796,705
2019-02-18 19:55:43.594,0.1,buy,3871.83,BTC-29MAR19-3500-P,59.9,0.0355,0.1,1,1550519743594,15577231,706
2019-02-18 20:00:58.196,0.1,buy,3863.52,BTC-29MAR19-3500-P,59.82,0.036000000000000004,0.1,0,1550520058196,15577592,707
2019-02-18 20:16:16.355,0.1,buy,3857.24,BTC-29MAR19-3500-P,59.32,0.036000000000000004,0.1,1,1550520976355,15578560,708
2019-02-18 21:47:14.226,0.1,buy,3859.51,BTC-29MAR19-3500-P,59.59,0.036000000000000004,0.1,1,1550526434226,15581706,709
2019-02-18 22:01:05.480,0.1,buy,3850.49,BTC-29MAR19-3500-P,59.72,0.037000000000000005,0.1,0,1550527265480,15582128,710
2019-02-18 22:05:56.093,0.2,sell,3840.91,BTC-29MAR19-3500-P,58.19,0.036000000000000004,0.2,2,1550527556093,15582558,711
2019-02-18 22:06:09.009,0.2,sell,3840.28,BTC-29MAR19-3500-P,58.15,0.036000000000000004,0.2,3,1550527569009,15582604,712
2019-02-18 22:06:17.620,0.2,buy,3840.31,BTC-29MAR19-3500-P,57.24,0.035,0.2,2,1550527577620,15582611,713
2019-02-18 22:06:23.313,0.2,sell,3840.4,BTC-29MAR19-3500-P,57.71,0.0355,0.2,0,1550527583313,15582612,714
2019-02-18 22:07:48.144,0.2,buy,3835.65,BTC-29MAR19-3500-P,57.8,0.036000000000000004,0.2,0,1550527668144,15582852,715
2019-02-18 22:12:11.886,0.2,buy,3849.65,BTC-29MAR19-3500-P,58.49,0.0355,0.2,2,1550527931886,15583260,716
2019-02-18 22:12:11.886,2.0,buy,3849.65,BTC-29MAR19-3500-P,61.25,0.0385,2.0,0,1550527931886,15583265,721
2019-02-18 22:12:11.886,0.2,buy,3849.65,BTC-29MAR19-3500-P,58.49,0.0355,0.2,3,1550527931886,15583262,718
2019-02-18 22:12:11.886,0.2,buy,3849.65,BTC-29MAR19-3500-P,61.25,0.0385,0.2,1,1550527931886,15583266,722
2019-02-18 22:12:11.886,0.2,buy,3849.65,BTC-29MAR19-3500-P,59.88,0.037000000000000005,0.2,1,1550527931886,15583264,720
2019-02-18 22:12:11.886,3.0,buy,3849.65,BTC-29MAR19-3500-P,59.88,0.037000000000000005,3.0,0,1550527931886,15583263,719
2019-02-18 22:12:11.886,0.2,buy,3849.65,BTC-29MAR19-3500-P,58.49,0.0355,0.2,3,1550527931886,15583261,717
2019-02-18 22:12:34.653,0.2,buy,3850.05,BTC-29MAR19-3500-P,59.39,0.0365,0.2,2,1550527954653,15583280,723
2019-02-18 22:18:07.673,1.0,sell,3856.92,BTC-29MAR19-3500-P,57.87,0.0345,1.0,2,1550528287673,15583776,724
2019-02-18 22:19:22.333,0.2,buy,3856.58,BTC-29MAR19-3500-P,59.25,0.036000000000000004,0.2,0,1550528362333,15583833,725
2019-02-18 22:27:28.032,0.2,buy,3851.07,BTC-29MAR19-3500-P,59.83,0.037000000000000005,0.2,0,1550528848032,15584300,726
2019-02-18 22:27:28.188,0.2,buy,3851.07,BTC-29MAR19-3500-P,60.29,0.0375,0.2,0,1550528848188,15584301,727
2019-02-18 22:40:08.289,0.2,sell,3849.74,BTC-29MAR19-3500-P,58.78,0.0355,0.2,2,1550529608289,15584681,728
2019-02-18 23:16:48.813,0.1,buy,3870.62,BTC-29MAR19-3500-P,59.91,0.0355,0.1,3,1550531808813,15585824,729
2019-02-18 23:17:28.214,0.1,buy,3870.28,BTC-29MAR19-3500-P,60.37,0.036000000000000004,0.1,0,1550531848214,15585850,731
2019-02-18 23:17:28.214,0.1,buy,3870.28,BTC-29MAR19-3500-P,59.91,0.0355,0.1,3,1550531848214,15585849,730
2019-02-18 23:32:41.279,0.1,buy,3858.42,BTC-29MAR19-3500-P,59.49,0.036000000000000004,0.1,1,1550532761279,15586404,732
2019-02-18 23:32:41.279,0.1,buy,3858.42,BTC-29MAR19-3500-P,59.96,0.0365,0.1,0,1550532761279,15586405,733
2019-02-18 23:32:41.289,0.1,buy,3858.42,BTC-29MAR19-3500-P,59.96,0.0365,0.1,1,1550532761289,15586406,734
2019-02-19 00:04:54.163,0.2,sell,3885.6,BTC-29MAR19-3500-P,59.14,0.033,0.2,2,1550534694163,15587895,735
2019-02-19 00:05:06.263,0.2,buy,3892.12,BTC-29MAR19-3500-P,59.64,0.033,0.2,3,1550534706263,15588026,736
2019-02-19 00:05:15.799,0.2,buy,3892.78,BTC-29MAR19-3500-P,61.54,0.035,0.2,0,1550534715799,15588108,737
2019-02-19 00:19:16.124,0.1,sell,3896.85,BTC-29MAR19-3500-P,60.0,0.033,0.1,2,1550535556124,15589318,738
2019-02-19 00:20:36.883,0.1,sell,3904.43,BTC-29MAR19-3500-P,60.39,0.033,0.1,3,1550535636883,15589652,739
2019-02-19 00:20:40.125,5.0,sell,3904.67,BTC-29MAR19-3500-P,60.45,0.033,5.0,3,1550535640125,15589656,740
2019-02-19 00:23:31.482,0.1,sell,3892.27,BTC-29MAR19-3500-P,60.22,0.0335,0.1,0,1550535811482,15590124,741
2019-02-19 00:38:26.598,0.1,sell,3932.14,BTC-29MAR19-3500-P,60.83,0.0315,0.1,2,1550536706598,15592158,742
2019-02-19 00:38:26.844,0.1,sell,3932.14,BTC-29MAR19-3500-P,60.83,0.0315,0.1,3,1550536706844,15592166,743
2019-02-19 00:38:29.985,0.2,buy,3933.91,BTC-29MAR19-3500-P,61.72,0.032,0.2,0,1550536709985,15592234,744
2019-02-19 00:38:38.650,0.2,sell,3939.2,BTC-29MAR19-3500-P,61.6,0.0315,0.2,2,1550536718650,15592343,745
2019-02-19 00:38:50.182,0.2,sell,3944.68,BTC-29MAR19-3500-P,62.05,0.0315,0.2,3,1550536730182,15592589,746
2019-02-19 00:39:00.316,0.2,buy,3939.36,BTC-29MAR19-3500-P,62.64,0.0325,0.2,0,1550536740316,15592796,747
2019-02-19 00:39:41.303,0.1,sell,3928.96,BTC-29MAR19-3500-P,62.26,0.033,0.1,0,1550536781303,15593131,748
2019-02-19 00:39:44.240,0.1,sell,3928.91,BTC-29MAR19-3500-P,62.21,0.033,0.1,1,1550536784240,15593206,749
2019-02-19 00:40:13.746,0.2,buy,3929.86,BTC-29MAR19-3500-P,62.39,0.033,0.2,1,1550536813746,15593379,750
2019-02-19 00:41:01.342,0.2,buy,3937.02,BTC-29MAR19-3500-P,62.57,0.0325,0.2,2,1550536861342,15593596,751
2019-02-19 00:41:12.299,0.2,buy,3935.09,BTC-29MAR19-3500-P,62.43,0.0325,0.2,3,1550536872299,15593672,752
2019-02-19 00:41:19.361,0.2,buy,3936.48,BTC-29MAR19-3500-P,62.5,0.0325,0.2,3,1550536879361,15593687,753
2019-02-19 00:41:42.455,0.2,buy,3935.22,BTC-29MAR19-3500-P,62.85,0.033,0.2,0,1550536902455,15593740,754
2019-02-19 00:41:49.441,0.2,sell,3934.76,BTC-29MAR19-3500-P,62.79,0.033,0.2,1,1550536909441,15593752,755
2019-02-19 00:42:02.087,0.2,buy,3935.33,BTC-29MAR19-3500-P,62.78,0.033,0.2,1,1550536922087,15593789,756
2019-02-19 00:42:11.766,0.2,buy,3937.16,BTC-29MAR19-3500-P,62.91,0.033,0.2,1,1550536931766,15593810,757
2019-02-19 00:42:22.413,0.2,buy,3937.39,BTC-29MAR19-3500-P,62.88,0.033,0.2,1,1550536942413,15593824,758
2019-02-19 00:42:23.408,0.2,sell,3937.39,BTC-29MAR19-3500-P,62.88,0.033,0.2,1,1550536943408,15593826,759
2019-02-19 00:42:40.366,0.2,buy,3933.78,BTC-29MAR19-3500-P,63.13,0.0335,0.2,0,1550536960366,15593880,760
2019-02-19 00:42:42.093,9.8,sell,3933.48,BTC-29MAR19-3500-P,63.13,0.0335,9.8,1,1550536962093,15593901,761
2019-02-19 00:42:45.616,0.3,buy,3930.45,BTC-29MAR19-3500-P,63.36,0.034,0.3,0,1550536965616,15593926,762
2019-02-19 00:44:47.677,0.1,sell,3954.56,BTC-29MAR19-3500-P,61.48,0.0305,0.1,2,1550537087677,15594766,763
2019-02-19 00:44:50.492,0.1,buy,3955.4,BTC-29MAR19-3500-P,64.12,0.033,0.1,0,1550537090492,15594797,764
2019-02-19 00:45:29.578,0.1,buy,3946.67,BTC-29MAR19-3500-P,63.9,0.0335,0.1,0,1550537129578,15595000,765
2019-02-19 00:46:18.007,0.1,buy,3936.6,BTC-29MAR19-3500-P,63.86,0.034,0.1,0,1550537178007,15595285,766
2019-02-19 00:46:40.494,0.1,buy,3930.86,BTC-29MAR19-3500-P,63.84,0.0345,0.1,0,1550537200494,15595445,767
2019-02-19 00:49:46.649,0.1,buy,3923.14,BTC-29MAR19-3500-P,63.76,0.035,0.1,0,1550537386649,15596088,768
2019-02-19 00:54:32.157,0.1,sell,3933.93,BTC-29MAR19-3500-P,61.23,0.0315,0.1,2,1550537672157,15596575,769
2019-02-19 01:00:31.134,0.1,buy,3923.36,BTC-29MAR19-3500-P,62.53,0.0335,0.1,0,1550538031134,15597116,770
2019-02-19 01:01:36.947,1.9,buy,3919.76,BTC-29MAR19-3500-P,62.34,0.0335,1.9,1,1550538096947,15597251,771
2019-02-19 01:01:59.802,0.1,buy,3913.86,BTC-29MAR19-3500-P,63.87,0.0355,0.1,0,1550538119802,15597483,772
2019-02-19 01:02:34.858,0.1,buy,3907.34,BTC-29MAR19-3500-P,63.25,0.0355,0.1,1,1550538154858,15597596,773
2019-02-19 01:03:40.444,0.1,buy,3899.27,BTC-29MAR19-3500-P,63.2,0.036000000000000004,0.1,0,1550538220444,15597862,774
2019-02-19 01:05:19.798,2.0,buy,3895.29,BTC-29MAR19-3500-P,63.02,0.036000000000000004,2.0,1,1550538319798,15598140,775
2019-02-19 01:07:25.235,5.0,sell,3896.73,BTC-29MAR19-3500-P,63.41,0.0365,5.0,0,1550538445235,15598359,776
2019-02-19 01:09:06.808,0.1,sell,3906.29,BTC-29MAR19-3500-P,62.26,0.0345,0.1,2,1550538546808,15598679,777
2019-02-19 01:10:01.450,0.1,sell,3910.73,BTC-29MAR19-3500-P,62.57,0.0345,0.1,3,1550538601450,15598783,778
2019-02-19 01:14:36.187,0.3,sell,3900.37,BTC-29MAR19-3500-P,61.84,0.0345,0.3,3,1550538876187,15599153,779
2019-02-19 01:29:49.754,0.1,buy,3889.36,BTC-29MAR19-3500-P,62.96,0.0365,0.1,0,1550539789754,15600069,780
2019-02-19 01:31:25.674,0.2,buy,3877.1,BTC-29MAR19-3500-P,63.77,0.0385,0.2,0,1550539885674,15600436,781
2019-02-19 01:43:21.834,0.1,buy,3858.94,BTC-29MAR19-3500-P,64.15,0.04,0.1,0,1550540601834,15602133,782
2019-02-19 01:46:12.545,0.1,sell,3856.19,BTC-29MAR19-3500-P,64.06,0.04,0.1,1,1550540772545,15602397,783
2019-02-19 01:47:55.627,0.2,buy,3850.31,BTC-29MAR19-3500-P,63.79,0.0405,0.2,0,1550540875627,15602639,784
2019-02-19 02:25:32.367,0.1,buy,3864.45,BTC-29MAR19-3500-P,64.02,0.0395,0.1,2,1550543132367,15605194,785
2019-02-19 04:32:47.028,0.1,buy,3868.96,BTC-29MAR19-3500-P,64.5,0.0395,0.1,3,1550550767028,15608898,786
2019-02-19 04:48:54.408,0.1,buy,3864.83,BTC-29MAR19-3500-P,64.77,0.04,0.1,0,1550551734408,15609238,787
2019-02-19 05:05:27.353,0.1,buy,3877.21,BTC-29MAR19-3500-P,61.43,0.0355,0.1,2,1550552727353,15609572,788
2019-02-19 05:28:26.834,0.1,buy,3868.13,BTC-29MAR19-3500-P,64.73,0.0395,0.1,0,1550554106834,15609982,789
2019-02-19 05:28:27.398,0.1,buy,3868.13,BTC-29MAR19-3500-P,65.19,0.04,0.1,0,1550554107398,15609983,790
2019-02-19 05:59:34.545,0.3,sell,3869.63,BTC-29MAR19-3500-P,60.42,0.035,0.3,2,1550555974545,15611094,791
2019-02-19 06:03:37.694,0.1,buy,3869.33,BTC-29MAR19-3500-P,64.12,0.039,0.1,0,1550556217694,15611187,792
2019-02-19 08:03:48.951,0.2,buy,3891.46,BTC-29MAR19-3500-P,62.3,0.035,0.2,2,1550563428951,15614489,793
2019-02-19 08:54:11.714,0.1,sell,3889.3,BTC-29MAR19-3500-P,61.68,0.0345,0.1,2,1550566451714,15615419,794
2019-02-19 09:30:30.595,0.2,buy,3881.42,BTC-29MAR19-3500-P,62.51,0.036000000000000004,0.2,0,1550568630595,15616118,795
2019-02-19 09:31:03.583,0.2,sell,3881.45,BTC-29MAR19-3500-P,62.58,0.036000000000000004,0.2,1,1550568663583,15616150,796
2019-02-19 09:37:28.358,0.1,sell,3880.22,BTC-29MAR19-3500-P,62.45,0.036000000000000004,0.1,1,1550569048358,15616628,797
2019-02-19 10:02:34.698,0.1,sell,3869.25,BTC-29MAR19-3500-P,61.73,0.036000000000000004,0.1,1,1550570554698,15618126,798
2019-02-19 10:27:08.208,0.1,sell,3865.84,BTC-29MAR19-3500-P,61.45,0.036000000000000004,0.1,1,1550572028208,15618974,799
2019-02-19 11:39:28.393,1.4,buy,3864.64,BTC-29MAR19-3500-P,64.53,0.039,1.4,0,1550576368393,15620977,800
2019-02-19 11:39:28.393,0.6,buy,3864.64,BTC-29MAR19-3500-P,64.53,0.039,0.6,1,1550576368393,15620978,801
2019-02-19 11:46:58.036,0.2,sell,3865.84,BTC-29MAR19-3500-P,63.02,0.0375,0.2,2,1550576818036,15621056,802
2019-02-19 12:11:52.826,0.1,sell,3880.93,BTC-29MAR19-3500-P,61.49,0.0345,0.1,2,1550578312826,15621898,803
2019-02-19 12:15:07.118,0.2,sell,3884.41,BTC-29MAR19-3500-P,61.77,0.0345,0.2,3,1550578507118,15621984,804
2019-02-19 12:15:24.427,5.0,sell,3884.42,BTC-29MAR19-3500-P,60.77,0.0335,5.0,2,1550578524427,15621990,805
2019-02-19 12:19:05.416,0.2,buy,3890.48,BTC-29MAR19-3500-P,62.11,0.0345,0.2,0,1550578745416,15622190,806
2019-02-19 12:19:33.797,0.1,buy,3889.55,BTC-29MAR19-3500-P,62.16,0.0345,0.1,1,1550578773797,15622276,807
2019-02-19 12:19:58.981,0.2,buy,3889.56,BTC-29MAR19-3500-P,62.2,0.0345,0.2,1,1550578798981,15622326,808
2019-02-19 12:20:20.573,0.1,buy,3890.56,BTC-29MAR19-3500-P,62.26,0.0345,0.1,1,1550578820573,15622345,809
2019-02-19 12:20:41.266,0.2,buy,3891.54,BTC-29MAR19-3500-P,62.31,0.0345,0.2,1,1550578841266,15622371,810
2019-02-19 12:21:21.126,0.2,buy,3894.16,BTC-29MAR19-3500-P,62.54,0.0345,0.2,1,1550578881126,15622525,811
2019-02-19 12:21:32.908,0.2,buy,3895.7,BTC-29MAR19-3500-P,62.65,0.0345,0.2,1,1550578892908,15622554,812
2019-02-19 12:21:38.398,0.2,buy,3893.89,BTC-29MAR19-3500-P,62.52,0.0345,0.2,1,1550578898398,15622604,813
2019-02-19 12:22:50.109,0.2,buy,3891.99,BTC-29MAR19-3500-P,62.27,0.0345,0.2,1,1550578970109,15622718,814
2019-02-19 12:23:06.435,0.1,buy,3890.45,BTC-29MAR19-3500-P,62.11,0.0345,0.1,1,1550578986435,15622736,815
2019-02-19 12:23:06.435,0.1,buy,3890.45,BTC-29MAR19-3500-P,62.11,0.0345,0.1,1,1550578986435,15622737,816
2019-02-19 12:23:13.218,0.2,buy,3889.91,BTC-29MAR19-3500-P,62.07,0.0345,0.2,1,1550578993218,15622762,817
2019-02-19 12:24:10.689,0.2,buy,3886.91,BTC-29MAR19-3500-P,61.91,0.0345,0.2,1,1550579050689,15622860,818
2019-02-19 12:24:32.143,0.2,buy,3887.28,BTC-29MAR19-3500-P,61.86,0.0345,0.2,1,1550579072143,15622880,819
2019-02-19 12:25:35.137,0.1,buy,3889.87,BTC-29MAR19-3500-P,61.96,0.0345,0.1,1,1550579135137,15622925,820
2019-02-19 12:25:43.603,0.1,buy,3890.97,BTC-29MAR19-3500-P,62.06,0.0345,0.1,1,1550579143603,15622949,821
2019-02-19 12:25:43.603,0.2,buy,3890.97,BTC-29MAR19-3500-P,62.06,0.0345,0.2,1,1550579143603,15622950,822
2019-02-19 12:25:48.429,0.2,buy,3891.11,BTC-29MAR19-3500-P,62.08,0.0345,0.2,1,1550579148429,15622953,823
2019-02-19 12:25:48.717,0.2,buy,3891.11,BTC-29MAR19-3500-P,62.08,0.0345,0.2,1,1550579148717,15622954,824
2019-02-19 12:25:50.051,0.2,buy,3891.92,BTC-29MAR19-3500-P,62.09,0.0345,0.2,1,1550579150051,15622956,825
2019-02-19 12:25:50.970,0.2,buy,3892.07,BTC-29MAR19-3500-P,62.15,0.0345,0.2,1,1550579150970,15622966,826
2019-02-19 12:25:59.177,0.2,buy,3892.36,BTC-29MAR19-3500-P,62.18,0.0345,0.2,1,1550579159177,15622999,827
2019-02-19 12:25:59.309,0.2,buy,3892.36,BTC-29MAR19-3500-P,62.18,0.0345,0.2,1,1550579159309,15623000,828
2019-02-19 12:25:59.966,0.2,buy,3892.25,BTC-29MAR19-3500-P,62.18,0.0345,0.2,1,1550579159966,15623002,829
2019-02-19 12:26:01.274,0.2,buy,3892.25,BTC-29MAR19-3500-P,62.17,0.0345,0.2,1,1550579161274,15623006,830
2019-02-19 12:26:32.903,0.2,buy,3892.76,BTC-29MAR19-3500-P,62.24,0.0345,0.2,1,1550579192903,15623031,831
2019-02-19 12:37:14.936,1.8,buy,3886.4,BTC-29MAR19-3500-P,61.78,0.0345,1.8,1,1550579834936,15623274,832
2019-02-19 12:37:14.936,0.3,buy,3886.4,BTC-29MAR19-3500-P,61.78,0.0345,0.3,1,1550579834936,15623276,834
2019-02-19 12:37:14.936,2.9,buy,3886.4,BTC-29MAR19-3500-P,61.78,0.0345,2.9,1,1550579834936,15623275,833
2019-02-19 12:56:14.042,0.2,sell,3887.89,BTC-29MAR19-3500-P,61.03,0.0335,0.2,2,1550580974042,15623720,835
2019-02-19 12:58:14.289,0.2,sell,3887.87,BTC-29MAR19-3500-P,61.0,0.0335,0.2,3,1550581094289,15623741,836
2019-02-19 13:10:36.478,0.9,buy,3889.33,BTC-29MAR19-3500-P,62.09,0.0345,0.9,0,1550581836478,15624041,837
2019-02-19 13:10:36.478,0.2,buy,3889.33,BTC-29MAR19-3500-P,62.09,0.0345,0.2,1,1550581836478,15624044,840
2019-02-19 13:10:36.478,1.0,buy,3889.33,BTC-29MAR19-3500-P,62.09,0.0345,1.0,1,1550581836478,15624042,838
2019-02-19 13:10:36.478,0.5,buy,3889.33,BTC-29MAR19-3500-P,62.09,0.0345,0.5,1,1550581836478,15624043,839
2019-02-19 13:12:13.850,0.4,sell,3890.88,BTC-29MAR19-3500-P,61.7,0.034,0.4,2,1550581933850,15624065,841
2019-02-19 13:13:02.924,0.2,buy,3891.45,BTC-29MAR19-3500-P,62.24,0.0345,0.2,0,1550581982924,15624084,842
2019-02-19 13:13:12.602,0.2,buy,3891.27,BTC-29MAR19-3500-P,62.24,0.0345,0.2,1,1550581992602,15624091,843
2019-02-19 13:13:13.095,0.2,sell,3891.27,BTC-29MAR19-3500-P,62.24,0.0345,0.2,1,1550581993095,15624095,844
2019-02-19 13:13:30.276,0.2,buy,3891.15,BTC-29MAR19-3500-P,62.16,0.0345,0.2,1,1550582010276,15624104,845
2019-02-19 13:13:49.345,0.2,sell,3891.44,BTC-29MAR19-3500-P,62.16,0.0345,0.2,1,1550582029345,15624116,846
2019-02-19 13:16:49.402,0.1,sell,3904.62,BTC-29MAR19-3500-P,61.75,0.033,0.1,2,1550582209402,15624625,847
2019-02-19 13:17:19.435,0.2,buy,3907.56,BTC-29MAR19-3500-P,61.84,0.033,0.2,3,1550582239435,15624756,848
2019-02-19 13:17:42.826,0.3,sell,3909.02,BTC-29MAR19-3500-P,61.99,0.033,0.3,3,1550582262826,15624856,849
2019-02-19 13:21:59.719,0.2,buy,3907.49,BTC-29MAR19-3500-P,61.85,0.033,0.2,3,1550582519719,15625363,850
2019-02-19 13:22:32.539,0.2,buy,3925.56,BTC-29MAR19-3500-P,62.01,0.032,0.2,2,1550582552539,15625858,851
2019-02-19 13:22:40.578,0.2,sell,3919.94,BTC-29MAR19-3500-P,61.64,0.032,0.2,3,1550582560578,15625961,852
2019-02-19 13:22:49.588,0.2,sell,3915.87,BTC-29MAR19-3500-P,62.04,0.0325,0.2,0,1550582569588,15626050,853
2019-02-19 13:24:25.545,0.2,sell,3925.55,BTC-29MAR19-3500-P,61.51,0.0315,0.2,2,1550582665545,15626616,854
2019-02-19 13:24:37.222,0.2,sell,3928.8,BTC-29MAR19-3500-P,61.78,0.0315,0.2,3,1550582677222,15626681,855
2019-02-19 13:24:43.188,0.2,sell,3931.9,BTC-29MAR19-3500-P,62.0,0.0315,0.2,3,1550582683188,15626774,856
2019-02-19 13:24:49.868,0.2,sell,3930.93,BTC-29MAR19-3500-P,61.93,0.0315,0.2,3,1550582689868,15626809,857
2019-02-19 13:26:03.778,0.2,sell,3931.26,BTC-29MAR19-3500-P,61.59,0.0315,0.2,3,1550582763778,15627132,858
2019-02-19 13:26:04.590,0.2,sell,3931.8,BTC-29MAR19-3500-P,61.78,0.0315,0.2,3,1550582764590,15627135,859
2019-02-19 13:31:16.246,0.2,buy,3916.68,BTC-29MAR19-3500-P,63.33,0.034,0.2,0,1550583076246,15628535,860
2019-02-19 13:46:05.813,0.2,buy,3936.03,BTC-29MAR19-3500-P,61.74,0.031,0.2,2,1550583965813,15631294,861
2019-02-19 13:47:19.661,0.2,buy,3937.49,BTC-29MAR19-3500-P,61.94,0.031,0.2,3,1550584039661,15631712,862
2019-02-19 13:47:54.031,0.2,sell,3943.81,BTC-29MAR19-3500-P,61.78,0.0305,0.2,2,1550584074031,15631974,863
2019-02-19 13:48:07.786,0.2,buy,3946.03,BTC-29MAR19-3500-P,61.86,0.0305,0.2,3,1550584087786,15632159,864
2019-02-19 13:48:15.171,0.2,sell,3944.5,BTC-29MAR19-3500-P,61.83,0.0305,0.2,3,1550584095171,15632238,865
2019-02-19 13:49:15.939,0.2,buy,3945.16,BTC-29MAR19-3500-P,61.75,0.0305,0.2,3,1550584155939,15632656,866
2019-02-19 13:49:41.384,0.2,buy,3949.09,BTC-29MAR19-3500-P,61.55,0.03,0.2,2,1550584181384,15632872,867
2019-02-19 13:54:19.822,0.1,sell,3944.98,BTC-29MAR19-3500-P,61.67,0.0305,0.1,0,1550584459822,15634435,868
2019-02-19 14:27:02.637,8.6,buy,3934.93,BTC-29MAR19-3500-P,64.15,0.0335,8.6,0,1550586422637,15642074,870
2019-02-19 14:27:02.637,0.2,buy,3934.93,BTC-29MAR19-3500-P,63.16,0.0325,0.2,0,1550586422637,15642073,869
2019-02-19 14:27:09.710,0.2,sell,3935.01,BTC-29MAR19-3500-P,60.66,0.03,0.2,2,1550586429710,15642083,872
2019-02-19 14:27:09.710,10.0,sell,3935.01,BTC-29MAR19-3500-P,61.67,0.031,10.0,2,1550586429710,15642082,871
2019-02-19 14:27:09.710,7.4,sell,3935.01,BTC-29MAR19-3500-P,60.16,0.0295,7.4,2,1550586429710,15642084,873
2019-02-19 14:51:47.075,0.3,sell,3938.43,BTC-29MAR19-3500-P,61.15,0.0305,0.3,0,1550587907075,15645250,874
2019-02-19 14:55:17.931,0.2,sell,3941.11,BTC-29MAR19-3500-P,61.12,0.0305,0.2,1,1550588117931,15645837,875
2019-02-19 15:07:26.434,0.1,sell,3957.58,BTC-29MAR19-3500-P,62.18,0.0305,0.1,1,1550588846434,15647139,876
2019-02-19 15:50:38.726,0.2,sell,3950.75,BTC-29MAR19-3500-P,61.8,0.0305,0.2,1,1550591438726,15650280,877
2019-02-19 15:57:32.393,2.2,sell,3958.27,BTC-29MAR19-3500-P,62.37,0.0305,2.2,1,1550591852393,15650857,878
2019-02-19 16:06:46.410,0.2,sell,3954.71,BTC-29MAR19-3500-P,62.47,0.031,0.2,0,1550592406410,15652404,879
2019-02-19 16:06:46.552,0.2,buy,3954.71,BTC-29MAR19-3500-P,62.47,0.031,0.2,1,1550592406552,15652431,880
2019-02-19 21:55:25.512,0.2,buy,3879.57,BTC-29MAR19-3500-P,62.2,0.0355,0.2,0,1550613325512,15664677,881
2019-02-19 21:55:56.387,0.4,sell,3878.6,BTC-29MAR19-3500-P,59.51,0.033,0.4,2,1550613356387,15664873,882
2019-02-19 21:56:01.481,0.4,sell,3879.29,BTC-29MAR19-3500-P,59.55,0.033,0.4,3,1550613361481,15664906,883
2019-02-19 21:56:23.361,0.4,buy,3882.57,BTC-29MAR19-3500-P,62.34,0.0355,0.4,0,1550613383361,15664985,884
2019-02-19 23:33:31.334,50.0,sell,3896.07,BTC-29MAR19-3500-P,59.93,0.032,50.0,2,1550619211334,15668662,885
2019-02-20 03:05:46.288,2.0,sell,3899.76,BTC-29MAR19-3500-P,59.73,0.031,2.0,2,1550631946288,15675016,886
2019-02-20 03:11:34.813,0.2,sell,3900.24,BTC-29MAR19-3500-P,62.03,0.0335,0.2,0,1550632294813,15675107,887
2019-02-20 03:31:12.712,0.3,buy,3904.31,BTC-29MAR19-3500-P,63.22,0.0345,0.3,0,1550633472712,15675603,888
2019-02-20 03:40:33.355,0.2,buy,3903.22,BTC-29MAR19-3500-P,62.91,0.0345,0.2,1,1550634033355,15675719,889
2019-02-20 05:27:52.210,0.1,buy,3871.74,BTC-29MAR19-3500-P,62.48,0.036000000000000004,0.1,0,1550640472210,15677749,890
2019-02-20 05:41:10.657,1.0,sell,3883.3,BTC-29MAR19-3500-P,59.96,0.0325,1.0,2,1550641270657,15678013,891
2019-02-20 09:18:43.715,0.1,buy,3907.33,BTC-29MAR19-3500-P,59.52,0.0305,0.1,2,1550654323715,15682772,892
2019-02-20 09:18:43.715,0.1,buy,3907.33,BTC-29MAR19-3500-P,62.49,0.0335,0.1,0,1550654323715,15682773,893
2019-02-20 10:14:03.624,10.0,sell,3924.29,BTC-29MAR19-3500-P,59.46,0.029,10.0,2,1550657643624,15684788,894
2019-02-20 10:22:27.664,0.2,sell,3937.35,BTC-29MAR19-3500-P,59.38,0.028,0.2,2,1550658147664,15685853,895
2019-02-20 11:18:18.319,0.1,sell,3925.43,BTC-29MAR19-3500-P,58.62,0.028,0.1,3,1550661498319,15690074,896
2019-02-20 11:18:18.319,0.1,sell,3925.43,BTC-29MAR19-3500-P,58.11,0.0275,0.1,2,1550661498319,15690075,897
2019-02-20 13:23:52.322,0.1,buy,3929.76,BTC-29MAR19-3500-P,60.22,0.0295,0.1,0,1550669032322,15696556,898
2019-02-20 13:31:47.570,0.2,sell,3927.6,BTC-29MAR19-3500-P,57.84,0.0275,0.2,2,1550669507570,15697482,899
2019-02-20 13:31:50.647,0.2,sell,3927.66,BTC-29MAR19-3500-P,57.84,0.0275,0.2,3,1550669510647,15697502,900
2019-02-20 14:14:15.187,0.2,sell,3910.26,BTC-29MAR19-3500-P,58.44,0.0295,0.2,0,1550672055187,15700844,901
2019-02-20 14:14:17.887,0.2,sell,3910.76,BTC-29MAR19-3500-P,58.48,0.0295,0.2,1,1550672057887,15700858,902
2019-02-20 16:32:10.324,31.8,sell,3925.59,BTC-29MAR19-3500-P,57.37,0.027000000000000003,31.8,3,1550680330324,15705378,904
2019-02-20 16:32:10.324,0.2,sell,3925.59,BTC-29MAR19-3500-P,57.37,0.027000000000000003,0.2,2,1550680330324,15705377,903
2019-02-20 16:53:39.857,0.2,sell,3918.63,BTC-29MAR19-3500-P,56.98,0.027000000000000003,0.2,3,1550681619857,15705863,905
2019-02-20 16:59:19.792,6.0,sell,3921.29,BTC-29MAR19-3500-P,57.16,0.027000000000000003,6.0,3,1550681959792,15705938,906
2019-02-20 17:07:32.454,7.0,sell,3927.21,BTC-29MAR19-3500-P,56.95,0.0265,7.0,3,1550682452454,15706131,908
2019-02-20 17:07:32.454,5.0,sell,3927.21,BTC-29MAR19-3500-P,56.95,0.0265,5.0,2,1550682452454,15706130,907
2019-02-20 19:12:25.072,0.1,buy,3916.81,BTC-29MAR19-3500-P,60.34,0.0305,0.1,0,1550689945072,15708729,909
2019-02-20 19:12:31.791,1.5,buy,3916.82,BTC-29MAR19-3500-P,60.84,0.031,1.5,1,1550689951791,15708732,912
2019-02-20 19:12:31.791,4.3,buy,3916.82,BTC-29MAR19-3500-P,60.84,0.031,4.3,1,1550689951791,15708731,911
2019-02-20 19:12:31.791,1.7,buy,3916.82,BTC-29MAR19-3500-P,60.84,0.031,1.7,0,1550689951791,15708730,910
2019-02-20 19:12:35.452,1.5,buy,3916.81,BTC-29MAR19-3500-P,60.84,0.031,1.5,1,1550689955452,15708743,913
2019-02-20 19:58:15.465,2.0,sell,3924.0,BTC-29MAR19-3500-P,55.88,0.0255,2.0,3,1550692695465,15709455,917
2019-02-20 19:58:15.465,4.6000000000000005,sell,3924.0,BTC-29MAR19-3500-P,57.96,0.0275,4.6000000000000005,3,1550692695465,15709453,915
2019-02-20 19:58:15.465,5.0,sell,3924.0,BTC-29MAR19-3500-P,55.36,0.025,5.0,2,1550692695465,15709456,918
2019-02-20 19:58:15.465,1.4,sell,3924.0,BTC-29MAR19-3500-P,55.88,0.0255,1.4,2,1550692695465,15709454,916
2019-02-20 19:58:15.465,2.0,sell,3924.0,BTC-29MAR19-3500-P,57.96,0.0275,2.0,2,1550692695465,15709452,914
2019-02-20 19:58:15.473,8.1,buy,3924.0,BTC-29MAR19-3500-P,52.16,0.022,8.1,2,1550692695473,15709457,919
2019-02-20 19:58:21.603,8.8,buy,3924.21,BTC-29MAR19-3500-P,53.8,0.0235,8.8,0,1550692701603,15709514,920
2019-02-20 20:15:28.119,5.0,sell,3928.85,BTC-29MAR19-3500-P,58.32,0.0275,5.0,0,1550693728119,15710492,921
2019-02-20 20:38:28.833,11.7,sell,3932.39,BTC-29MAR19-3500-P,57.64,0.0265,11.7,2,1550695108833,15710804,922
2019-02-20 23:59:45.688,2.0,buy,3938.43,BTC-29MAR19-3500-P,60.91,0.028999999999999998,2.0,0,1550707185688,15715518,923
2019-02-21 06:01:45.166,5.0,buy,3983.18,BTC-29MAR19-3500-P,60.41,0.0255,5.0,2,1550728905166,15725861,924
2019-02-21 06:46:42.646,0.1,buy,3930.4,BTC-29MAR19-3500-P,61.32,0.03,0.1,0,1550731602646,15730484,925
2019-02-21 06:46:42.646,3.0,buy,3930.4,BTC-29MAR19-3500-P,61.32,0.03,3.0,1,1550731602646,15730485,926
2019-02-21 07:10:26.915,0.1,sell,3928.2,BTC-29MAR19-3500-P,61.04,0.03,0.1,1,1550733026915,15730792,928
2019-02-21 07:10:26.915,1.0,sell,3928.2,BTC-29MAR19-3500-P,61.04,0.03,1.0,1,1550733026915,15730791,927
2019-02-21 07:19:43.928,0.1,buy,3931.3,BTC-29MAR19-3500-P,61.99,0.0305,0.1,0,1550733583928,15730900,929
2019-02-21 07:19:50.046,1.2,sell,3932.52,BTC-29MAR19-3500-P,62.06,0.0305,1.2,1,1550733590046,15730903,930
2019-02-21 07:19:50.046,0.6,sell,3932.52,BTC-29MAR19-3500-P,62.06,0.0305,0.6,1,1550733590046,15730905,932
2019-02-21 07:19:50.046,1.0,sell,3932.52,BTC-29MAR19-3500-P,62.06,0.0305,1.0,1,1550733590046,15730904,931
2019-02-21 07:19:50.046,0.5,sell,3932.52,BTC-29MAR19-3500-P,62.06,0.0305,0.5,1,1550733590046,15730910,937
2019-02-21 07:19:50.046,0.6,sell,3932.52,BTC-29MAR19-3500-P,62.06,0.0305,0.6,1,1550733590046,15730907,934
2019-02-21 07:19:50.046,0.5,sell,3932.52,BTC-29MAR19-3500-P,62.06,0.0305,0.5,1,1550733590046,15730906,933
2019-02-21 07:19:50.046,0.3,sell,3932.52,BTC-29MAR19-3500-P,62.06,0.0305,0.3,1,1550733590046,15730908,935
2019-02-21 07:19:50.046,2.5,sell,3932.52,BTC-29MAR19-3500-P,62.06,0.0305,2.5,1,1550733590046,15730911,938
2019-02-21 07:19:50.046,1.5,sell,3932.52,BTC-29MAR19-3500-P,62.06,0.0305,1.5,1,1550733590046,15730909,936
2019-02-21 07:20:22.932,3.2,sell,3933.09,BTC-29MAR19-3500-P,61.47,0.03,3.2,3,1550733622932,15730920,944
2019-02-21 07:20:22.932,0.2,sell,3933.09,BTC-29MAR19-3500-P,61.47,0.03,0.2,3,1550733622932,15730916,940
2019-02-21 07:20:22.932,1.6,sell,3933.09,BTC-29MAR19-3500-P,61.47,0.03,1.6,3,1550733622932,15730919,943
2019-02-21 07:20:22.932,0.1,sell,3933.09,BTC-29MAR19-3500-P,61.47,0.03,0.1,2,1550733622932,15730915,939
2019-02-21 07:20:22.932,0.1,sell,3933.09,BTC-29MAR19-3500-P,61.47,0.03,0.1,3,1550733622932,15730921,945
2019-02-21 07:20:22.932,0.8,sell,3933.09,BTC-29MAR19-3500-P,61.47,0.03,0.8,3,1550733622932,15730918,942
2019-02-21 07:20:22.932,0.4,sell,3933.09,BTC-29MAR19-3500-P,61.47,0.03,0.4,3,1550733622932,15730917,941
2019-02-21 07:42:58.531,0.5,sell,3931.4,BTC-29MAR19-3500-P,60.45,0.028999999999999998,0.5,2,1550734978531,15731202,946
2019-02-21 07:50:56.198,6.2,sell,3931.83,BTC-29MAR19-3500-P,59.45,0.027999999999999997,6.2,2,1550735456198,15731236,947
2019-02-21 09:32:34.475,10.0,sell,3916.17,BTC-29MAR19-3500-P,59.57,0.028999999999999998,10.0,0,1550741554475,15736284,948
2019-02-21 11:14:14.885,4.0,buy,3887.01,BTC-29MAR19-3500-P,59.46,0.0305,4.0,0,1550747654885,15739565,949
2019-02-21 12:12:03.408,0.2,buy,3893.31,BTC-29MAR19-3500-P,60.02,0.0305,0.2,1,1550751123408,15742281,950
2019-02-21 12:12:13.661,0.2,buy,3893.31,BTC-29MAR19-3500-P,60.05,0.0305,0.2,1,1550751133661,15742295,951
2019-02-21 12:12:52.957,0.4,buy,3894.4,BTC-29MAR19-3500-P,60.16,0.0305,0.4,1,1550751172957,15742314,952
2019-02-21 12:12:57.991,0.4,buy,3894.4,BTC-29MAR19-3500-P,60.15,0.0305,0.4,1,1550751177991,15742315,953
2019-02-21 12:13:03.271,0.4,buy,3894.4,BTC-29MAR19-3500-P,60.14,0.0305,0.4,1,1550751183271,15742321,954
2019-02-21 12:13:08.425,0.5,buy,3894.4,BTC-29MAR19-3500-P,60.13,0.0305,0.5,1,1550751188425,15742322,955
2019-02-21 12:13:13.454,0.5,buy,3894.4,BTC-29MAR19-3500-P,60.12,0.0305,0.5,1,1550751193454,15742323,956
2019-02-21 12:13:18.731,0.5,buy,3894.4,BTC-29MAR19-3500-P,60.12,0.0305,0.5,1,1550751198731,15742325,957
2019-02-21 12:13:23.825,0.5,buy,3894.41,BTC-29MAR19-3500-P,60.11,0.0305,0.5,1,1550751203825,15742337,958
2019-02-21 12:13:29.750,2.3000000000000003,sell,3893.37,BTC-29MAR19-3500-P,59.05,0.0295,2.3000000000000003,2,1550751209750,15742338,959
2019-02-21 12:13:34.951,2.8000000000000003,sell,3893.84,BTC-29MAR19-3500-P,59.09,0.0295,2.8000000000000003,3,1550751214951,15742339,960
2019-02-21 12:13:40.369,0.5,sell,3893.26,BTC-29MAR19-3500-P,59.05,0.0295,0.5,3,1550751220369,15742340,961
2019-02-21 12:13:45.550,2.3000000000000003,buy,3892.93,BTC-29MAR19-3500-P,60.55,0.031,2.3000000000000003,0,1550751225550,15742352,962
2019-02-21 12:13:50.774,2.1,buy,3893.47,BTC-29MAR19-3500-P,60.6,0.031,2.1,1,1550751230774,15742353,963
2019-02-21 12:13:50.774,0.7000000000000001,buy,3893.47,BTC-29MAR19-3500-P,61.1,0.0315,0.7000000000000001,0,1550751230774,15742354,964
2019-02-21 12:13:55.909,2.3000000000000003,sell,3893.46,BTC-29MAR19-3500-P,59.06,0.0295,2.3000000000000003,2,1550751235909,15742356,965
2019-02-21 15:29:42.457,10.0,sell,3892.33,BTC-29MAR19-3500-P,59.24,0.0295,10.0,3,1550762982457,15745922,966
2019-02-21 15:29:47.584,10.0,sell,3892.23,BTC-29MAR19-3500-P,58.74,0.029,10.0,2,1550762987584,15745924,967
2019-02-21 16:40:32.571,0.4,buy,3885.4,BTC-29MAR19-3500-P,59.12,0.03,0.4,0,1550767232571,15746993,968
2019-02-21 16:40:32.574,1.3,buy,3885.4,BTC-29MAR19-3500-P,59.12,0.03,1.3,1,1550767232574,15746994,969
2019-02-21 16:40:32.588,0.6,buy,3885.4,BTC-29MAR19-3500-P,59.12,0.03,0.6,1,1550767232588,15746995,970
2019-02-21 16:40:32.604,0.9,buy,3885.4,BTC-29MAR19-3500-P,59.12,0.03,0.9,1,1550767232604,15746996,971
2019-02-21 16:40:32.824,0.2,buy,3885.4,BTC-29MAR19-3500-P,59.12,0.03,0.2,1,1550767232824,15746997,972
2019-02-21 16:40:32.825,1.4,buy,3885.4,BTC-29MAR19-3500-P,59.12,0.03,1.4,1,1550767232825,15746998,973
2019-02-21 16:40:32.826,0.6,buy,3885.4,BTC-29MAR19-3500-P,59.12,0.03,0.6,1,1550767232826,15746999,974
2019-02-21 16:40:32.861,0.5,buy,3885.4,BTC-29MAR19-3500-P,59.12,0.03,0.5,1,1550767232861,15747000,975
2019-02-21 16:40:33.051,2.5,buy,3885.4,BTC-29MAR19-3500-P,59.12,0.03,2.5,1,1550767233051,15747001,976
2019-02-21 17:43:29.958,1.5,sell,3892.25,BTC-29MAR19-3500-P,58.15,0.0285,1.5,2,1550771009958,15747633,977
2019-02-21 17:43:33.696,1.5,sell,3892.59,BTC-29MAR19-3500-P,58.17,0.0285,1.5,3,1550771013696,15747639,978
2019-02-21 18:42:18.765,0.6,buy,3886.37,BTC-29MAR19-3500-P,59.34,0.03,0.6,0,1550774538765,15748151,979
2019-02-21 18:47:44.906,1.0,buy,3881.02,BTC-29MAR19-3500-P,58.9,0.03,1.0,1,1550774864906,15748346,980
2019-02-22 00:14:59.370,10.0,sell,3902.53,BTC-29MAR19-3500-P,59.34,0.0285,10.0,2,1550794499370,15752329,981
2019-02-22 06:53:02.949,0.5,buy,3915.09,BTC-29MAR19-3500-P,59.63,0.027999999999999997,0.5,2,1550818382949,15757230,982
2019-02-22 07:15:47.139,10.0,buy,3898.21,BTC-29MAR19-3500-P,59.97,0.0295,10.0,0,1550819747139,15758317,983
2019-02-22 07:47:42.623,10.0,sell,3890.89,BTC-29MAR19-3500-P,58.49,0.0285,10.0,2,1550821662623,15759691,984
2019-02-22 10:09:30.893,0.9,sell,3918.64,BTC-29MAR19-3500-P,58.73,0.0265,0.9,2,1550830170893,15766412,985
2019-02-22 10:09:30.893,6.0,sell,3918.64,BTC-29MAR19-3500-P,58.2,0.026000000000000002,6.0,2,1550830170893,15766414,987
2019-02-22 10:09:30.893,0.1,sell,3918.64,BTC-29MAR19-3500-P,58.73,0.0265,0.1,3,1550830170893,15766413,986
2019-02-22 11:10:01.576,2.0,sell,3922.08,BTC-29MAR19-3500-P,58.56,0.026000000000000002,2.0,3,1550833801576,15767519,988
2019-02-22 12:41:20.322,1.0,sell,3942.51,BTC-29MAR19-3500-P,58.87,0.025,1.0,2,1550839280322,15771071,989
2019-02-22 12:41:20.334,2.7,sell,3942.51,BTC-29MAR19-3500-P,58.87,0.025,2.7,3,1550839280334,15771072,990
2019-02-22 12:41:20.337,1.2,sell,3942.51,BTC-29MAR19-3500-P,58.87,0.025,1.2,3,1550839280337,15771073,991
2019-02-22 12:41:20.338,2.0,sell,3942.51,BTC-29MAR19-3500-P,58.87,0.025,2.0,3,1550839280338,15771074,992
2019-02-22 12:41:20.488,1.2,sell,3942.51,BTC-29MAR19-3500-P,58.87,0.025,1.2,3,1550839280488,15771076,993
2019-02-22 12:41:20.493,1.0,sell,3942.51,BTC-29MAR19-3500-P,58.87,0.025,1.0,3,1550839280493,15771077,994
2019-02-22 12:41:20.498,0.5,sell,3942.51,BTC-29MAR19-3500-P,58.87,0.025,0.5,3,1550839280498,15771078,995
2019-02-22 12:41:21.360,3.0,sell,3942.63,BTC-29MAR19-3500-P,58.87,0.025,3.0,3,1550839281360,15771079,996
2019-02-22 12:41:50.164,2.0,buy,3943.56,BTC-29MAR19-3500-P,58.92,0.025,2.0,3,1550839310164,15771124,997
2019-02-22 12:43:09.963,3.2,buy,3941.96,BTC-29MAR19-3500-P,58.85,0.025,3.2,3,1550839389963,15771277,998
2019-02-22 12:49:48.594,2.0,sell,3935.93,BTC-29MAR19-3500-P,58.61,0.025,2.0,3,1550839788594,15771995,999
2019-02-22 13:31:34.749,7.0,sell,3941.84,BTC-29MAR19-3500-P,58.86,0.025,7.0,3,1550842294749,15773676,1000
2019-02-22 13:33:52.718,2.0,sell,3946.24,BTC-29MAR19-3500-P,58.06,0.024,2.0,2,1550842432718,15773850,1001
2019-02-22 13:54:23.839,16.2,sell,3953.2,BTC-29MAR19-3500-P,58.71,0.024,16.2,3,1550843663839,15775365,1002
2019-02-22 13:54:23.839,3.8,sell,3953.2,BTC-29MAR19-3500-P,58.71,0.024,3.8,3,1550843663839,15775366,1003
2019-02-22 14:52:50.592,10.0,sell,3947.1,BTC-29MAR19-3500-P,60.28,0.026000000000000002,10.0,0,1550847170592,15778622,1004
2019-02-22 15:28:48.110,0.8,sell,3924.64,BTC-29MAR19-3500-P,60.04,0.0275,0.8,0,1550849328110,15781352,1005
2019-02-22 15:28:48.110,1.2,sell,3924.64,BTC-29MAR19-3500-P,60.04,0.0275,1.2,1,1550849328110,15781353,1006
2019-02-22 15:44:28.334,0.2,buy,3923.91,BTC-29MAR19-3500-P,61.52,0.028999999999999998,0.2,0,1550850268334,15782070,1007
2019-02-22 17:34:15.659,0.2,sell,3924.98,BTC-29MAR19-3500-P,60.27,0.0275,0.2,2,1550856855659,15784765,1008
2019-02-22 18:20:02.734,0.8,sell,3940.62,BTC-29MAR19-3500-P,60.6,0.027000000000000003,0.8,2,1550859602734,15785722,1009
2019-02-22 18:23:47.024,15.0,buy,3940.53,BTC-29MAR19-3500-P,59.51,0.026000000000000002,15.0,2,1550859827024,15785797,1010
2019-02-22 18:25:36.685,10.0,buy,3940.6,BTC-29MAR19-3500-P,59.5,0.026000000000000002,10.0,3,1550859936685,15785809,1011
2019-02-22 19:22:53.375,5.0,sell,3946.49,BTC-29MAR19-3500-P,59.3,0.0255,5.0,2,1550863373375,15786259,1012
2019-02-22 19:57:31.356,0.2,buy,3937.68,BTC-29MAR19-3500-P,61.35,0.027999999999999997,0.2,0,1550865451356,15786590,1013
2019-02-22 20:29:40.766,5.2,buy,3935.1,BTC-29MAR19-3500-P,61.83,0.0285,5.2,1,1550867380766,15787265,1015
2019-02-22 20:29:40.766,0.8,buy,3935.1,BTC-29MAR19-3500-P,61.83,0.0285,0.8,0,1550867380766,15787264,1014
2019-02-22 21:20:26.638,0.2,sell,3935.62,BTC-29MAR19-3500-P,58.74,0.0255,0.2,3,1550870426638,15787682,1017
2019-02-22 21:20:26.638,5.8,sell,3935.62,BTC-29MAR19-3500-P,58.74,0.0255,5.8,2,1550870426638,15787681,1016
2019-02-22 21:55:41.088,0.8,sell,3941.85,BTC-29MAR19-3500-P,59.84,0.026000000000000002,0.8,0,1550872541088,15788018,1018
2019-02-22 21:55:41.088,0.4,sell,3941.85,BTC-29MAR19-3500-P,59.84,0.026000000000000002,0.4,1,1550872541088,15788019,1019
2019-02-22 21:55:41.092,1.0,sell,3941.85,BTC-29MAR19-3500-P,59.84,0.026000000000000002,1.0,1,1550872541092,15788020,1020
2019-02-22 21:55:41.097,2.0,sell,3941.85,BTC-29MAR19-3500-P,59.84,0.026000000000000002,2.0,1,1550872541097,15788021,1021
2019-02-22 21:55:41.102,2.7,sell,3941.85,BTC-29MAR19-3500-P,59.84,0.026000000000000002,2.7,1,1550872541102,15788022,1022
2019-02-22 21:55:41.261,1.2,sell,3941.85,BTC-29MAR19-3500-P,59.84,0.026000000000000002,1.2,1,1550872541261,15788023,1023
2019-02-22 21:55:41.263,0.5,sell,3941.85,BTC-29MAR19-3500-P,59.84,0.026000000000000002,0.5,1,1550872541263,15788024,1024
2019-02-22 21:55:41.273,1.0,sell,3941.85,BTC-29MAR19-3500-P,59.84,0.026000000000000002,1.0,1,1550872541273,15788025,1025
2019-02-22 21:55:42.389,3.0,sell,3941.85,BTC-29MAR19-3500-P,59.84,0.026000000000000002,3.0,1,1550872542389,15788026,1026
2019-02-22 21:55:42.756,4.0,sell,3941.85,BTC-29MAR19-3500-P,59.84,0.026000000000000002,4.0,1,1550872542756,15788027,1027
2019-02-23 00:02:05.248,1.2,buy,3936.29,BTC-29MAR19-3500-P,59.3,0.026000000000000002,1.2,1,1550880125248,15790120,1028
2019-02-23 01:11:24.801,0.8,buy,3938.22,BTC-29MAR19-3500-P,62.56,0.028999999999999998,0.8,0,1550884284801,15791551,1029
2019-02-23 01:11:24.801,0.2,buy,3938.22,BTC-29MAR19-3500-P,62.56,0.028999999999999998,0.2,1,1550884284801,15791552,1030
2019-02-23 01:24:43.829,2.0,buy,3937.53,BTC-29MAR19-3500-P,62.07,0.0285,2.0,2,1550885083829,15791593,1031
2019-02-23 08:24:40.310,10.0,sell,3927.2,BTC-29MAR19-3500-P,60.88,0.028,10.0,2,1550910280310,15797643,1032
2019-02-23 08:57:36.549,0.1,buy,3920.68,BTC-29MAR19-3500-P,62.7,0.0305,0.1,0,1550912256549,15798531,1033
2019-02-23 08:57:36.549,9.9,buy,3920.68,BTC-29MAR19-3500-P,63.22,0.031,9.9,0,1550912256549,15798532,1034
2019-02-23 11:52:39.175,3.0,sell,3942.7,BTC-29MAR19-3500-P,63.54,0.0295,3.0,2,1550922759175,15801532,1035
2019-02-23 11:55:53.205,1.0,sell,3943.45,BTC-29MAR19-3500-P,63.09,0.028999999999999998,1.0,2,1550922953205,15801598,1036
2019-02-23 11:55:53.205,11.0,sell,3943.45,BTC-29MAR19-3500-P,61.47,0.0275,11.0,2,1550922953205,15801599,1037
2019-02-23 12:09:22.870,1.0,sell,3936.26,BTC-29MAR19-3500-P,61.74,0.0285,1.0,0,1550923762870,15802075,1038
2019-02-23 12:27:27.894,2.0,sell,3935.37,BTC-29MAR19-3500-P,62.5,0.028999999999999998,2.0,0,1550924847894,15802547,1039
2019-02-23 16:55:23.131,0.8,sell,3936.92,BTC-29MAR19-3500-P,62.82,0.028999999999999998,0.8,1,1550940923131,15806431,1040
2019-02-23 16:56:38.430,0.2,sell,3957.79,BTC-29MAR19-3500-P,64.04,0.028999999999999998,0.2,1,1550940998430,15806742,1041
2019-02-23 16:57:45.326,0.7000000000000001,sell,3963.33,BTC-29MAR19-3500-P,62.32,0.027000000000000003,0.7000000000000001,2,1550941065326,15807119,1042
2019-02-23 17:01:22.395,0.7000000000000001,sell,3963.34,BTC-29MAR19-3500-P,62.02,0.027000000000000003,0.7000000000000001,3,1550941282395,15808668,1043
2019-02-23 17:01:22.402,1.6,sell,3963.34,BTC-29MAR19-3500-P,62.02,0.027000000000000003,1.6,3,1550941282402,15808669,1044
2019-02-23 17:10:54.131,0.3,buy,3954.27,BTC-29MAR19-3500-P,61.47,0.027000000000000003,0.3,3,1550941854131,15814385,1049
2019-02-23 17:10:54.131,3.1,buy,3954.27,BTC-29MAR19-3500-P,61.47,0.027000000000000003,3.1,3,1550941854131,15814387,1051
2019-02-23 17:10:54.131,1.2,buy,3954.27,BTC-29MAR19-3500-P,61.47,0.027000000000000003,1.2,3,1550941854131,15814381,1045
2019-02-23 17:10:54.131,0.6,buy,3954.27,BTC-29MAR19-3500-P,61.47,0.027000000000000003,0.6,3,1550941854131,15814382,1046
2019-02-23 17:10:54.131,0.6,buy,3954.27,BTC-29MAR19-3500-P,61.47,0.027000000000000003,0.6,3,1550941854131,15814386,1050
2019-02-23 17:10:54.131,1.8,buy,3954.27,BTC-29MAR19-3500-P,61.47,0.027000000000000003,1.8,3,1550941854131,15814384,1048
2019-02-23 17:10:54.131,0.7000000000000001,buy,3954.27,BTC-29MAR19-3500-P,61.47,0.027000000000000003,0.7000000000000001,3,1550941854131,15814383,1047
2019-02-23 17:13:34.715,0.8,sell,3965.0,BTC-29MAR19-3500-P,62.01,0.027000000000000003,0.8,3,1550942014715,15816019,1052
2019-02-23 17:15:33.817,0.8,sell,3990.98,BTC-29MAR19-3500-P,63.96,0.027000000000000003,0.8,3,1550942133817,15816663,1053
2019-02-23 17:18:54.958,0.4,sell,3983.43,BTC-29MAR19-3500-P,63.38,0.027000000000000003,0.4,3,1550942334958,15817836,1054
2019-02-23 17:20:35.947,0.8,buy,3987.9,BTC-29MAR19-3500-P,64.65,0.027999999999999997,0.8,0,1550942435947,15818075,1055
2019-02-23 17:49:23.861,1.0,sell,4057.22,BTC-29MAR19-3500-P,63.65,0.023,1.0,2,1550944163861,15826448,1056
2019-02-23 17:50:08.934,4.0,buy,4058.08,BTC-29MAR19-3500-P,63.59,0.023,4.0,3,1550944208934,15826670,1057
2019-02-23 19:25:44.604,0.1,sell,4127.41,BTC-29MAR19-3500-P,63.2,0.019,0.1,2,1550949944604,15841451,1058
2019-02-23 19:25:44.604,0.9,sell,4127.41,BTC-29MAR19-3500-P,63.2,0.019,0.9,3,1550949944604,15841452,1059
2019-02-23 20:33:25.418,3.0,sell,4135.14,BTC-29MAR19-3500-P,64.35,0.0195,3.0,0,1550954005418,15845444,1060
2019-02-23 20:40:08.797,2.9,sell,4140.81,BTC-29MAR19-3500-P,61.39,0.017,2.9,2,1550954408797,15846483,1061
2019-02-23 20:40:15.798,5.8,buy,4141.06,BTC-29MAR19-3500-P,65.38,0.02,5.8,0,1550954415798,15846486,1062
2019-02-23 20:52:40.312,5.0,sell,4135.15,BTC-29MAR19-3500-P,64.66,0.0195,5.0,2,1550955160312,15848393,1063
2019-02-23 23:06:23.086,0.9,buy,4112.64,BTC-29MAR19-3500-P,64.23,0.02,0.9,0,1550963183086,15853159,1064
2019-02-24 01:19:10.787,3.0,buy,4120.11,BTC-29MAR19-3500-P,63.34,0.019,3.0,2,1550971150787,15856865,1065
2019-02-24 03:22:11.888,2.0,sell,4179.74,BTC-29MAR19-3500-P,65.52,0.018000000000000002,2.0,2,1550978531888,15862594,1066
2019-02-24 03:36:53.256,1.0,sell,4179.95,BTC-29MAR19-3500-P,60.98,0.015,1.0,2,1550979413256,15864015,1067
2019-02-24 04:01:02.234,2.1,buy,4162.05,BTC-29MAR19-3500-P,66.32,0.0195,2.1,0,1550980862234,15865751,1068
2019-02-24 04:01:02.245,0.9,buy,4162.05,BTC-29MAR19-3500-P,66.32,0.0195,0.9,1,1550980862245,15865752,1069
2019-02-24 04:01:02.263,1.6,buy,4162.05,BTC-29MAR19-3500-P,66.32,0.0195,1.6,1,1550980862263,15865753,1070
2019-02-24 04:01:02.266,0.4,buy,4162.05,BTC-29MAR19-3500-P,66.32,0.0195,0.4,1,1550980862266,15865755,1072
2019-02-24 04:01:02.266,0.4,buy,4162.05,BTC-29MAR19-3500-P,66.32,0.0195,0.4,1,1550980862266,15865754,1071
2019-02-24 04:01:02.458,2.3000000000000003,buy,4162.05,BTC-29MAR19-3500-P,66.32,0.0195,2.3000000000000003,1,1550980862458,15865756,1073
2019-02-24 04:01:02.485,0.9,buy,4162.05,BTC-29MAR19-3500-P,66.32,0.0195,0.9,1,1550980862485,15865757,1074
2019-02-24 04:01:02.487,0.4,buy,4162.05,BTC-29MAR19-3500-P,66.32,0.0195,0.4,1,1550980862487,15865758,1075
2019-02-24 04:01:02.537,0.8,buy,4162.05,BTC-29MAR19-3500-P,66.32,0.0195,0.8,1,1550980862537,15865759,1076
2019-02-24 04:01:02.719,4.1,buy,4162.05,BTC-29MAR19-3500-P,66.32,0.0195,4.1,1,1550980862719,15865760,1077
2019-02-24 04:05:15.232,0.6,buy,4162.41,BTC-29MAR19-3500-P,64.35,0.018000000000000002,0.6,2,1550981115232,15865861,1078
2019-02-24 05:51:56.825,0.7000000000000001,buy,4156.57,BTC-29MAR19-3500-P,65.02,0.0185,0.7000000000000001,0,1550987516825,15869341,1079
2019-02-24 08:45:00.469,23.4,buy,4149.42,BTC-29MAR19-3500-P,63.99,0.018000000000000002,23.4,2,1550997900469,15872339,1080
2019-02-24 08:45:00.469,26.6,buy,4149.42,BTC-29MAR19-3500-P,63.99,0.018000000000000002,26.6,3,1550997900469,15872340,1081
2019-02-24 08:45:53.405,50.0,buy,4147.81,BTC-29MAR19-3500-P,63.93,0.018000000000000002,50.0,3,1550997953405,15872342,1082
2019-02-24 08:46:13.571,50.0,buy,4146.71,BTC-29MAR19-3500-P,63.91,0.018000000000000002,50.0,3,1550997973571,15872344,1083
2019-02-24 08:46:16.884,3.5,buy,4146.91,BTC-29MAR19-3500-P,63.92,0.018000000000000002,3.5,3,1550997976884,15872346,1084
2019-02-24 08:46:20.935,13.7,buy,4146.38,BTC-29MAR19-3500-P,63.92,0.018000000000000002,13.7,3,1550997980935,15872347,1085
2019-02-24 08:46:39.664,5.0,buy,4146.42,BTC-29MAR19-3500-P,63.93,0.018000000000000002,5.0,3,1550997999664,15872378,1086
2019-02-24 08:47:12.678,12.5,buy,4146.33,BTC-29MAR19-3500-P,63.87,0.018000000000000002,12.5,3,1550998032678,15872379,1087
2019-02-24 08:47:29.976,5.0,buy,4146.48,BTC-29MAR19-3500-P,63.9,0.018000000000000002,5.0,3,1550998049976,15872384,1088
2019-02-24 08:47:34.919,25.0,buy,4146.36,BTC-29MAR19-3500-P,63.89,0.018000000000000002,25.0,3,1550998054919,15872387,1089
2019-02-24 08:48:13.351,50.0,buy,4140.48,BTC-29MAR19-3500-P,63.58,0.018000000000000002,50.0,3,1550998093351,15872507,1090
2019-02-24 08:48:18.826,5.0,buy,4140.65,BTC-29MAR19-3500-P,63.54,0.018000000000000002,5.0,3,1550998098826,15872519,1091
2019-02-24 08:52:58.216,50.0,buy,4141.67,BTC-29MAR19-3500-P,63.64,0.018000000000000002,50.0,3,1550998378216,15872766,1092
2019-02-24 08:54:12.278,1.7,buy,4141.45,BTC-29MAR19-3500-P,63.63,0.018000000000000002,1.7,3,1550998452278,15872777,1093
2019-02-24 09:03:33.992,0.2,sell,4137.51,BTC-29MAR19-3500-P,62.84,0.0175,0.2,2,1550999013992,15873471,1094
2019-02-24 09:08:52.161,4.8,sell,4133.09,BTC-29MAR19-3500-P,62.66,0.0175,4.8,3,1550999332161,15873696,1095
2019-02-24 09:08:52.161,10.0,sell,4133.09,BTC-29MAR19-3500-P,62.66,0.0175,10.0,3,1550999332161,15873697,1096
2019-02-24 09:30:48.985,2.0,buy,4132.18,BTC-29MAR19-3500-P,63.24,0.018000000000000002,2.0,0,1551000648985,15874360,1097
2019-02-24 09:30:48.985,2.0,buy,4132.18,BTC-29MAR19-3500-P,65.9,0.02,2.0,0,1551000648985,15874361,1098
2019-02-24 09:30:48.985,2.0,buy,4132.18,BTC-29MAR19-3500-P,65.9,0.02,2.0,1,1551000648985,15874362,1099
2019-02-24 09:55:17.263,0.6,sell,4131.13,BTC-29MAR19-3500-P,63.32,0.018000000000000002,0.6,2,1551002117263,15875440,1100
2019-02-24 11:37:48.903,6.0,sell,4137.02,BTC-29MAR19-3500-P,62.26,0.017,6.0,2,1551008268903,15877548,1101
2019-02-24 12:24:12.909,3.0,sell,4115.81,BTC-29MAR19-3500-P,61.42,0.017,3.0,3,1551011052909,15879729,1102
2019-02-24 12:52:17.594,2.5,buy,4110.83,BTC-29MAR19-3500-P,64.61,0.0195,2.5,0,1551012737594,15880643,1103
2019-02-24 13:36:26.558,5.0,buy,4103.24,BTC-29MAR19-3500-P,66.31,0.021,5.0,0,1551015386558,15882436,1104
2019-02-24 13:37:33.606,0.9,buy,4102.78,BTC-29MAR19-3500-P,66.26,0.021,0.9,1,1551015453606,15882487,1105
2019-02-24 13:37:34.923,0.5,sell,4102.71,BTC-29MAR19-3500-P,66.27,0.021,0.5,1,1551015454923,15882495,1112
2019-02-24 13:37:34.923,4.7,sell,4102.71,BTC-29MAR19-3500-P,66.27,0.021,4.7,1,1551015454923,15882496,1113
2019-02-24 13:37:34.923,0.9,sell,4102.71,BTC-29MAR19-3500-P,66.27,0.021,0.9,1,1551015454923,15882493,1110
2019-02-24 13:37:34.923,2.8000000000000003,sell,4102.71,BTC-29MAR19-3500-P,66.27,0.021,2.8000000000000003,1,1551015454923,15882492,1109
2019-02-24 13:37:34.923,1.1,sell,4102.71,BTC-29MAR19-3500-P,66.27,0.021,1.1,1,1551015454923,15882490,1107
2019-02-24 13:37:34.923,1.1,sell,4102.71,BTC-29MAR19-3500-P,66.27,0.021,1.1,1,1551015454923,15882494,1111
2019-02-24 13:37:34.923,2.5,sell,4102.71,BTC-29MAR19-3500-P,66.27,0.021,2.5,1,1551015454923,15882489,1106
2019-02-24 13:37:34.923,1.8,sell,4102.71,BTC-29MAR19-3500-P,66.27,0.021,1.8,1,1551015454923,15882491,1108
2019-02-24 13:37:42.800,0.5,buy,4102.8,BTC-29MAR19-3500-P,66.94,0.0215,0.5,0,1551015462800,15882501,1114
2019-02-24 13:37:42.807,1.2,buy,4102.8,BTC-29MAR19-3500-P,66.94,0.0215,1.2,1,1551015462807,15882502,1115
2019-02-24 13:37:42.815,0.6,buy,4102.8,BTC-29MAR19-3500-P,66.94,0.0215,0.6,1,1551015462815,15882504,1117
2019-02-24 13:37:42.815,0.9,buy,4102.8,BTC-29MAR19-3500-P,66.94,0.0215,0.9,1,1551015462815,15882503,1116
2019-02-24 13:37:43.028,1.4,buy,4102.8,BTC-29MAR19-3500-P,66.92,0.0215,1.4,1,1551015463028,15882505,1118
2019-02-24 13:37:44.900,2.4,sell,4102.81,BTC-29MAR19-3500-P,66.92,0.0215,2.4,1,1551015464900,15882511,1122
2019-02-24 13:37:44.900,0.6,sell,4102.81,BTC-29MAR19-3500-P,66.92,0.0215,0.6,1,1551015464900,15882509,1120
2019-02-24 13:37:44.900,0.2,sell,4102.81,BTC-29MAR19-3500-P,66.92,0.0215,0.2,1,1551015464900,15882508,1119
2019-02-24 13:37:44.900,0.5,sell,4102.81,BTC-29MAR19-3500-P,66.92,0.0215,0.5,1,1551015464900,15882510,1121
2019-02-24 13:40:42.830,3.3000000000000003,buy,4105.37,BTC-29MAR19-3500-P,67.03,0.0215,3.3000000000000003,1,1551015642830,15882586,1123
2019-02-24 14:15:35.198,1.0,buy,3792.4,BTC-29MAR19-3500-P,64.0,0.044000000000000004,1.0,0,1551017735198,15899391,1124
2019-02-24 14:15:39.002,1.0,buy,3782.59,BTC-29MAR19-3500-P,65.67,0.047,1.0,0,1551017739002,15899696,1125
2019-02-24 14:15:41.651,1.0,sell,3781.74,BTC-29MAR19-3500-P,83.94,0.0675,1.0,0,1551017741651,15899868,1126
2019-02-24 14:16:06.402,1.0,sell,3759.35,BTC-29MAR19-3500-P,89.71,0.0785,1.0,0,1551017766402,15900765,1127
2019-02-24 14:16:18.171,1.0,sell,3750.09,BTC-29MAR19-3500-P,80.52,0.0705,1.0,2,1551017778171,15901055,1129
2019-02-24 14:16:18.171,1.0,sell,3750.09,BTC-29MAR19-3500-P,80.96,0.071,1.0,2,1551017778171,15901054,1128
2019-02-24 14:16:27.041,1.0,sell,3739.75,BTC-29MAR19-3500-P,82.31,0.0735,1.0,0,1551017787041,15901294,1130
2019-02-24 14:16:37.349,1.0,sell,3732.39,BTC-29MAR19-3500-P,81.74,0.073,1.0,2,1551017797349,15901618,1131
2019-02-24 14:16:40.343,1.0,sell,3728.02,BTC-29MAR19-3500-P,81.36,0.073,1.0,3,1551017800343,15901653,1132
2019-02-24 14:24:13.897,2.0,sell,3840.64,BTC-29MAR19-3500-P,59.07,0.0375,2.0,2,1551018253897,15910522,1133
2019-02-24 14:24:13.897,3.0,sell,3840.64,BTC-29MAR19-3500-P,59.07,0.0375,3.0,3,1551018253897,15910523,1134
2019-02-24 14:27:27.237,2.0,buy,3780.66,BTC-29MAR19-3500-P,60.2,0.042,2.0,0,1551018447237,15913072,1135
2019-02-24 14:28:01.453,2.0,buy,3782.26,BTC-29MAR19-3500-P,63.76,0.0455,2.0,0,1551018481453,15913905,1136
2019-02-24 14:47:12.652,2.5,sell,3818.64,BTC-29MAR19-3500-P,62.38,0.0395,2.5,2,1551019632652,15924663,1137
2019-02-24 15:36:43.263,0.1,sell,3788.86,BTC-29MAR19-3500-P,61.24,0.0415,0.1,0,1551022603263,15935659,1138
2019-02-24 15:40:46.339,9.0,buy,3781.79,BTC-29MAR19-3500-P,61.49,0.0425,9.0,0,1551022846339,15936626,1139
2019-02-24 16:01:21.157,2.0,buy,3763.2,BTC-29MAR19-3500-P,60.61,0.043,2.0,0,1551024081157,15939212,1140
2019-02-24 16:01:31.285,2.0,buy,3757.14,BTC-29MAR19-3500-P,59.9,0.043,2.0,1,1551024091285,15939357,1141
2019-02-24 16:01:33.087,2.0,buy,3754.55,BTC-29MAR19-3500-P,59.8,0.043,2.0,1,1551024093087,15939394,1142
2019-02-24 16:01:36.152,2.0,buy,3753.85,BTC-29MAR19-3500-P,59.58,0.043,2.0,1,1551024096152,15939417,1143
2019-02-24 16:01:37.920,2.0,buy,3750.26,BTC-29MAR19-3500-P,59.29,0.043,2.0,1,1551024097920,15939444,1144
2019-02-24 16:20:16.212,5.2,buy,3757.21,BTC-29MAR19-3500-P,63.93,0.047,5.2,0,1551025216212,15944041,1145
2019-02-24 16:20:16.212,1.2,buy,3757.21,BTC-29MAR19-3500-P,63.93,0.047,1.2,1,1551025216212,15944042,1146
2019-02-24 16:21:00.889,6.7,buy,3759.5,BTC-29MAR19-3500-P,64.88,0.0475,6.7,0,1551025260889,15944137,1147
2019-02-24 16:24:11.189,5.8,buy,3747.73,BTC-29MAR19-3500-P,64.87,0.0485,5.8,0,1551025451189,15944936,1148
2019-02-24 17:21:49.655,0.2,buy,3762.36,BTC-29MAR19-3500-P,66.09,0.048,0.2,2,1551028909655,15950716,1149
2019-02-24 17:25:25.158,0.1,buy,3770.83,BTC-29MAR19-3500-P,65.92,0.047,0.1,2,1551029125158,15950993,1150
2019-02-24 17:49:31.713,0.3,sell,3774.38,BTC-29MAR19-3500-P,63.64,0.0445,0.3,2,1551030571713,15952188,1151
2019-02-24 17:57:26.544,2.0,buy,3759.86,BTC-29MAR19-3500-P,66.11,0.0485,2.0,0,1551031046544,15952561,1152
2019-02-24 18:22:18.398,5.5,sell,3762.5,BTC-29MAR19-3500-P,62.66,0.0445,5.5,2,1551032538398,15953689,1153
2019-02-24 18:36:35.428,1.5,sell,3768.5,BTC-29MAR19-3500-P,61.85,0.043,1.5,2,1551033395428,15954062,1154
2019-02-24 18:49:24.043,3.3000000000000003,sell,3778.79,BTC-29MAR19-3500-P,61.66,0.042,3.3000000000000003,2,1551034164043,15954432,1155
2019-02-24 18:55:57.022,6.7,buy,3777.78,BTC-29MAR19-3500-P,61.61,0.042,6.7,3,1551034557022,15955043,1156
2019-02-24 19:59:07.594,0.2,buy,3771.53,BTC-29MAR19-3500-P,63.99,0.045,0.2,0,1551038347594,15956116,1157
2019-02-24 20:17:11.185,0.1,sell,3778.32,BTC-29MAR19-3500-P,60.8,0.041,0.1,2,1551039431185,15956501,1158
2019-02-25 01:38:01.411,1.3,sell,3763.7,BTC-29MAR19-3500-P,61.31,0.042,1.3,0,1551058681411,15970343,1159
2019-02-25 04:55:50.647,1.0,sell,3781.2,BTC-29MAR19-3500-P,61.76,0.040999999999999995,1.0,2,1551070550647,15974959,1160
2019-02-25 08:09:34.746,10.0,sell,3760.0,BTC-29MAR19-3500-P,62.44,0.0435,10.0,0,1551082174746,15980439,1161
2019-02-25 10:22:20.518,5.2,buy,3745.18,BTC-29MAR19-3500-P,61.51,0.044000000000000004,5.2,0,1551090140518,15983075,1162
2019-02-25 11:14:34.111,0.8,sell,3782.07,BTC-29MAR19-3500-P,61.31,0.04,0.8,2,1551093274111,15985750,1163
2019-02-25 12:05:50.296,5.3,sell,3779.14,BTC-29MAR19-3500-P,61.2,0.04,5.3,2,1551096350296,15986280,1165
2019-02-25 12:05:50.296,12.0,sell,3779.14,BTC-29MAR19-3500-P,61.68,0.0405,12.0,0,1551096350296,15986279,1164
2019-02-25 12:12:28.392,3.0,buy,3780.43,BTC-29MAR19-3500-P,61.32,0.04,3.0,3,1551096748392,15986364,1166
2019-02-25 12:16:24.114,4.7,sell,3782.2,BTC-29MAR19-3500-P,60.41,0.039,4.7,2,1551096984114,15986410,1167
2019-02-25 13:54:12.732,0.1,sell,3790.68,BTC-29MAR19-3500-P,61.59,0.0395,0.1,0,1551102852732,15988585,1168
2019-02-25 13:59:12.807,1.2,sell,3790.0,BTC-29MAR19-3500-P,61.64,0.0395,1.2,1,1551103152807,15988707,1169
2019-02-25 13:59:12.807,0.1,sell,3790.0,BTC-29MAR19-3500-P,61.64,0.0395,0.1,1,1551103152807,15988708,1170
2019-02-25 14:51:54.108,5.0,buy,3778.67,BTC-29MAR19-3500-P,61.77,0.040999999999999995,5.0,0,1551106314108,15990412,1171
2019-02-25 14:51:54.108,0.1,buy,3778.67,BTC-29MAR19-3500-P,61.77,0.040999999999999995,0.1,1,1551106314108,15990413,1172
2019-02-25 15:43:59.524,0.1,sell,3786.1,BTC-29MAR19-3500-P,62.04,0.04,0.1,2,1551109439524,15991467,1173
2019-02-25 15:54:28.960,0.2,sell,3789.8,BTC-29MAR19-3500-P,62.05,0.04,0.2,3,1551110068960,15991587,1174
2019-02-25 18:53:33.071,2.0,sell,3856.66,BTC-29MAR19-3500-P,63.62,0.036000000000000004,2.0,2,1551120813071,16004841,1175
2019-02-25 19:44:12.809,5.0,sell,3846.51,BTC-29MAR19-3500-P,60.76,0.034,5.0,2,1551123852809,16006454,1176
2019-02-25 19:44:12.809,50.0,sell,3846.51,BTC-29MAR19-3500-P,60.76,0.034,50.0,3,1551123852809,16006455,1177
2019-02-25 20:42:41.002,0.1,sell,3827.15,BTC-29MAR19-3500-P,60.86,0.0355,0.1,0,1551127361002,16009267,1178
2019-02-25 20:42:41.002,0.9,sell,3827.15,BTC-29MAR19-3500-P,60.86,0.0355,0.9,1,1551127361002,16009268,1179
2019-02-26 01:25:20.922,10.0,sell,3819.46,BTC-29MAR19-3500-P,62.14,0.037000000000000005,10.0,0,1551144320922,16013993,1180
2019-02-26 01:25:37.338,8.0,sell,3819.79,BTC-29MAR19-3500-P,61.17,0.036000000000000004,8.0,2,1551144337338,16013996,1181
2019-02-26 01:26:02.760,8.0,sell,3819.79,BTC-29MAR19-3500-P,61.64,0.0365,8.0,0,1551144362760,16014007,1182
2019-02-26 01:26:26.345,8.0,sell,3819.65,BTC-29MAR19-3500-P,61.19,0.036000000000000004,8.0,2,1551144386345,16014018,1183
2019-02-26 01:27:06.560,8.0,sell,3819.06,BTC-29MAR19-3500-P,61.19,0.036000000000000004,8.0,3,1551144426560,16014036,1184
2019-02-26 01:43:05.362,23.8,sell,3819.18,BTC-29MAR19-3500-P,60.56,0.0355,23.8,3,1551145385362,16014177,1187
2019-02-26 01:43:05.362,13.3,sell,3819.18,BTC-29MAR19-3500-P,60.56,0.0355,13.3,3,1551145385362,16014176,1186
2019-02-26 01:43:05.362,4.9,sell,3819.18,BTC-29MAR19-3500-P,60.56,0.0355,4.9,2,1551145385362,16014175,1185
2019-02-26 01:52:57.798,8.0,sell,3818.58,BTC-29MAR19-3500-P,60.72,0.0355,8.0,3,1551145977798,16014215,1188
2019-02-26 02:05:55.497,80.0,sell,3819.69,BTC-29MAR19-3500-P,60.75,0.0355,80.0,3,1551146755497,16014301,1189
2019-02-26 02:06:54.525,23.1,sell,3819.2,BTC-29MAR19-3500-P,60.75,0.0355,23.1,3,1551146814525,16014319,1190
2019-02-26 02:07:11.142,84.0,sell,3819.21,BTC-29MAR19-3500-P,60.75,0.0355,84.0,3,1551146831142,16014320,1191
2019-02-26 02:08:29.965,84.0,sell,3819.01,BTC-29MAR19-3500-P,60.76,0.0355,84.0,3,1551146909965,16014326,1192
2019-02-26 02:08:31.506,5.7,sell,3819.01,BTC-29MAR19-3500-P,60.77,0.0355,5.7,3,1551146911506,16014327,1193
2019-02-26 02:09:02.738,2.7,sell,3818.89,BTC-29MAR19-3500-P,60.74,0.0355,2.7,3,1551146942738,16014330,1194
2019-02-26 02:11:50.430,4.0,sell,3819.82,BTC-29MAR19-3500-P,60.77,0.0355,4.0,3,1551147110430,16014349,1195
2019-02-26 02:12:37.244,10.0,sell,3820.21,BTC-29MAR19-3500-P,60.78,0.0355,10.0,3,1551147157244,16014352,1196
2019-02-26 02:33:20.369,5.0,sell,3824.38,BTC-29MAR19-3500-P,60.18,0.0345,5.0,2,1551148400369,16014663,1197
2019-02-26 02:33:20.369,7.5,sell,3824.38,BTC-29MAR19-3500-P,60.18,0.0345,7.5,3,1551148400369,16014664,1198
2019-02-26 02:37:42.626,12.5,buy,3821.28,BTC-29MAR19-3500-P,60.96,0.0355,12.5,0,1551148662626,16014701,1199
2019-02-26 02:37:42.626,0.1,buy,3821.28,BTC-29MAR19-3500-P,60.96,0.0355,0.1,1,1551148662626,16014702,1200
2019-02-26 03:50:31.846,11.0,sell,3825.84,BTC-29MAR19-3500-P,60.11,0.0345,11.0,2,1551153031846,16015266,1201
2019-02-26 03:52:23.077,5.8,sell,3826.41,BTC-29MAR19-3500-P,59.69,0.034,5.8,3,1551153143077,16015280,1203
2019-02-26 03:52:23.077,5.0,sell,3826.41,BTC-29MAR19-3500-P,59.69,0.034,5.0,2,1551153143077,16015279,1202
2019-02-26 03:57:39.119,4.9,sell,3825.08,BTC-29MAR19-3500-P,59.12,0.0335,4.9,2,1551153459119,16015311,1204
2019-02-26 03:57:39.119,5.0,sell,3825.08,BTC-29MAR19-3500-P,59.12,0.0335,5.0,3,1551153459119,16015312,1205
2019-02-26 04:01:07.961,13.6,sell,3824.15,BTC-29MAR19-3500-P,59.52,0.034,13.6,0,1551153667961,16015335,1206
2019-02-26 04:01:07.967,4.7,buy,3824.15,BTC-29MAR19-3500-P,59.52,0.034,4.7,1,1551153667967,16015336,1207
2019-02-26 04:01:36.148,0.8,buy,3824.18,BTC-29MAR19-3500-P,59.56,0.034,0.8,1,1551153696148,16015355,1208
2019-02-26 04:01:37.991,4.2,buy,3824.18,BTC-29MAR19-3500-P,59.56,0.034,4.2,1,1551153697991,16015356,1209
2019-02-26 04:32:05.928,1.2,buy,3820.55,BTC-29MAR19-3500-P,59.36,0.034,1.2,1,1551155525928,16015588,1210
2019-02-26 04:32:19.525,9.8,buy,3820.75,BTC-29MAR19-3500-P,59.38,0.034,9.8,1,1551155539525,16015589,1211
2019-02-26 05:08:54.166,4.0,sell,3783.14,BTC-29MAR19-3500-P,58.81,0.0365,4.0,0,1551157734166,16018214,1212
2019-02-26 05:35:25.868,3.0,buy,3788.12,BTC-29MAR19-3500-P,63.2,0.0405,3.0,0,1551159325868,16019564,1213
2019-02-26 10:10:34.938,0.1,sell,3796.96,BTC-29MAR19-3500-P,61.12,0.0375,0.1,2,1551175834938,16026758,1214
2019-02-26 10:12:13.870,7.0,buy,3796.24,BTC-29MAR19-3500-P,61.73,0.038,7.0,1,1551175933870,16026773,1216
2019-02-26 10:12:13.870,10.0,buy,3796.24,BTC-29MAR19-3500-P,61.73,0.038,10.0,0,1551175933870,16026772,1215
2019-02-26 10:16:22.256,3.0,buy,3798.12,BTC-29MAR19-3500-P,61.87,0.038,3.0,1,1551176182256,16026816,1217
2019-02-26 15:25:04.696,0.1,buy,3805.87,BTC-29MAR19-3500-P,59.52,0.035,0.1,2,1551194704696,16034399,1218
2019-02-26 15:25:08.715,0.1,buy,3805.92,BTC-29MAR19-3500-P,59.53,0.035,0.1,3,1551194708715,16034400,1219
2019-02-26 15:25:12.749,0.1,buy,3805.9,BTC-29MAR19-3500-P,59.52,0.035,0.1,3,1551194712749,16034401,1220
2019-02-26 15:25:16.828,0.1,buy,3805.96,BTC-29MAR19-3500-P,59.53,0.035,0.1,3,1551194716828,16034402,1221
2019-02-26 15:25:19.477,0.1,buy,3805.96,BTC-29MAR19-3500-P,60.03,0.0355,0.1,0,1551194719477,16034404,1222
2019-02-26 15:48:48.664,0.1,sell,3809.18,BTC-29MAR19-3500-P,59.51,0.035,0.1,2,1551196128664,16035088,1223
2019-02-26 15:48:48.664,5.9,sell,3809.18,BTC-29MAR19-3500-P,58.51,0.034,5.9,2,1551196128664,16035089,1224
2019-02-26 15:54:25.087,0.1,sell,3810.02,BTC-29MAR19-3500-P,58.49,0.034,0.1,2,1551196465087,16035157,1226
2019-02-26 15:54:25.087,3.0,sell,3810.02,BTC-29MAR19-3500-P,57.99,0.0335,3.0,2,1551196465087,16035158,1227
2019-02-26 15:54:25.087,0.1,sell,3810.02,BTC-29MAR19-3500-P,59.49,0.035,0.1,0,1551196465087,16035156,1225
2019-02-26 16:00:31.419,5.9,sell,3808.74,BTC-29MAR19-3500-P,58.96,0.0345,5.9,1,1551196831419,16035221,1229
2019-02-26 16:00:31.419,0.1,sell,3808.74,BTC-29MAR19-3500-P,58.96,0.0345,0.1,0,1551196831419,16035220,1228
2019-02-26 17:30:44.463,4.3,sell,3791.44,BTC-29MAR19-3500-P,58.2,0.035,4.3,1,1551202244463,16037583,1231
2019-02-26 17:30:44.463,12.7,sell,3791.44,BTC-29MAR19-3500-P,58.2,0.035,12.7,0,1551202244463,16037582,1230
2019-02-26 22:02:16.969,0.1,buy,3789.39,BTC-29MAR19-3500-P,60.37,0.037000000000000005,0.1,0,1551218536969,16042955,1232
2019-02-27 03:26:38.977,0.1,buy,3799.6,BTC-29MAR19-3500-P,60.73,0.036000000000000004,0.1,2,1551237998977,16048054,1233
2019-02-27 09:24:02.242,0.5,buy,3808.94,BTC-29MAR19-3500-P,60.02,0.0345,0.5,2,1551259442242,16052469,1234
2019-02-27 09:24:18.364,0.4,sell,3808.67,BTC-29MAR19-3500-P,59.99,0.0345,0.4,3,1551259458364,16052495,1235
2019-02-27 10:00:23.461,1.0,buy,3808.86,BTC-29MAR19-3500-P,60.6,0.035,1.0,0,1551261623461,16052946,1236
2019-02-27 10:07:05.939,3.0,sell,3810.1,BTC-29MAR19-3500-P,60.28,0.0345,3.0,2,1551262025939,16053016,1237
2019-02-27 11:53:07.142,1.0,buy,3811.36,BTC-29MAR19-3500-P,59.29,0.0335,1.0,2,1551268387142,16054090,1238
2019-02-27 11:53:07.142,0.1,buy,3811.36,BTC-29MAR19-3500-P,59.29,0.0335,0.1,3,1551268387142,16054091,1239
2019-02-27 15:44:57.568,1.9,sell,3800.65,BTC-29MAR19-3500-P,58.21,0.033,1.9,3,1551282297568,16061876,1241
2019-02-27 15:44:57.568,0.1,sell,3800.65,BTC-29MAR19-3500-P,58.21,0.033,0.1,2,1551282297568,16061875,1240
2019-02-27 16:11:01.390,2.0,buy,3796.72,BTC-29MAR19-3500-P,60.36,0.0355,2.0,0,1551283861390,16062490,1242
2019-02-27 20:34:28.792,0.5,buy,3713.48,BTC-29MAR19-3500-P,57.43,0.039,0.5,0,1551299668792,16067687,1243
2019-02-27 20:34:32.762,7.3,buy,3706.78,BTC-29MAR19-3500-P,57.06,0.0395,7.3,0,1551299672762,16067866,1244
2019-02-27 20:34:32.943,0.2,buy,3706.78,BTC-29MAR19-3500-P,57.06,0.0395,0.2,1,1551299672943,16067872,1245
2019-02-27 20:34:34.265,2.5,buy,3706.86,BTC-29MAR19-3500-P,57.08,0.0395,2.5,1,1551299674265,16067894,1246
2019-02-27 20:35:10.448,10.0,buy,3697.56,BTC-29MAR19-3500-P,57.36,0.040999999999999995,10.0,0,1551299710448,16068646,1247
2019-02-27 20:35:10.448,0.3,buy,3697.56,BTC-29MAR19-3500-P,57.36,0.040999999999999995,0.3,1,1551299710448,16068647,1248
2019-02-27 20:35:18.653,0.1,buy,3687.28,BTC-29MAR19-3500-P,56.45,0.040999999999999995,0.1,1,1551299718653,16068927,1249
2019-02-27 20:35:18.732,0.1,buy,3687.28,BTC-29MAR19-3500-P,56.45,0.040999999999999995,0.1,1,1551299718732,16068933,1250
2019-02-27 20:37:47.247,0.5,sell,3716.92,BTC-29MAR19-3500-P,60.59,0.0425,0.5,0,1551299867247,16071768,1251
2019-02-27 20:38:43.808,0.2,sell,3727.91,BTC-29MAR19-3500-P,59.91,0.040999999999999995,0.2,2,1551299923808,16072553,1252
2019-02-27 20:39:00.471,0.4,buy,3737.37,BTC-29MAR19-3500-P,60.74,0.0405,0.4,2,1551299940471,16072749,1253
2019-02-27 20:39:00.824,0.3,buy,3735.47,BTC-29MAR19-3500-P,60.51,0.0405,0.3,3,1551299940824,16072754,1254
2019-02-27 20:40:04.563,0.5,buy,3735.19,BTC-29MAR19-3500-P,59.98,0.04,0.5,2,1551300004563,16073050,1255
2019-02-27 20:40:04.699,0.5,buy,3735.11,BTC-29MAR19-3500-P,59.98,0.04,0.5,3,1551300004699,16073052,1256
2019-02-27 20:40:04.796,0.6,buy,3735.11,BTC-29MAR19-3500-P,59.98,0.04,0.6,3,1551300004796,16073054,1257
2019-02-27 20:40:05.515,0.5,buy,3735.11,BTC-29MAR19-3500-P,59.98,0.04,0.5,3,1551300005515,16073063,1258
2019-02-27 20:40:16.904,0.5,buy,3734.44,BTC-29MAR19-3500-P,60.93,0.040999999999999995,0.5,0,1551300016904,16073099,1259
2019-02-27 20:40:21.919,0.5,buy,3731.1,BTC-29MAR19-3500-P,60.55,0.040999999999999995,0.5,1,1551300021919,16073127,1260
2019-02-27 20:41:03.321,2.4,buy,3720.54,BTC-29MAR19-3500-P,60.02,0.0415,2.4,0,1551300063321,16073507,1261
2019-02-27 20:42:26.783,6.0,sell,3711.48,BTC-29MAR19-3500-P,59.82,0.0425,6.0,0,1551300146783,16073890,1262
2019-02-27 20:44:52.671,4.7,buy,3723.92,BTC-29MAR19-3500-P,60.07,0.040999999999999995,4.7,2,1551300292671,16074847,1263
2019-02-27 20:45:12.637,1.5,sell,3716.05,BTC-29MAR19-3500-P,59.56,0.0415,1.5,0,1551300312637,16074986,1264
2019-02-27 20:45:12.842,0.5,sell,3716.05,BTC-29MAR19-3500-P,59.56,0.0415,0.5,1,1551300312842,16074988,1265
2019-02-27 20:51:23.215,0.5,sell,3719.38,BTC-29MAR19-3500-P,57.72,0.0395,0.5,2,1551300683215,16076564,1266
2019-02-27 20:59:55.172,10.0,sell,3723.52,BTC-29MAR19-3500-P,58.01,0.0395,10.0,3,1551301195172,16077166,1267
2019-02-27 21:05:19.036,4.5,sell,3723.68,BTC-29MAR19-3500-P,58.72,0.04,4.5,1,1551301519036,16077803,1269
2019-02-27 21:05:19.036,0.5,sell,3723.68,BTC-29MAR19-3500-P,58.72,0.04,0.5,0,1551301519036,16077802,1268
2019-02-27 21:05:29.980,5.0,sell,3724.07,BTC-29MAR19-3500-P,58.24,0.0395,5.0,2,1551301529980,16077823,1270
2019-02-27 21:06:50.715,10.7,sell,3718.97,BTC-29MAR19-3500-P,58.12,0.04,10.7,0,1551301610715,16077928,1271
2019-02-27 21:06:50.715,39.3,sell,3718.97,BTC-29MAR19-3500-P,57.64,0.0395,39.3,2,1551301610715,16077929,1272
2019-02-27 21:10:13.527,10.0,sell,3723.71,BTC-29MAR19-3500-P,58.34,0.0395,10.0,3,1551301813527,16078108,1273
2019-02-27 21:10:51.395,10.0,sell,3729.89,BTC-29MAR19-3500-P,59.89,0.0405,10.0,0,1551301851395,16078161,1274
2019-02-27 22:39:34.249,0.5,sell,3744.25,BTC-29MAR19-3500-P,57.25,0.0365,0.5,2,1551307174249,16082087,1275
2019-02-27 22:55:24.854,0.5,sell,3759.98,BTC-29MAR19-3500-P,58.71,0.0365,0.5,3,1551308124854,16083301,1276
2019-02-27 23:11:05.494,0.1,buy,3788.47,BTC-29MAR19-3500-P,59.79,0.035,0.1,3,1551309065494,16086180,1278
2019-02-27 23:11:05.494,0.5,buy,3788.47,BTC-29MAR19-3500-P,59.79,0.035,0.5,2,1551309065494,16086179,1277
2019-02-27 23:11:05.494,2.4,buy,3788.47,BTC-29MAR19-3500-P,60.29,0.0355,2.4,0,1551309065494,16086181,1279
2019-02-27 23:13:24.065,5.0,sell,3794.43,BTC-29MAR19-3500-P,59.31,0.034,5.0,2,1551309204065,16086463,1280
2019-02-27 23:13:40.031,2.5,sell,3795.73,BTC-29MAR19-3500-P,57.87,0.0325,2.5,2,1551309220031,16086540,1281
2019-02-27 23:13:40.038,1.1,sell,3795.73,BTC-29MAR19-3500-P,57.87,0.0325,1.1,3,1551309220038,16086541,1282
2019-02-27 23:13:40.055,2.2,sell,3795.73,BTC-29MAR19-3500-P,57.87,0.0325,2.2,3,1551309220055,16086542,1283
2019-02-27 23:13:40.066,3.0,sell,3795.73,BTC-29MAR19-3500-P,57.87,0.0325,3.0,3,1551309220066,16086543,1284
2019-02-27 23:13:40.196,1.4,sell,3795.73,BTC-29MAR19-3500-P,57.87,0.0325,1.4,3,1551309220196,16086544,1285
2019-02-27 23:13:40.199,3.1,sell,3795.73,BTC-29MAR19-3500-P,57.87,0.0325,3.1,3,1551309220199,16086545,1286
2019-02-27 23:13:42.048,0.6,buy,3797.57,BTC-29MAR19-3500-P,57.87,0.0325,0.6,3,1551309222048,16086588,1288
2019-02-27 23:13:42.048,5.6000000000000005,buy,3797.57,BTC-29MAR19-3500-P,57.87,0.0325,5.6000000000000005,3,1551309222048,16086590,1290
2019-02-27 23:13:42.048,0.2,buy,3797.57,BTC-29MAR19-3500-P,57.87,0.0325,0.2,3,1551309222048,16086587,1287
2019-02-27 23:13:42.048,1.2,buy,3797.57,BTC-29MAR19-3500-P,57.87,0.0325,1.2,3,1551309222048,16086589,1289
2019-02-28 02:19:43.527,0.1,sell,3806.94,BTC-29MAR19-3500-P,58.96,0.0325,0.1,3,1551320383527,16092650,1291
2019-02-28 06:38:37.803,0.1,buy,3804.86,BTC-29MAR19-3500-P,59.86,0.0335,0.1,0,1551335917803,16094781,1292
2019-02-28 06:48:21.592,0.1,sell,3804.76,BTC-29MAR19-3500-P,59.93,0.0335,0.1,1,1551336501592,16094909,1293
2019-02-28 06:48:21.922,0.1,sell,3804.76,BTC-29MAR19-3500-P,59.93,0.0335,0.1,1,1551336501922,16094910,1294
2019-02-28 07:09:10.525,5.0,buy,3800.62,BTC-29MAR19-3500-P,60.77,0.0345,5.0,0,1551337750525,16095068,1295
2019-02-28 08:55:18.199,1.2,sell,3814.64,BTC-29MAR19-3500-P,60.46,0.033,1.2,2,1551344118199,16096516,1296
2019-02-28 11:28:04.436,0.1,sell,3821.76,BTC-29MAR19-3500-P,59.56,0.0315,0.1,2,1551353284436,16101669,1297
2019-02-28 11:28:05.539,0.1,sell,3822.08,BTC-29MAR19-3500-P,59.56,0.0315,0.1,3,1551353285539,16101678,1298
2019-02-28 11:57:15.520,2.0,sell,3820.65,BTC-29MAR19-3500-P,59.02,0.031,2.0,2,1551355035520,16102097,1299
2019-02-28 12:24:10.677,1.0,buy,3823.39,BTC-29MAR19-3500-P,60.8,0.0325,1.0,0,1551356650677,16102542,1300
2019-02-28 12:27:57.687,1.0,buy,3821.6,BTC-29MAR19-3500-P,60.64,0.0325,1.0,1,1551356877687,16102600,1301
2019-02-28 12:46:36.610,5.0,sell,3818.85,BTC-29MAR19-3500-P,59.37,0.0315,5.0,2,1551357996610,16103212,1302
2019-02-28 15:25:06.906,2.0,sell,3826.43,BTC-29MAR19-3500-P,58.73,0.03,2.0,2,1551367506906,16106051,1303
2019-02-28 15:31:16.655,0.4,buy,3806.7,BTC-29MAR19-3500-P,59.59,0.0325,0.4,0,1551367876655,16107271,1304
2019-02-28 15:32:20.672,4.4,buy,3767.33,BTC-29MAR19-3500-P,58.96,0.035,4.4,1,1551367940672,16108723,1306
2019-02-28 15:32:20.672,0.5,buy,3767.33,BTC-29MAR19-3500-P,58.96,0.035,0.5,0,1551367940672,16108722,1305
2019-02-28 15:33:05.023,0.5,buy,3784.64,BTC-29MAR19-3500-P,59.87,0.034,0.5,2,1551367985023,16109850,1307
2019-02-28 15:33:25.639,0.5,buy,3794.78,BTC-29MAR19-3500-P,60.38,0.034,0.5,3,1551368005639,16110286,1308
2019-02-28 15:37:59.066,10.0,sell,3827.02,BTC-29MAR19-3500-P,59.09,0.0305,10.0,2,1551368279066,16112242,1309
2019-02-28 15:40:01.225,0.5,sell,3865.9,BTC-29MAR19-3500-P,59.46,0.028,0.5,2,1551368401225,16115657,1310
2019-02-28 15:48:27.486,10.0,buy,3850.77,BTC-29MAR19-3500-P,59.92,0.0295,10.0,0,1551368907486,16119257,1311
2019-02-28 23:22:38.549,13.5,buy,3793.56,BTC-29MAR19-3500-P,58.56,0.032,13.5,0,1551396158549,16140253,1312
2019-02-28 23:22:43.661,13.5,buy,3793.9,BTC-29MAR19-3500-P,58.59,0.032,13.5,1,1551396163661,16140261,1313
2019-03-01 00:14:59.846,5.0,sell,3796.14,BTC-29MAR19-3500-P,59.23,0.0325,5.0,0,1551399299846,16140835,1314
2019-03-01 00:53:11.110,13.7,sell,3797.66,BTC-29MAR19-3500-P,57.33,0.0305,13.7,3,1551401591110,16141019,1316
2019-03-01 00:53:11.110,13.0,sell,3797.66,BTC-29MAR19-3500-P,57.33,0.0305,13.0,2,1551401591110,16141018,1315
2019-03-01 07:27:29.799,0.1,buy,3796.28,BTC-29MAR19-3500-P,58.44,0.0315,0.1,0,1551425249799,16143707,1317
2019-03-01 07:27:29.799,5.9,buy,3796.28,BTC-29MAR19-3500-P,58.44,0.0315,5.9,1,1551425249799,16143708,1318
2019-03-01 08:48:27.829,2.0,buy,3809.41,BTC-29MAR19-3500-P,59.2,0.031,2.0,3,1551430107829,16145828,1320
2019-03-01 08:48:27.829,0.5,buy,3809.41,BTC-29MAR19-3500-P,59.2,0.031,0.5,2,1551430107829,16145827,1319
2019-03-01 10:57:37.979,5.0,buy,3814.77,BTC-29MAR19-3500-P,58.22,0.0295,5.0,2,1551437857979,16148701,1321
2019-03-01 13:47:44.406,10.0,buy,3814.19,BTC-29MAR19-3500-P,57.68,0.029,10.0,2,1551448064406,16150100,1322
2019-03-01 15:20:24.170,3.8,sell,3817.14,BTC-29MAR19-3500-P,56.76,0.028,3.8,3,1551453624170,16151356,1325
2019-03-01 15:20:24.170,1.0,sell,3817.14,BTC-29MAR19-3500-P,56.76,0.028,1.0,2,1551453624170,16151355,1324
2019-03-01 15:20:24.170,0.2,sell,3817.14,BTC-29MAR19-3500-P,57.31,0.0285,0.2,2,1551453624170,16151354,1323
2019-03-01 21:41:30.212,1.0,sell,3830.12,BTC-29MAR19-3500-P,56.38,0.026,1.0,2,1551476490212,16156548,1326
2019-03-01 22:11:09.365,4.0,sell,3839.26,BTC-29MAR19-3500-P,57.16,0.026,4.0,3,1551478269365,16157062,1327
2019-03-01 22:15:03.438,3.0,buy,3799.71,BTC-29MAR19-3500-P,57.29,0.029,3.0,0,1551478503438,16158286,1328
2019-03-01 22:16:11.101,3.0,buy,3826.51,BTC-29MAR19-3500-P,57.94,0.0275,3.0,2,1551478571101,16158767,1329
2019-03-01 22:16:25.640,3.0,buy,3827.3,BTC-29MAR19-3500-P,57.92,0.0275,3.0,3,1551478585640,16158787,1330
2019-03-01 22:16:31.665,3.0,buy,3827.02,BTC-29MAR19-3500-P,57.92,0.0275,3.0,3,1551478591665,16158794,1331
2019-03-01 23:09:57.700,1.0,buy,3806.9,BTC-29MAR19-3500-P,58.11,0.0295,1.0,0,1551481797700,16160043,1332
2019-03-01 23:11:34.151,3.0,buy,3807.84,BTC-29MAR19-3500-P,58.13,0.0295,3.0,1,1551481894151,16160068,1333
2019-03-02 02:04:22.531,1.0,buy,3815.15,BTC-29MAR19-3500-P,58.23,0.028999999999999998,1.0,2,1551492262531,16162684,1334
2019-03-02 11:56:48.167,0.3,buy,3811.98,BTC-29MAR19-3500-P,57.51,0.027999999999999997,0.3,2,1551527808167,16175020,1335
2019-03-02 11:57:07.456,0.7000000000000001,buy,3810.64,BTC-29MAR19-3500-P,57.99,0.0285,0.7000000000000001,0,1551527827456,16175026,1336
2019-03-02 11:59:13.410,3.0,buy,3809.9,BTC-29MAR19-3500-P,57.94,0.0285,3.0,1,1551527953410,16175104,1337
2019-03-02 12:20:23.129,5.0,buy,3806.4,BTC-29MAR19-3500-P,58.45,0.0295,5.0,0,1551529223129,16175410,1338
2019-03-02 13:45:12.577,4.5,buy,3813.57,BTC-29MAR19-3500-P,58.6,0.028999999999999998,4.5,0,1551534312577,16176400,1340
2019-03-02 13:45:12.577,0.5,buy,3813.57,BTC-29MAR19-3500-P,57.49,0.027999999999999997,0.5,2,1551534312577,16176399,1339
2019-03-02 13:59:00.152,2.0,buy,3809.75,BTC-29MAR19-3500-P,58.74,0.0295,2.0,0,1551535140152,16176529,1341
2019-03-02 13:59:05.440,2.0,sell,3809.75,BTC-29MAR19-3500-P,56.52,0.0275,2.0,2,1551535145440,16176530,1342
2019-03-03 04:34:19.771,0.5,buy,3809.95,BTC-29MAR19-3500-P,58.23,0.027999999999999997,0.5,0,1551587659771,16184938,1343
2019-03-03 05:17:39.366,3.0,buy,3807.92,BTC-29MAR19-3500-P,58.65,0.0285,3.0,0,1551590259366,16185126,1344
2019-03-03 09:32:58.446,3.0,buy,3806.23,BTC-29MAR19-3500-P,59.6,0.0295,3.0,0,1551605578446,16187656,1345
2019-03-03 09:33:01.814,2.0,buy,3806.23,BTC-29MAR19-3500-P,59.6,0.0295,2.0,1,1551605581814,16187657,1346
2019-03-03 10:34:48.669,5.0,buy,3809.74,BTC-29MAR19-3500-P,59.55,0.028999999999999998,5.0,2,1551609288669,16187984,1347
2019-03-03 13:52:48.377,5.3,buy,3809.98,BTC-29MAR19-3500-P,58.87,0.0285,5.3,2,1551621168377,16191455,1348
2019-03-03 14:06:29.908,0.1,buy,3807.93,BTC-29MAR19-3500-P,59.93,0.0295,0.1,0,1551621989908,16191772,1349
2019-03-03 21:22:50.043,0.1,buy,3791.56,BTC-29MAR19-3500-P,59.54,0.0305,0.1,0,1551648170043,16197919,1350
2019-03-03 23:37:56.485,2.0,buy,3783.99,BTC-29MAR19-3500-P,59.79,0.031,2.0,0,1551656276485,16200981,1351
2019-03-04 00:31:12.200,4.0,buy,3794.57,BTC-29MAR19-3500-P,59.27,0.0295,4.0,2,1551659472200,16202510,1352
2019-03-04 02:39:39.257,0.4,sell,3795.35,BTC-29MAR19-3500-P,58.3,0.0285,0.4,2,1551667179257,16203715,1353
2019-03-04 03:02:54.051,0.1,buy,3782.15,BTC-29MAR19-3500-P,57.86,0.029,0.1,1,1551668574051,16204159,1355
2019-03-04 03:02:54.051,0.2,buy,3782.15,BTC-29MAR19-3500-P,57.86,0.029,0.2,0,1551668574051,16204158,1354
2019-03-04 04:15:27.017,0.1,buy,3776.03,BTC-29MAR19-3500-P,59.94,0.0315,0.1,0,1551672927017,16206489,1356
2019-03-04 04:54:16.485,0.2,buy,3748.63,BTC-29MAR19-3500-P,60.08,0.034,0.2,0,1551675256485,16211850,1357
2019-03-04 05:19:23.173,5.0,buy,3701.38,BTC-29MAR19-3500-P,55.8,0.0345,5.0,0,1551676763173,16216244,1358
2019-03-04 05:19:35.276,1.0,buy,3696.12,BTC-29MAR19-3500-P,55.63,0.035,1.0,0,1551676775276,16216546,1359
2019-03-04 07:03:50.623,0.1,sell,3726.42,BTC-29MAR19-3500-P,57.04,0.033,0.1,2,1551683030623,16221097,1360
2019-03-04 09:36:23.807,0.6,sell,3718.61,BTC-29MAR19-3500-P,56.6,0.0335,0.6,0,1551692183807,16224510,1361
2019-03-04 09:36:23.807,0.9,sell,3718.61,BTC-29MAR19-3500-P,56.07,0.033,0.9,2,1551692183807,16224511,1362
2019-03-04 11:12:42.093,0.1,buy,3695.53,BTC-29MAR19-3500-P,57.37,0.0365,0.1,0,1551697962093,16232697,1363
2019-03-04 11:12:42.215,0.1,buy,3695.53,BTC-29MAR19-3500-P,57.37,0.0365,0.1,1,1551697962215,16232698,1364
2019-03-04 11:12:42.375,0.1,buy,3695.53,BTC-29MAR19-3500-P,57.37,0.0365,0.1,1,1551697962375,16232699,1365
2019-03-04 11:12:42.503,0.1,buy,3695.53,BTC-29MAR19-3500-P,57.37,0.0365,0.1,1,1551697962503,16232700,1366
2019-03-04 11:12:42.646,0.1,buy,3695.55,BTC-29MAR19-3500-P,57.38,0.0365,0.1,1,1551697962646,16232702,1367
2019-03-04 11:17:51.165,0.1,sell,3704.59,BTC-29MAR19-3500-P,57.32,0.0355,0.1,2,1551698271165,16233050,1368
2019-03-04 11:17:58.377,0.1,sell,3711.25,BTC-29MAR19-3500-P,56.92,0.0345,0.1,2,1551698278377,16233279,1369
2019-03-04 12:07:54.931,5.0,sell,3706.24,BTC-29MAR19-3500-P,55.32,0.033,5.0,3,1551701274931,16234701,1371
2019-03-04 12:07:54.931,5.0,sell,3706.24,BTC-29MAR19-3500-P,55.32,0.033,5.0,2,1551701274931,16234700,1370
2019-03-04 12:28:30.951,0.1,buy,3703.26,BTC-29MAR19-3500-P,57.11,0.035,0.1,0,1551702510951,16235009,1372
2019-03-04 12:28:47.512,2.0,buy,3703.43,BTC-29MAR19-3500-P,57.66,0.0355,2.0,0,1551702527512,16235011,1373
2019-03-04 12:31:02.884,1.0,buy,3703.32,BTC-29MAR19-3500-P,57.67,0.0355,1.0,1,1551702662884,16235029,1374
2019-03-04 13:08:50.024,0.9,buy,3695.25,BTC-29MAR19-3500-P,58.45,0.037000000000000005,0.9,1,1551704930024,16235799,1376
2019-03-04 13:08:50.024,0.1,buy,3695.25,BTC-29MAR19-3500-P,58.45,0.037000000000000005,0.1,0,1551704930024,16235798,1375
2019-03-04 13:15:10.708,1.0,buy,3692.74,BTC-29MAR19-3500-P,58.53,0.0375,1.0,0,1551705310708,16236061,1377
2019-03-04 13:15:26.232,0.6,buy,3692.61,BTC-29MAR19-3500-P,58.52,0.0375,0.6,1,1551705326232,16236067,1379
2019-03-04 13:15:26.232,0.4,buy,3692.61,BTC-29MAR19-3500-P,58.52,0.0375,0.4,1,1551705326232,16236066,1378
2019-03-04 13:15:26.235,0.1,sell,3692.61,BTC-29MAR19-3500-P,58.52,0.0375,0.1,1,1551705326235,16236068,1380
2019-03-04 15:04:41.600,1.0,sell,3714.62,BTC-29MAR19-3500-P,56.53,0.0335,1.0,2,1551711881600,16237860,1381
2019-03-04 15:05:33.960,0.6,sell,3714.62,BTC-29MAR19-3500-P,56.07,0.033,0.6,2,1551711933960,16237955,1382
2019-03-04 15:50:06.898,2.0,buy,3706.89,BTC-29MAR19-3500-P,56.71,0.0345,2.0,0,1551714606898,16238653,1383
2019-03-04 18:38:13.089,2.0,sell,3708.78,BTC-29MAR19-3500-P,55.5,0.033,2.0,2,1551724693089,16242125,1384
2019-03-04 18:40:24.262,2.0,buy,3708.77,BTC-29MAR19-3500-P,57.68,0.035,2.0,0,1551724824262,16242154,1386
2019-03-04 18:40:24.262,2.0,buy,3708.77,BTC-29MAR19-3500-P,57.14,0.0345,2.0,0,1551724824262,16242153,1385
2019-03-04 19:17:41.224,5.0,sell,3704.58,BTC-29MAR19-3500-P,55.69,0.0335,5.0,2,1551727061224,16242458,1387
2019-03-04 22:58:46.711,0.1,buy,3690.97,BTC-29MAR19-3500-P,57.36,0.036000000000000004,0.1,1,1551740326711,16245091,1390
2019-03-04 22:58:46.711,5.9,buy,3690.97,BTC-29MAR19-3500-P,57.36,0.036000000000000004,5.9,0,1551740326711,16245089,1388
2019-03-04 22:58:46.711,4.0,buy,3690.97,BTC-29MAR19-3500-P,57.36,0.036000000000000004,4.0,1,1551740326711,16245090,1389
2019-03-04 22:58:54.025,1.0,buy,3691.24,BTC-29MAR19-3500-P,57.93,0.0365,1.0,0,1551740334025,16245096,1391
2019-03-05 00:25:40.534,1.0,sell,3705.64,BTC-29MAR19-3500-P,55.82,0.033,1.0,2,1551745540534,16246661,1392
2019-03-05 03:08:40.193,0.1,buy,3697.97,BTC-29MAR19-3500-P,57.05,0.0345,0.1,0,1551755320193,16248104,1393
2019-03-05 03:08:58.933,0.1,buy,3696.91,BTC-29MAR19-3500-P,56.99,0.0345,0.1,1,1551755338933,16248110,1394
2019-03-05 03:09:03.741,0.1,buy,3697.98,BTC-29MAR19-3500-P,57.11,0.0345,0.1,1,1551755343741,16248111,1395
2019-03-05 03:09:06.733,0.1,buy,3698.0,BTC-29MAR19-3500-P,57.1,0.0345,0.1,1,1551755346733,16248112,1396
2019-03-05 03:09:14.353,0.1,buy,3697.83,BTC-29MAR19-3500-P,57.07,0.0345,0.1,1,1551755354353,16248114,1397
2019-03-05 03:09:17.798,0.1,buy,3697.42,BTC-29MAR19-3500-P,57.07,0.0345,0.1,1,1551755357798,16248115,1398
2019-03-05 03:09:20.273,0.1,buy,3696.99,BTC-29MAR19-3500-P,57.0,0.0345,0.1,1,1551755360273,16248117,1399
2019-03-05 03:09:22.934,0.1,buy,3696.99,BTC-29MAR19-3500-P,57.0,0.0345,0.1,1,1551755362934,16248131,1400
2019-03-05 03:33:57.738,0.5,sell,3697.31,BTC-29MAR19-3500-P,55.56,0.033,0.5,2,1551756837738,16248399,1401
2019-03-05 03:33:57.738,0.3,sell,3697.31,BTC-29MAR19-3500-P,55.56,0.033,0.3,3,1551756837738,16248400,1402
2019-03-05 04:33:43.679,11.3,sell,3701.67,BTC-29MAR19-3500-P,54.94,0.032,11.3,3,1551760423679,16249030,1404
2019-03-05 04:33:43.679,0.1,sell,3701.67,BTC-29MAR19-3500-P,54.94,0.032,0.1,2,1551760423679,16249029,1403
2019-03-05 04:33:50.231,4.0,sell,3701.4,BTC-29MAR19-3500-P,54.4,0.0315,4.0,2,1551760430231,16249031,1405
2019-03-05 04:33:50.231,0.1,sell,3701.4,BTC-29MAR19-3500-P,54.4,0.0315,0.1,3,1551760430231,16249033,1407
2019-03-05 04:33:50.231,5.0,sell,3701.4,BTC-29MAR19-3500-P,54.4,0.0315,5.0,3,1551760430231,16249032,1406
2019-03-05 06:47:25.555,11.6,sell,3711.3,BTC-29MAR19-3500-P,56.09,0.032,11.6,0,1551768445555,16250325,1408
2019-03-05 06:47:25.555,88.4,sell,3711.3,BTC-29MAR19-3500-P,55.55,0.0315,88.4,2,1551768445555,16250326,1409
2019-03-05 06:47:42.663,0.1,sell,3711.19,BTC-29MAR19-3500-P,55.55,0.0315,0.1,3,1551768462663,16250338,1411
2019-03-05 06:47:42.663,0.6,sell,3711.19,BTC-29MAR19-3500-P,55.55,0.0315,0.6,3,1551768462663,16250337,1410
