date_utc,amount,direction,indexPrice,instrument,iv,price,quantity,tickDirection,timeStamp,tradeId,tradeSeq
2019-02-14 02:26:39.281,4.4,buy,3581.33,BTC-29MAR19-3500-P,57.35,0.069,4.4,1,1550111199281,15352204,487
2019-02-14 02:53:08.494,0.1,buy,3575.02,BTC-29MAR19-3500-P,57.46,0.07,0.1,0,1550112788494,15352498,488
2019-02-14 02:56:01.056,1.0,buy,3574.55,BTC-29MAR19-3500-P,57.87,0.0705,1.0,0,1550112961056,15352532,489
2019-02-14 08:23:48.117,6.7,sell,3569.09,BTC-29MAR19-3500-P,56.94,0.07,6.7,2,1550132628117,15358954,490
2019-02-14 08:23:57.967,6.7,sell,3569.06,BTC-29MAR19-3500-P,56.96,0.07,6.7,3,1550132637967,15358955,491
2019-02-14 08:24:29.849,6.7,buy,3569.56,BTC-29MAR19-3500-P,56.99,0.07,6.7,3,1550132669849,15358960,492
2019-02-14 08:24:33.213,6.7,buy,3569.56,BTC-29MAR19-3500-P,56.99,0.07,6.7,3,1550132673213,15358961,493
2019-02-14 08:25:42.377,6.7,sell,3569.8,BTC-29MAR19-3500-P,56.61,0.0695,6.7,2,1550132742377,15358965,494
2019-02-14 08:25:57.271,6.7,sell,3569.8,BTC-29MAR19-3500-P,56.98,0.07,6.7,0,1550132757271,15358966,495
2019-02-14 08:25:59.923,6.7,sell,3569.8,BTC-29MAR19-3500-P,56.61,0.0695,6.7,2,1550132759923,15358967,496
2019-02-14 08:26:17.509,6.7,buy,3569.83,BTC-29MAR19-3500-P,56.67,0.0695,6.7,3,1550132777509,15359029,497
2019-02-14 16:01:40.262,2.0,sell,3572.12,BTC-29MAR19-3500-P,57.35,0.07,2.0,0,1550160100262,15370225,498
2019-02-15 00:06:23.883,1.0,sell,3566.55,BTC-29MAR19-3500-P,56.17,0.069,1.0,2,1550189183883,15376503,499
2019-02-15 01:19:49.792,0.1,buy,3565.42,BTC-29MAR19-3500-P,56.89,0.07,0.1,0,1550193589792,15376876,500
2019-02-15 06:04:40.233,0.1,sell,3576.19,BTC-29MAR19-3500-P,55.26,0.066,0.1,2,1550210680233,15380743,501
2019-02-15 06:05:46.961,0.1,sell,3575.67,BTC-29MAR19-3500-P,55.59,0.0665,0.1,0,1550210746961,15380750,502
2019-02-15 06:26:21.892,0.1,sell,3578.91,BTC-29MAR19-3500-P,55.61,0.066,0.1,2,1550211981892,15380910,503
2019-02-15 08:01:07.113,5.9,sell,3576.1,BTC-29MAR19-3500-P,55.66,0.066,5.9,3,1550217667113,15382325,505
2019-02-15 08:01:07.113,0.1,sell,3576.1,BTC-29MAR19-3500-P,55.66,0.066,0.1,3,1550217667113,15382324,504
2019-02-15 08:02:46.091,0.1,sell,3576.87,BTC-29MAR19-3500-P,55.53,0.0655,0.1,2,1550217766091,15382420,506
2019-02-15 08:59:48.722,5.0,sell,3575.66,BTC-29MAR19-3500-P,55.12,0.0655,5.0,3,1550221188722,15383055,507
2019-02-15 08:59:48.722,6.0,sell,3575.66,BTC-29MAR19-3500-P,55.12,0.0655,6.0,3,1550221188722,15383056,508
2019-02-15 10:24:43.908,0.1,sell,3576.37,BTC-29MAR19-3500-P,54.74,0.065,0.1,2,1550226283908,15383967,509
2019-02-15 10:24:43.908,0.9,sell,3576.37,BTC-29MAR19-3500-P,54.74,0.065,0.9,3,1550226283908,15383968,510
2019-02-15 10:41:54.346,0.1,sell,3576.88,BTC-29MAR19-3500-P,55.02,0.0655,0.1,0,1550227314346,15384179,511
2019-02-15 10:41:54.346,0.1,sell,3576.88,BTC-29MAR19-3500-P,54.64,0.065,0.1,2,1550227314346,15384180,512
2019-02-15 10:41:54.346,0.3,sell,3576.88,BTC-29MAR19-3500-P,54.64,0.065,0.3,3,1550227314346,15384181,513
2019-02-15 10:42:06.199,0.1,sell,3576.9,BTC-29MAR19-3500-P,55.02,0.0655,0.1,0,1550227326199,15384182,514
2019-02-15 10:42:17.622,0.1,sell,3577.27,BTC-29MAR19-3500-P,54.67,0.065,0.1,2,1550227337622,15384184,515
2019-02-15 10:42:17.622,0.4,sell,3577.27,BTC-29MAR19-3500-P,53.92,0.064,0.4,2,1550227337622,15384185,516
2019-02-15 12:35:14.911,0.1,buy,3579.93,BTC-29MAR19-3500-P,56.48,0.0665,0.1,0,1550234114911,15387104,517
2019-02-15 12:36:01.696,0.5,sell,3580.47,BTC-29MAR19-3500-P,55.1,0.0645,0.5,2,1550234161696,15387111,518
2019-02-15 14:22:37.958,0.1,buy,3583.78,BTC-29MAR19-3500-P,56.15,0.065,0.1,0,1550240557958,15391670,519
2019-02-15 14:22:40.454,0.2,buy,3583.28,BTC-29MAR19-3500-P,56.04,0.065,0.2,1,1550240560454,15391676,520
2019-02-15 14:23:01.845,0.2,buy,3569.76,BTC-29MAR19-3500-P,54.75,0.0655,0.2,0,1550240581845,15392036,521
2019-02-15 14:23:06.866,0.1,buy,3564.78,BTC-29MAR19-3500-P,56.37,0.0685,0.1,0,1550240586866,15392188,522
2019-02-15 15:35:39.792,0.1,buy,3550.48,BTC-29MAR19-3500-P,55.72,0.07,0.1,0,1550244939792,15398984,523
2019-02-15 15:36:36.128,0.1,buy,3551.14,BTC-29MAR19-3500-P,55.72,0.07,0.1,1,1550244996128,15399038,524
2019-02-15 23:04:49.749,0.1,buy,3564.8,BTC-29MAR19-3500-P,55.91,0.0675,0.1,2,1550271889749,15402710,525
2019-02-16 00:47:20.556,0.2,buy,3568.71,BTC-29MAR19-3500-P,55.93,0.0665,0.2,2,1550278040556,15403449,526
2019-02-16 01:04:11.335,0.5,sell,3574.3,BTC-29MAR19-3500-P,56.0,0.0655,0.5,2,1550279051335,15403965,527
2019-02-16 01:04:20.219,0.2,buy,3574.51,BTC-29MAR19-3500-P,55.63,0.065,0.2,2,1550279060219,15403968,528
2019-02-16 02:49:10.358,6.8,sell,3576.44,BTC-29MAR19-3500-P,56.1,0.066,6.8,0,1550285350358,15405070,529
2019-02-16 02:52:10.746,2.1,buy,3580.88,BTC-29MAR19-3500-P,56.02,0.065,2.1,2,1550285530746,15405280,530
2019-02-16 02:56:10.210,0.1,buy,3579.08,BTC-29MAR19-3500-P,56.94,0.0665,0.1,0,1550285770210,15405392,531
2019-02-16 10:05:47.251,0.1,buy,3585.94,BTC-29MAR19-3500-P,55.43,0.0625,0.1,2,1550311547251,15411339,532
2019-02-16 10:15:44.142,0.1,sell,3586.94,BTC-29MAR19-3500-P,55.07,0.062,0.1,2,1550312144142,15411386,533
2019-02-16 11:30:33.047,7.2,buy,3586.77,BTC-29MAR19-3500-P,55.04,0.062,7.2,3,1550316633047,15411910,534
2019-02-16 11:30:48.390,7.2,buy,3587.09,BTC-29MAR19-3500-P,55.08,0.062,7.2,3,1550316648390,15411915,535
2019-02-16 11:55:11.793,1.0,buy,3589.45,BTC-29MAR19-3500-P,55.49,0.062,1.0,3,1550318111793,15412104,536
2019-02-16 12:18:05.024,2.0,sell,3595.71,BTC-29MAR19-3500-P,54.21,0.0595,2.0,2,1550319485024,15412874,537
2019-02-16 12:28:59.671,8.0,buy,3575.67,BTC-29MAR19-3500-P,54.14,0.062,8.0,0,1550320139671,15414070,538
2019-02-16 12:29:00.109,1.6,buy,3575.67,BTC-29MAR19-3500-P,54.14,0.062,1.6,1,1550320140109,15414071,539
2019-02-16 17:31:14.611,0.1,sell,3588.65,BTC-29MAR19-3500-P,54.86,0.061,0.1,2,1550338274611,15421855,540
2019-02-16 17:31:14.611,0.2,sell,3588.65,BTC-29MAR19-3500-P,54.86,0.061,0.2,3,1550338274611,15421856,541
2019-02-16 17:31:14.611,49.7,sell,3588.65,BTC-29MAR19-3500-P,54.48,0.0605,49.7,2,1550338274611,15421857,542
2019-02-16 19:32:25.584,2.0,sell,3597.65,BTC-29MAR19-3500-P,54.37,0.0595,2.0,2,1550345545584,15422403,543
2019-02-16 23:38:22.779,1.0,buy,3586.16,BTC-29MAR19-3500-P,55.33,0.0625,1.0,0,1550360302779,15424638,544
2019-02-17 00:20:57.730,0.1,sell,3583.9,BTC-29MAR19-3500-P,53.85,0.0605,0.1,2,1550362857730,15425363,545
2019-02-17 04:09:27.365,0.1,buy,3587.9,BTC-29MAR19-3500-P,55.2,0.0615,0.1,0,1550376567365,15427305,546
2019-02-17 04:44:45.537,0.1,buy,3590.56,BTC-29MAR19-3500-P,56.34,0.0625,0.1,0,1550378685537,15427452,547
2019-02-17 04:58:16.602,4.9,sell,3596.94,BTC-29MAR19-3500-P,56.34,0.0615,4.9,2,1550379496602,15427792,548
2019-02-17 05:00:45.607,0.2,sell,3595.37,BTC-29MAR19-3500-P,54.49,0.059,0.2,2,1550379645607,15427846,549
2019-02-17 05:00:45.607,1.8,sell,3595.37,BTC-29MAR19-3500-P,54.49,0.059,1.8,3,1550379645607,15427847,550
2019-02-17 05:02:16.303,0.1,sell,3595.65,BTC-29MAR19-3500-P,54.47,0.059,0.1,3,1550379736303,15427868,551
2019-02-17 05:02:16.303,0.9,sell,3595.65,BTC-29MAR19-3500-P,54.47,0.059,0.9,3,1550379736303,15427869,552
2019-02-17 08:31:10.568,0.1,buy,3596.07,BTC-29MAR19-3500-P,56.46,0.0615,0.1,0,1550392270568,15429265,553
2019-02-17 08:33:35.668,0.2,buy,3596.29,BTC-29MAR19-3500-P,56.84,0.062,0.2,0,1550392415668,15429275,554
2019-02-17 09:48:25.660,0.2,buy,3599.4,BTC-29MAR19-3500-P,56.57,0.0615,0.2,2,1550396905660,15429593,555
2019-02-17 09:52:39.760,0.1,buy,3599.9,BTC-29MAR19-3500-P,56.94,0.062,0.1,0,1550397159760,15429607,556
2019-02-17 10:26:03.677,0.1,sell,3616.47,BTC-29MAR19-3500-P,57.08,0.0595,0.1,2,1550399163677,15430956,557
2019-02-17 10:26:06.536,0.1,sell,3617.88,BTC-29MAR19-3500-P,57.07,0.059,0.1,2,1550399166536,15431034,558
2019-02-17 10:27:53.514,0.2,buy,3654.18,BTC-29MAR19-3500-P,54.91,0.0525,0.2,2,1550399273514,15433496,559
2019-02-17 10:28:00.854,0.1,buy,3658.78,BTC-29MAR19-3500-P,56.05,0.053,0.1,0,1550399280854,15433821,560
2019-02-17 10:45:24.575,0.1,buy,3587.64,BTC-29MAR19-3500-P,56.29,0.062,0.1,0,1550400324575,15439562,561
2019-02-17 10:58:30.269,0.9,buy,3591.09,BTC-29MAR19-3500-P,57.14,0.0635,0.9,0,1550401110269,15442010,562
2019-02-17 11:00:30.994,0.1,buy,3585.54,BTC-29MAR19-3500-P,57.34,0.0645,0.1,0,1550401230994,15442186,563
2019-02-17 11:21:02.629,0.1,sell,3595.42,BTC-29MAR19-3500-P,55.51,0.0605,0.1,2,1550402462629,15442910,564
2019-02-17 12:43:22.263,0.1,buy,3572.44,BTC-29MAR19-3500-P,57.39,0.066,0.1,0,1550407402263,15445771,565
2019-02-17 13:06:54.123,0.2,buy,3563.89,BTC-29MAR19-3500-P,56.0,0.065,0.2,2,1550408814123,15446585,566
2019-02-17 13:19:13.329,0.1,buy,3564.01,BTC-29MAR19-3500-P,56.48,0.066,0.1,0,1550409553329,15447462,567
2019-02-17 13:27:06.459,5.8,buy,3564.8,BTC-29MAR19-3500-P,55.41,0.0645,5.8,2,1550410026459,15447590,568
2019-02-17 13:29:52.521,0.1,buy,3566.11,BTC-29MAR19-3500-P,55.61,0.0645,0.1,3,1550410192521,15447612,569
2019-02-17 14:49:03.819,0.1,sell,3575.42,BTC-29MAR19-3500-P,54.53,0.0615,0.1,2,1550414943819,15448882,570
2019-02-17 23:49:09.436,0.1,buy,3626.15,BTC-29MAR19-3500-P,56.07,0.057,0.1,2,1550447349436,15460766,571
2019-02-18 01:07:20.031,2.0,sell,3677.56,BTC-29MAR19-3500-P,56.18,0.05,2.0,2,1550452040031,15468780,572
2019-02-18 01:17:10.801,0.2,buy,3632.01,BTC-29MAR19-3500-P,55.78,0.0555,0.2,0,1550452630801,15476837,573
2019-02-18 01:41:20.851,0.2,sell,3646.43,BTC-29MAR19-3500-P,54.59,0.052,0.2,2,1550454080851,15479681,574
2019-02-18 01:41:20.853,1.8,buy,3646.43,BTC-29MAR19-3500-P,54.59,0.052,1.8,3,1550454080853,15479682,575
2019-02-18 01:46:07.047,0.1,buy,3647.06,BTC-29MAR19-3500-P,55.73,0.0535,0.1,0,1550454367047,15480064,576
2019-02-18 02:05:46.493,0.1,sell,3644.83,BTC-29MAR19-3500-P,54.45,0.0525,0.1,2,1550455546493,15481522,577
2019-02-18 02:36:45.732,0.1,sell,3660.85,BTC-29MAR19-3500-P,54.42,0.05,0.1,2,1550457405732,15483131,578
2019-02-18 02:46:57.957,3.0,sell,3669.91,BTC-29MAR19-3500-P,54.32,0.049,3.0,2,1550458017957,15483720,579
2019-02-18 02:49:36.243,0.1,buy,3669.1,BTC-29MAR19-3500-P,56.71,0.052,0.1,0,1550458176243,15483988,580
2019-02-18 02:50:33.974,0.2,buy,3665.91,BTC-29MAR19-3500-P,55.27,0.0505,0.2,2,1550458233974,15484091,581
2019-02-18 02:50:34.643,0.2,buy,3665.88,BTC-29MAR19-3500-P,55.27,0.0505,0.2,3,1550458234643,15484094,582
2019-02-18 02:50:42.929,0.2,buy,3666.64,BTC-29MAR19-3500-P,56.48,0.052,0.2,0,1550458242929,15484108,583
2019-02-18 06:26:45.925,2.0,sell,3692.76,BTC-29MAR19-3500-P,56.76,0.05,2.0,2,1550471205925,15495255,584
2019-02-18 06:26:53.975,0.2,buy,3692.95,BTC-29MAR19-3500-P,55.19,0.048,0.2,2,1550471213975,15495264,585
2019-02-18 06:27:28.256,0.2,buy,3693.15,BTC-29MAR19-3500-P,55.29,0.048,0.2,3,1550471248256,15495327,586
2019-02-18 06:35:04.331,0.1,buy,3690.62,BTC-29MAR19-3500-P,54.98,0.048,0.1,3,1550471704331,15496140,587
2019-02-18 06:54:18.951,0.2,buy,3693.34,BTC-29MAR19-3500-P,55.21,0.048,0.2,3,1550472858951,15496817,588
2019-02-18 06:54:28.578,0.2,buy,3693.34,BTC-29MAR19-3500-P,55.23,0.048,0.2,3,1550472868578,15496820,589
2019-02-18 06:54:34.400,0.2,buy,3693.34,BTC-29MAR19-3500-P,55.23,0.048,0.2,3,1550472874400,15496826,590
2019-02-18 06:54:44.597,0.2,buy,3693.44,BTC-29MAR19-3500-P,55.25,0.048,0.2,3,1550472884597,15496834,591
2019-02-18 06:55:16.212,0.2,buy,3695.38,BTC-29MAR19-3500-P,55.36,0.048,0.2,3,1550472916212,15496856,592
2019-02-18 06:57:26.800,0.1,sell,3696.72,BTC-29MAR19-3500-P,55.06,0.0475,0.1,2,1550473046800,15496949,593
2019-02-18 07:20:11.376,0.1,sell,3710.28,BTC-29MAR19-3500-P,55.06,0.0455,0.1,2,1550474411376,15499864,594
2019-02-18 07:27:29.925,0.2,buy,3722.74,BTC-29MAR19-3500-P,56.47,0.0455,0.2,3,1550474849925,15501198,595
2019-02-18 07:27:45.970,0.1,buy,3705.27,BTC-29MAR19-3500-P,56.61,0.048,0.1,0,1550474865970,15501780,596
2019-02-18 07:28:56.621,4.9,buy,3696.6,BTC-29MAR19-3500-P,56.4,0.0485,4.9,1,1550474936621,15502462,598
2019-02-18 07:28:56.621,0.1,buy,3696.6,BTC-29MAR19-3500-P,56.4,0.0485,0.1,0,1550474936621,15502461,597
2019-02-18 07:28:56.964,0.7000000000000001,buy,3696.6,BTC-29MAR19-3500-P,56.4,0.0485,0.7000000000000001,1,1550474936964,15502470,599
2019-02-18 07:28:57.145,0.3,buy,3696.6,BTC-29MAR19-3500-P,56.4,0.0485,0.3,1,1550474937145,15502472,600
2019-02-18 07:38:25.366,1.0,sell,3702.64,BTC-29MAR19-3500-P,55.28,0.0465,1.0,2,1550475505366,15503673,601
2019-02-18 07:45:14.204,0.1,sell,3699.66,BTC-29MAR19-3500-P,55.3,0.0465,0.1,3,1550475914204,15503842,602
2019-02-18 07:45:14.204,0.9,sell,3699.66,BTC-29MAR19-3500-P,55.3,0.0465,0.9,3,1550475914204,15503843,603
2019-02-18 07:52:36.814,0.1,buy,3689.46,BTC-29MAR19-3500-P,56.24,0.049,0.1,0,1550476356814,15504229,604
2019-02-18 07:52:36.814,0.3,buy,3689.46,BTC-29MAR19-3500-P,56.65,0.0495,0.3,0,1550476356814,15504230,605
2019-02-18 07:52:36.814,1.6,buy,3689.46,BTC-29MAR19-3500-P,57.06,0.05,1.6,0,1550476356814,15504231,606
2019-02-18 08:07:36.777,13.0,buy,3691.29,BTC-29MAR19-3500-P,57.68,0.0505,13.0,0,1550477256777,15504784,607
2019-02-18 08:09:05.347,0.1,sell,3691.44,BTC-29MAR19-3500-P,56.38,0.049,0.1,2,1550477345347,15504838,608
2019-02-18 08:09:05.347,0.3,sell,3691.44,BTC-29MAR19-3500-P,55.97,0.0485,0.3,2,1550477345347,15504839,609
2019-02-18 08:09:05.347,0.3,sell,3691.44,BTC-29MAR19-3500-P,55.97,0.0485,0.3,3,1550477345347,15504840,610
2019-02-18 08:09:05.347,0.2,sell,3691.44,BTC-29MAR19-3500-P,55.56,0.048,0.2,2,1550477345347,15504841,611
2019-02-18 08:09:05.347,0.1,sell,3691.44,BTC-29MAR19-3500-P,55.56,0.048,0.1,3,1550477345347,15504842,612
2019-02-18 08:12:01.051,4.0,sell,3689.84,BTC-29MAR19-3500-P,55.53,0.048,4.0,3,1550477521051,15504904,613
2019-02-18 08:19:15.266,5.0,sell,3690.22,BTC-29MAR19-3500-P,55.46,0.048,5.0,3,1550477955266,15505140,614
2019-02-18 08:38:34.977,1.0,sell,3697.97,BTC-29MAR19-3500-P,55.39,0.047,1.0,2,1550479114977,15505750,615
2019-02-18 08:45:20.886,0.1,sell,3706.17,BTC-29MAR19-3500-P,55.29,0.046,0.1,2,1550479520886,15505997,616
2019-02-18 08:52:23.507,0.1,buy,3705.15,BTC-29MAR19-3500-P,57.69,0.049,0.1,0,1550479943507,15506328,617
2019-02-18 09:29:32.024,0.1,sell,3703.62,BTC-29MAR19-3500-P,55.87,0.047,0.1,2,1550482172024,15507205,618
2019-02-18 09:34:04.134,0.2,sell,3703.76,BTC-29MAR19-3500-P,55.16,0.0465,0.2,2,1550482444134,15507298,619
2019-02-18 09:34:04.134,0.8,sell,3703.76,BTC-29MAR19-3500-P,55.16,0.0465,0.8,3,1550482444134,15507299,620
2019-02-18 09:58:06.712,0.2,buy,3702.43,BTC-29MAR19-3500-P,57.34,0.049,0.2,0,1550483886712,15508064,621
2019-02-18 09:58:06.712,0.2,buy,3702.43,BTC-29MAR19-3500-P,57.34,0.049,0.2,1,1550483886712,15508065,622
2019-02-18 09:58:06.712,0.2,buy,3702.43,BTC-29MAR19-3500-P,57.34,0.049,0.2,1,1550483886712,15508066,623
2019-02-18 09:58:06.712,0.1,buy,3702.43,BTC-29MAR19-3500-P,57.34,0.049,0.1,1,1550483886712,15508067,624
2019-02-18 10:23:00.541,0.1,sell,3699.24,BTC-29MAR19-3500-P,57.38,0.0495,0.1,0,1550485380541,15509552,625
2019-02-18 10:23:18.984,0.1,sell,3699.96,BTC-29MAR19-3500-P,57.43,0.0495,0.1,1,1550485398984,15509561,626
2019-02-18 10:53:31.298,0.1,sell,3684.92,BTC-29MAR19-3500-P,54.87,0.048,0.1,2,1550487211298,15510769,627
2019-02-18 11:24:45.403,0.2,sell,3696.75,BTC-29MAR19-3500-P,56.74,0.0485,0.2,0,1550489085403,15511490,628
2019-02-18 11:27:12.689,0.3,sell,3694.2,BTC-29MAR19-3500-P,56.34,0.0485,0.3,1,1550489232689,15511610,629
2019-02-18 11:36:03.113,0.1,sell,3694.48,BTC-29MAR19-3500-P,56.29,0.0485,0.1,1,1550489763113,15511769,630
2019-02-18 11:38:18.080,0.1,sell,3701.57,BTC-29MAR19-3500-P,56.85,0.0485,0.1,1,1550489898080,15511896,631
2019-02-18 11:47:30.714,0.2,sell,3701.92,BTC-29MAR19-3500-P,57.15,0.0485,0.2,1,1550490450714,15512212,632
2019-02-18 11:47:42.397,0.1,sell,3701.19,BTC-29MAR19-3500-P,57.05,0.0485,0.1,1,1550490462397,15512232,633
2019-02-18 12:27:04.720,0.1,sell,3705.61,BTC-29MAR19-3500-P,55.33,0.046,0.1,2,1550492824720,15515821,634
2019-02-18 12:35:39.035,0.1,sell,3717.27,BTC-29MAR19-3500-P,55.77,0.0455,0.1,2,1550493339035,15516226,635
2019-02-18 12:49:42.704,50.0,sell,3722.05,BTC-29MAR19-3500-P,55.64,0.045,50.0,2,1550494182704,15517745,636
2019-02-18 12:53:40.709,5.2,sell,3723.73,BTC-29MAR19-3500-P,55.11,0.044,5.2,2,1550494420709,15518035,637
2019-02-18 13:03:54.478,0.1,buy,3724.27,BTC-29MAR19-3500-P,56.18,0.045,0.1,0,1550495034478,15520790,638
2019-02-18 13:18:27.946,0.1,sell,3735.17,BTC-29MAR19-3500-P,54.96,0.043,0.1,2,1550495907946,15521809,639
2019-02-18 13:20:25.187,1.8,sell,3739.17,BTC-29MAR19-3500-P,54.57,0.042,1.8,2,1550496025187,15522136,640
2019-02-18 13:21:14.860,0.1,buy,3744.89,BTC-29MAR19-3500-P,56.68,0.044,0.1,0,1550496074860,15522448,641
2019-02-18 13:22:12.006,0.1,sell,3749.01,BTC-29MAR19-3500-P,54.59,0.041,0.1,2,1550496132006,15522800,642
2019-02-18 13:22:13.406,0.1,sell,3749.28,BTC-29MAR19-3500-P,54.73,0.041,0.1,3,1550496133406,15522811,643
2019-02-18 13:22:34.738,0.1,sell,3761.2,BTC-29MAR19-3500-P,55.31,0.0405,0.1,2,1550496154738,15523265,644
2019-02-18 13:22:55.748,0.1,buy,3762.8,BTC-29MAR19-3500-P,56.7,0.042,0.1,0,1550496175748,15523649,645
2019-02-18 13:24:05.641,0.1,buy,3753.51,BTC-29MAR19-3500-P,56.13,0.0425,0.1,0,1550496245641,15524268,646
2019-02-18 13:26:11.767,0.3,buy,3749.2,BTC-29MAR19-3500-P,56.69,0.0435,0.3,0,1550496371767,15524740,647
2019-02-18 13:26:14.459,0.1,sell,3749.13,BTC-29MAR19-3500-P,54.56,0.041,0.1,2,1550496374459,15524744,648
2019-02-18 13:29:30.102,0.1,sell,3776.65,BTC-29MAR19-3500-P,55.5,0.0395,0.1,2,1550496570102,15525897,649
2019-02-18 13:38:03.483,0.1,buy,3767.21,BTC-29MAR19-3500-P,57.19,0.0425,0.1,0,1550497083483,15528250,650
2019-02-18 13:38:34.695,0.1,sell,3764.37,BTC-29MAR19-3500-P,54.96,0.04,0.1,2,1550497114695,15528573,651
2019-02-18 13:38:47.918,0.1,buy,3767.17,BTC-29MAR19-3500-P,56.93,0.042,0.1,0,1550497127918,15528629,652
2019-02-18 13:39:01.937,0.1,sell,3767.02,BTC-29MAR19-3500-P,55.1,0.04,0.1,2,1550497141937,15528772,653
2019-02-18 13:41:51.618,0.1,sell,3786.99,BTC-29MAR19-3500-P,55.1,0.0385,0.1,2,1550497311618,15529538,654
2019-02-18 13:45:50.618,0.1,sell,3793.93,BTC-29MAR19-3500-P,55.3,0.038,0.1,2,1550497550618,15530948,655
2019-02-18 13:49:48.341,0.1,sell,3795.5,BTC-29MAR19-3500-P,55.66,0.038,0.1,3,1550497788341,15532529,656
2019-02-18 13:56:17.114,0.1,sell,3815.59,BTC-29MAR19-3500-P,55.19,0.036,0.1,2,1550498177114,15534553,657
2019-02-18 14:05:53.317,0.1,sell,3797.33,BTC-29MAR19-3500-P,54.87,0.037,0.1,0,1550498753317,15536999,658
2019-02-18 14:18:15.659,0.1,sell,3813.79,BTC-29MAR19-3500-P,54.95,0.0355,0.1,2,1550499495659,15539203,659
2019-02-18 14:21:40.952,0.3,buy,3815.04,BTC-29MAR19-3500-P,57.27,0.038,0.3,0,1550499700952,15539712,660
2019-02-18 14:23:53.731,0.1,sell,3817.32,BTC-29MAR19-3500-P,55.27,0.0355,0.1,2,1550499833731,15539950,661
2019-02-18 14:42:03.794,0.3,sell,3807.49,BTC-29MAR19-3500-P,54.7,0.0355,0.3,3,1550500923794,15542637,662
2019-02-18 14:53:15.825,0.1,buy,3801.72,BTC-29MAR19-3500-P,56.93,0.0385,0.1,0,1550501595825,15543427,663
2019-02-18 14:53:15.985,0.2,buy,3801.72,BTC-29MAR19-3500-P,57.38,0.039,0.2,0,1550501595985,15543428,664
2019-02-18 15:25:58.200,5.5,sell,3796.89,BTC-29MAR19-3500-P,55.3,0.037,5.5,2,1550503558200,15545772,665
2019-02-18 15:37:25.636,0.1,buy,3793.71,BTC-29MAR19-3500-P,57.09,0.0395,0.1,0,1550504245636,15546489,666
2019-02-18 16:02:13.653,0.2,buy,3812.77,BTC-29MAR19-3500-P,56.89,0.0375,0.2,2,1550505733653,15547392,667
2019-02-18 16:06:17.268,0.2,buy,3829.93,BTC-29MAR19-3500-P,55.97,0.035,0.2,2,1550505977268,15548174,668
2019-02-18 16:06:35.273,0.2,buy,3826.1,BTC-29MAR19-3500-P,56.93,0.0365,0.2,0,1550505995273,15548349,669
2019-02-18 16:06:56.016,0.3,buy,3825.84,BTC-29MAR19-3500-P,56.96,0.0365,0.3,1,1550506016016,15548397,670
2019-02-18 16:07:39.071,0.2,buy,3830.31,BTC-29MAR19-3500-P,56.96,0.036,0.2,2,1550506059071,15548500,671
2019-02-18 16:08:12.181,0.2,buy,3833.59,BTC-29MAR19-3500-P,56.59,0.0355,0.2,2,1550506092181,15548776,672
2019-02-18 16:08:18.472,0.1,buy,3827.85,BTC-29MAR19-3500-P,56.64,0.036,0.1,0,1550506098472,15548841,673
2019-02-18 16:08:30.963,0.2,buy,3826.31,BTC-29MAR19-3500-P,56.94,0.0365,0.2,0,1550506110963,15548873,674
2019-02-18 16:09:43.947,0.2,buy,3814.86,BTC-29MAR19-3500-P,55.74,0.036,0.2,2,1550506183947,15549153,675
2019-02-18 16:09:59.172,0.2,buy,3813.77,BTC-29MAR19-3500-P,56.22,0.0365,0.2,0,1550506199172,15549212,676
2019-02-18 16:14:39.171,0.1,sell,3827.44,BTC-29MAR19-3500-P,55.15,0.0345,0.1,2,1550506479171,15549605,677
2019-02-18 16:26:43.262,0.1,sell,3868.34,BTC-29MAR19-3500-P,52.91,0.0285,0.1,2,1550507203262,15552808,678
2019-02-18 16:26:43.748,0.2,sell,3868.88,BTC-29MAR19-3500-P,52.91,0.0285,0.2,3,1550507203748,15552814,679
2019-02-18 16:31:33.837,0.1,buy,3887.96,BTC-29MAR19-3500-P,55.97,0.0305,0.1,0,1550507493837,15555028,680
2019-02-18 16:33:46.401,0.1,sell,3891.33,BTC-29MAR19-3500-P,53.5,0.0275,0.1,2,1550507626401,15555839,681
2019-02-18 16:34:46.905,0.1,sell,3901.96,BTC-29MAR19-3500-P,53.95,0.027,0.1,2,1550507686905,15556789,682
2019-02-18 16:35:06.366,0.1,sell,3911.58,BTC-29MAR19-3500-P,54.06,0.0265,0.1,2,1550507706366,15557058,683
2019-02-18 16:37:03.348,0.1,buy,3892.11,BTC-29MAR19-3500-P,56.63,0.0305,0.1,0,1550507823348,15558120,684
2019-02-18 16:40:33.586,0.1,buy,3892.8,BTC-29MAR19-3500-P,56.51,0.0305,0.1,1,1550508033586,15558911,685
2019-02-18 16:42:26.953,0.2,sell,3894.64,BTC-29MAR19-3500-P,54.86,0.0285,0.2,2,1550508146953,15559177,686
2019-02-18 16:43:25.976,0.1,buy,3883.48,BTC-29MAR19-3500-P,56.27,0.031,0.1,0,1550508205976,15559371,687
2019-02-18 16:43:39.600,3.3000000000000003,sell,3880.3,BTC-29MAR19-3500-P,54.7,0.0295,3.3000000000000003,2,1550508219600,15559500,688
2019-02-18 16:44:53.301,0.1,sell,3853.86,BTC-29MAR19-3500-P,54.33,0.0305,0.1,0,1550508293301,15561393,689
2019-02-18 16:44:53.433,0.1,sell,3853.86,BTC-29MAR19-3500-P,54.33,0.0305,0.1,1,1550508293433,15561394,690
2019-02-18 16:49:48.078,0.1,sell,3870.7,BTC-29MAR19-3500-P,55.69,0.031,0.1,0,1550508588078,15563390,691
2019-02-18 16:53:14.877,0.2,sell,3869.77,BTC-29MAR19-3500-P,55.49,0.031,0.2,1,1550508794877,15563954,692
2019-02-18 16:53:16.092,0.2,sell,3869.56,BTC-29MAR19-3500-P,55.47,0.031,0.2,1,1550508796092,15563958,693
2019-02-18 16:54:52.946,0.2,buy,3874.21,BTC-29MAR19-3500-P,56.27,0.0315,0.2,0,1550508892946,15564124,694
2019-02-18 16:55:09.572,0.2,sell,3876.21,BTC-29MAR19-3500-P,55.47,0.0305,0.2,2,1550508909572,15564148,695
2019-02-18 17:02:46.749,0.1,buy,3848.91,BTC-29MAR19-3500-P,56.29,0.0335,0.1,0,1550509366749,15566287,696
2019-02-18 17:08:40.982,0.1,sell,3852.16,BTC-29MAR19-3500-P,57.48,0.0345,0.1,0,1550509720982,15567560,697
2019-02-18 17:24:55.667,0.1,buy,3863.18,BTC-29MAR19-3500-P,59.95,0.0365,0.1,0,1550510695667,15569303,698
2019-02-18 17:26:30.966,0.1,sell,3867.62,BTC-29MAR19-3500-P,57.65,0.0335,0.1,2,1550510790966,15569532,699
2019-02-18 17:34:36.850,0.1,buy,3857.03,BTC-29MAR19-3500-P,59.81,0.037,0.1,0,1550511276850,15570000,700
2019-02-18 17:59:32.432,0.2,sell,3867.28,BTC-29MAR19-3500-P,57.37,0.0335,0.2,2,1550512772432,15571163,701
2019-02-18 18:12:33.984,0.1,sell,3879.98,BTC-29MAR19-3500-P,57.36,0.0325,0.1,2,1550513553984,15571655,702
2019-02-18 18:12:40.545,0.1,sell,3886.41,BTC-29MAR19-3500-P,57.77,0.0325,0.1,3,1550513560545,15571823,703
2019-02-18 18:26:43.374,0.1,sell,3894.45,BTC-29MAR19-3500-P,58.03,0.032,0.1,2,1550514403374,15573068,704
2019-02-18 19:46:16.036,0.1,buy,3874.85,BTC-29MAR19-3500-P,59.95,0.0355,0.1,0,1550519176036,15576796,705
2019-02-18 19:55:43.594,0.1,buy,3871.83,BTC-29MAR19-3500-P,59.9,0.0355,0.1,1,1550519743594,15577231,706
2019-02-18 20:00:58.196,0.1,buy,3863.52,BTC-29MAR19-3500-P,59.82,0.036,0.1,0,1550520058196,15577592,707
2019-02-18 20:16:16.355,0.1,buy,3857.24,BTC-29MAR19-3500-P,59.32,0.036,0.1,1,1550520976355,15578560,708
2019-02-18 21:47:14.226,0.1,buy,3859.51,BTC-29MAR19-3500-P,59.59,0.036,0.1,1,1550526434226,15581706,709
2019-02-18 22:01:05.480,0.1,buy,3850.49,BTC-29MAR19-3500-P,59.72,0.037,0.1,0,1550527265480,15582128,710
2019-02-18 22:05:56.093,0.2,sell,3840.91,BTC-29MAR19-3500-P,58.19,0.036,0.2,2,1550527556093,15582558,711
2019-02-18 22:06:09.009,0.2,sell,3840.28,BTC-29MAR19-3500-P,58.15,0.036,0.2,3,1550527569009,15582604,712
2019-02-18 22:06:17.620,0.2,buy,3840.31,BTC-29MAR19-3500-P,57.24,0.035,0.2,2,1550527577620,15582611,713
2019-02-18 22:06:23.313,0.2,sell,3840.4,BTC-29MAR19-3500-P,57.71,0.0355,0.2,0,1550527583313,15582612,714
2019-02-18 22:07:48.144,0.2,buy,3835.65,BTC-29MAR19-3500-P,57.8,0.036,0.2,0,1550527668144,15582852,715
2019-02-18 22:12:11.886,0.2,buy,3849.65,BTC-29MAR19-3500-P,58.49,0.0355,0.2,2,1550527931886,15583260,716
2019-02-18 22:12:11.886,0.2,buy,3849.65,BTC-29MAR19-3500-P,58.49,0.0355,0.2,3,1550527931886,15583261,717
2019-02-18 22:12:11.886,0.2,buy,3849.65,BTC-29MAR19-3500-P,58.49,0.0355,0.2,3,1550527931886,15583262,718
2019-02-18 22:12:11.886,3.0,buy,3849.65,BTC-29MAR19-3500-P,59.88,0.037,3.0,0,1550527931886,15583263,719
2019-02-18 22:12:11.886,0.2,buy,3849.65,BTC-29MAR19-3500-P,59.88,0.037,0.2,1,1550527931886,15583264,720
2019-02-18 22:12:11.886,2.0,buy,3849.65,BTC-29MAR19-3500-P,61.25,0.0385,2.0,0,1550527931886,15583265,721
2019-02-18 22:12:11.886,0.2,buy,3849.65,BTC-29MAR19-3500-P,61.25,0.0385,0.2,1,1550527931886,15583266,722
2019-02-18 22:12:34.653,0.2,buy,3850.05,BTC-29MAR19-3500-P,59.39,0.0365,0.2,2,1550527954653,15583280,723
2019-02-18 22:18:07.673,1.0,sell,3856.92,BTC-29MAR19-3500-P,57.87,0.0345,1.0,2,1550528287673,15583776,724
2019-02-18 22:19:22.333,0.2,buy,3856.58,BTC-29MAR19-3500-P,59.25,0.036,0.2,0,1550528362333,15583833,725
2019-02-18 22:27:28.032,0.2,buy,3851.07,BTC-29MAR19-3500-P,59.83,0.037,0.2,0,1550528848032,15584300,726
2019-02-18 22:27:28.188,0.2,buy,3851.07,BTC-29MAR19-3500-P,60.29,0.0375,0.2,0,1550528848188,15584301,727
2019-02-18 22:40:08.289,0.2,sell,3849.74,BTC-29MAR19-3500-P,58.78,0.0355,0.2,2,1550529608289,15584681,728
2019-02-18 23:16:48.813,0.1,buy,3870.62,BTC-29MAR19-3500-P,59.91,0.0355,0.1,3,1550531808813,15585824,729
2019-02-18 23:17:28.214,0.1,buy,3870.28,BTC-29MAR19-3500-P,59.91,0.0355,0.1,3,1550531848214,15585849,730
2019-02-18 23:17:28.214,0.1,buy,3870.28,BTC-29MAR19-3500-P,60.37,0.036,0.1,0,1550531848214,15585850,731
2019-02-18 23:32:41.279,0.1,buy,3858.42,BTC-29MAR19-3500-P,59.49,0.036,0.1,1,1550532761279,15586404,732
2019-02-18 23:32:41.279,0.1,buy,3858.42,BTC-29MAR19-3500-P,59.96,0.0365,0.1,0,1550532761279,15586405,733
2019-02-18 23:32:41.289,0.1,buy,3858.42,BTC-29MAR19-3500-P,59.96,0.0365,0.1,1,1550532761289,15586406,734
2019-02-19 00:04:54.163,0.2,sell,3885.6,BTC-29MAR19-3500-P,59.14,0.033,0.2,2,1550534694163,15587895,735
2019-02-19 00:05:06.263,0.2,buy,3892.12,BTC-29MAR19-3500-P,59.64,0.033,0.2,3,1550534706263,15588026,736
2019-02-19 00:05:15.799,0.2,buy,3892.78,BTC-29MAR19-3500-P,61.54,0.035,0.2,0,1550534715799,15588108,737
2019-02-19 00:19:16.124,0.1,sell,3896.85,BTC-29MAR19-3500-P,60.0,0.033,0.1,2,1550535556124,15589318,738
2019-02-19 00:20:36.883,0.1,sell,3904.43,BTC-29MAR19-3500-P,60.39,0.033,0.1,3,1550535636883,15589652,739
2019-02-19 00:20:40.125,5.0,sell,3904.67,BTC-29MAR19-3500-P,60.45,0.033,5.0,3,1550535640125,15589656,740
2019-02-19 00:23:31.482,0.1,sell,3892.27,BTC-29MAR19-3500-P,60.22,0.0335,0.1,0,1550535811482,15590124,741
2019-02-19 00:38:26.598,0.1,sell,3932.14,BTC-29MAR19-3500-P,60.83,0.0315,0.1,2,1550536706598,15592158,742
2019-02-19 00:38:26.844,0.1,sell,3932.14,BTC-29MAR19-3500-P,60.83,0.0315,0.1,3,1550536706844,15592166,743
2019-02-19 00:38:29.985,0.2,buy,3933.91,BTC-29MAR19-3500-P,61.72,0.032,0.2,0,1550536709985,15592234,744
2019-02-19 00:38:38.650,0.2,sell,3939.2,BTC-29MAR19-3500-P,61.6,0.0315,0.2,2,1550536718650,15592343,745
2019-02-19 00:38:50.182,0.2,sell,3944.68,BTC-29MAR19-3500-P,62.05,0.0315,0.2,3,1550536730182,15592589,746
2019-02-19 00:39:00.316,0.2,buy,3939.36,BTC-29MAR19-3500-P,62.64,0.0325,0.2,0,1550536740316,15592796,747
2019-02-19 00:39:41.303,0.1,sell,3928.96,BTC-29MAR19-3500-P,62.26,0.033,0.1,0,1550536781303,15593131,748
2019-02-19 00:39:44.240,0.1,sell,3928.91,BTC-29MAR19-3500-P,62.21,0.033,0.1,1,1550536784240,15593206,749
2019-02-19 00:40:13.746,0.2,buy,3929.86,BTC-29MAR19-3500-P,62.39,0.033,0.2,1,1550536813746,15593379,750
2019-02-19 00:41:01.342,0.2,buy,3937.02,BTC-29MAR19-3500-P,62.57,0.0325,0.2,2,1550536861342,15593596,751
2019-02-19 00:41:12.299,0.2,buy,3935.09,BTC-29MAR19-3500-P,62.43,0.0325,0.2,3,1550536872299,15593672,752
2019-02-19 00:41:19.361,0.2,buy,3936.48,BTC-29MAR19-3500-P,62.5,0.0325,0.2,3,1550536879361,15593687,753
2019-02-19 00:41:42.455,0.2,buy,3935.22,BTC-29MAR19-3500-P,62.85,0.033,0.2,0,1550536902455,15593740,754
2019-02-19 00:41:49.441,0.2,sell,3934.76,BTC-29MAR19-3500-P,62.79,0.033,0.2,1,1550536909441,15593752,755
2019-02-19 00:42:02.087,0.2,buy,3935.33,BTC-29MAR19-3500-P,62.78,0.033,0.2,1,1550536922087,15593789,756
2019-02-19 00:42:11.766,0.2,buy,3937.16,BTC-29MAR19-3500-P,62.91,0.033,0.2,1,1550536931766,15593810,757
2019-02-19 00:42:22.413,0.2,buy,3937.39,BTC-29MAR19-3500-P,62.88,0.033,0.2,1,1550536942413,15593824,758
2019-02-19 00:42:23.408,0.2,sell,3937.39,BTC-29MAR19-3500-P,62.88,0.033,0.2,1,1550536943408,15593826,759
2019-02-19 00:42:40.366,0.2,buy,3933.78,BTC-29MAR19-3500-P,63.13,0.0335,0.2,0,1550536960366,15593880,760
2019-02-19 00:42:42.093,9.8,sell,3933.48,BTC-29MAR19-3500-P,63.13,0.0335,9.8,1,1550536962093,15593901,761
2019-02-19 00:42:45.616,0.3,buy,3930.45,BTC-29MAR19-3500-P,63.36,0.034,0.3,0,1550536965616,15593926,762
2019-02-19 00:44:47.677,0.1,sell,3954.56,BTC-29MAR19-3500-P,61.48,0.0305,0.1,2,1550537087677,15594766,763
2019-02-19 00:44:50.492,0.1,buy,3955.4,BTC-29MAR19-3500-P,64.12,0.033,0.1,0,1550537090492,15594797,764
2019-02-19 00:45:29.578,0.1,buy,3946.67,BTC-29MAR19-3500-P,63.9,0.0335,0.1,0,1550537129578,15595000,765
2019-02-19 00:46:18.007,0.1,buy,3936.6,BTC-29MAR19-3500-P,63.86,0.034,0.1,0,1550537178007,15595285,766
2019-02-19 00:46:40.494,0.1,buy,3930.86,BTC-29MAR19-3500-P,63.84,0.0345,0.1,0,1550537200494,15595445,767
2019-02-19 00:49:46.649,0.1,buy,3923.14,BTC-29MAR19-3500-P,63.76,0.035,0.1,0,1550537386649,15596088,768
2019-02-19 00:54:32.157,0.1,sell,3933.93,BTC-29MAR19-3500-P,61.23,0.0315,0.1,2,1550537672157,15596575,769
2019-02-19 01:00:31.134,0.1,buy,3923.36,BTC-29MAR19-3500-P,62.53,0.0335,0.1,0,1550538031134,15597116,770
2019-02-19 01:01:36.947,1.9000000000000001,buy,3919.76,BTC-29MAR19-3500-P,62.34,0.0335,1.9000000000000001,1,1550538096947,15597251,771
2019-02-19 01:01:59.802,0.1,buy,3913.86,BTC-29MAR19-3500-P,63.87,0.0355,0.1,0,1550538119802,15597483,772
2019-02-19 01:02:34.858,0.1,buy,3907.34,BTC-29MAR19-3500-P,63.25,0.0355,0.1,1,1550538154858,15597596,773
2019-02-19 01:03:40.444,0.1,buy,3899.27,BTC-29MAR19-3500-P,63.2,0.036,0.1,0,1550538220444,15597862,774
2019-02-19 01:05:19.798,2.0,buy,3895.29,BTC-29MAR19-3500-P,63.02,0.036,2.0,1,1550538319798,15598140,775
2019-02-19 01:07:25.235,5.0,sell,3896.73,BTC-29MAR19-3500-P,63.41,0.0365,5.0,0,1550538445235,15598359,776
2019-02-19 01:09:06.808,0.1,sell,3906.29,BTC-29MAR19-3500-P,62.26,0.0345,0.1,2,1550538546808,15598679,777
2019-02-19 01:10:01.450,0.1,sell,3910.73,BTC-29MAR19-3500-P,62.57,0.0345,0.1,3,1550538601450,15598783,778
2019-02-19 01:14:36.187,0.3,sell,3900.37,BTC-29MAR19-3500-P,61.84,0.0345,0.3,3,1550538876187,15599153,779
2019-02-19 01:29:49.754,0.1,buy,3889.36,BTC-29MAR19-3500-P,62.96,0.0365,0.1,0,1550539789754,15600069,780
2019-02-19 01:31:25.674,0.2,buy,3877.1,BTC-29MAR19-3500-P,63.77,0.0385,0.2,0,1550539885674,15600436,781
2019-02-19 01:43:21.834,0.1,buy,3858.94,BTC-29MAR19-3500-P,64.15,0.04,0.1,0,1550540601834,15602133,782
2019-02-19 01:46:12.545,0.1,sell,3856.19,BTC-29MAR19-3500-P,64.06,0.04,0.1,1,1550540772545,15602397,783
2019-02-19 01:47:55.627,0.2,buy,3850.31,BTC-29MAR19-3500-P,63.79,0.0405,0.2,0,1550540875627,15602639,784
2019-02-19 02:25:32.367,0.1,buy,3864.45,BTC-29MAR19-3500-P,64.02,0.0395,0.1,2,1550543132367,15605194,785
2019-02-19 04:32:47.028,0.1,buy,3868.96,BTC-29MAR19-3500-P,64.5,0.0395,0.1,3,1550550767028,15608898,786
2019-02-19 04:48:54.408,0.1,buy,3864.83,BTC-29MAR19-3500-P,64.77,0.04,0.1,0,1550551734408,15609238,787
2019-02-19 05:05:27.353,0.1,buy,3877.21,BTC-29MAR19-3500-P,61.43,0.0355,0.1,2,1550552727353,15609572,788
2019-02-19 05:28:26.834,0.1,buy,3868.13,BTC-29MAR19-3500-P,64.73,0.0395,0.1,0,1550554106834,15609982,789
2019-02-19 05:28:27.398,0.1,buy,3868.13,BTC-29MAR19-3500-P,65.19,0.04,0.1,0,1550554107398,15609983,790
2019-02-19 05:59:34.545,0.3,sell,3869.63,BTC-29MAR19-3500-P,60.42,0.035,0.3,2,1550555974545,15611094,791
2019-02-19 06:03:37.694,0.1,buy,3869.33,BTC-29MAR19-3500-P,64.12,0.039,0.1,0,1550556217694,15611187,792
2019-02-19 08:03:48.951,0.2,buy,3891.46,BTC-29MAR19-3500-P,62.3,0.035,0.2,2,1550563428951,15614489,793
2019-02-19 08:54:11.714,0.1,sell,3889.3,BTC-29MAR19-3500-P,61.68,0.0345,0.1,2,1550566451714,15615419,794
2019-02-19 09:30:30.595,0.2,buy,3881.42,BTC-29MAR19-3500-P,62.51,0.036,0.2,0,1550568630595,15616118,795
2019-02-19 09:31:03.583,0.2,sell,3881.45,BTC-29MAR19-3500-P,62.58,0.036,0.2,1,1550568663583,15616150,796
2019-02-19 09:37:28.358,0.1,sell,3880.22,BTC-29MAR19-3500-P,62.45,0.036,0.1,1,1550569048358,15616628,797
2019-02-19 10:02:34.698,0.1,sell,3869.25,BTC-29MAR19-3500-P,61.73,0.036,0.1,1,1550570554698,15618126,798
2019-02-19 10:27:08.208,0.1,sell,3865.84,BTC-29MAR19-3500-P,61.45,0.036,0.1,1,1550572028208,15618974,799
2019-02-19 11:39:28.393,1.4000000000000001,buy,3864.64,BTC-29MAR19-3500-P,64.53,0.039,1.4000000000000001,0,1550576368393,15620977,800
2019-02-19 11:39:28.393,0.6,buy,3864.64,BTC-29MAR19-3500-P,64.53,0.039,0.6,1,1550576368393,15620978,801
2019-02-19 11:46:58.036,0.2,sell,3865.84,BTC-29MAR19-3500-P,63.02,0.0375,0.2,2,1550576818036,15621056,802
2019-02-19 12:11:52.826,0.1,sell,3880.93,BTC-29MAR19-3500-P,61.49,0.0345,0.1,2,1550578312826,15621898,803
2019-02-19 12:15:07.118,0.2,sell,3884.41,BTC-29MAR19-3500-P,61.77,0.0345,0.2,3,1550578507118,15621984,804
2019-02-19 12:15:24.427,5.0,sell,3884.42,BTC-29MAR19-3500-P,60.77,0.0335,5.0,2,1550578524427,15621990,805
2019-02-19 12:19:05.416,0.2,buy,3890.48,BTC-29MAR19-3500-P,62.11,0.0345,0.2,0,1550578745416,15622190,806
2019-02-19 12:19:33.797,0.1,buy,3889.55,BTC-29MAR19-3500-P,62.16,0.0345,0.1,1,1550578773797,15622276,807
2019-02-19 12:19:58.981,0.2,buy,3889.56,BTC-29MAR19-3500-P,62.2,0.0345,0.2,1,1550578798981,15622326,808
2019-02-19 12:20:20.573,0.1,buy,3890.56,BTC-29MAR19-3500-P,62.26,0.0345,0.1,1,1550578820573,15622345,809
2019-02-19 12:20:41.266,0.2,buy,3891.54,BTC-29MAR19-3500-P,62.31,0.0345,0.2,1,1550578841266,15622371,810
2019-02-19 12:21:21.126,0.2,buy,3894.16,BTC-29MAR19-3500-P,62.54,0.0345,0.2,1,1550578881126,15622525,811
2019-02-19 12:21:32.908,0.2,buy,3895.7,BTC-29MAR19-3500-P,62.65,0.0345,0.2,1,1550578892908,15622554,812
2019-02-19 12:21:38.398,0.2,buy,3893.89,BTC-29MAR19-3500-P,62.52,0.0345,0.2,1,1550578898398,15622604,813
2019-02-19 12:22:50.109,0.2,buy,3891.99,BTC-29MAR19-3500-P,62.27,0.0345,0.2,1,1550578970109,15622718,814
2019-02-19 12:23:06.435,0.1,buy,3890.45,BTC-29MAR19-3500-P,62.11,0.0345,0.1,1,1550578986435,15622736,815
2019-02-19 12:23:06.435,0.1,buy,3890.45,BTC-29MAR19-3500-P,62.11,0.0345,0.1,1,1550578986435,15622737,816
2019-02-19 12:23:13.218,0.2,buy,3889.91,BTC-29MAR19-3500-P,62.07,0.0345,0.2,1,1550578993218,15622762,817
2019-02-19 12:24:10.689,0.2,buy,3886.91,BTC-29MAR19-3500-P,61.91,0.0345,0.2,1,1550579050689,15622860,818
2019-02-19 12:24:32.143,0.2,buy,3887.28,BTC-29MAR19-3500-P,61.86,0.0345,0.2,1,1550579072143,15622880,819
2019-02-19 12:25:35.137,0.1,buy,3889.87,BTC-29MAR19-3500-P,61.96,0.0345,0.1,1,1550579135137,15622925,820
2019-02-19 12:25:43.603,0.1,buy,3890.97,BTC-29MAR19-3500-P,62.06,0.0345,0.1,1,1550579143603,15622949,821
2019-02-19 12:25:43.603,0.2,buy,3890.97,BTC-29MAR19-3500-P,62.06,0.0345,0.2,1,1550579143603,15622950,822
2019-02-19 12:25:48.429,0.2,buy,3891.11,BTC-29MAR19-3500-P,62.08,0.0345,0.2,1,1550579148429,15622953,823
2019-02-19 12:25:48.717,0.2,buy,3891.11,BTC-29MAR19-3500-P,62.08,0.0345,0.2,1,1550579148717,15622954,824
2019-02-19 12:25:50.051,0.2,buy,3891.92,BTC-29MAR19-3500-P,62.09,0.0345,0.2,1,1550579150051,15622956,825
2019-02-19 12:25:50.970,0.2,buy,3892.07,BTC-29MAR19-3500-P,62.15,0.0345,0.2,1,1550579150970,15622966,826
2019-02-19 12:25:59.177,0.2,buy,3892.36,BTC-29MAR19-3500-P,62.18,0.0345,0.2,1,1550579159177,15622999,827
2019-02-19 12:25:59.309,0.2,buy,3892.36,BTC-29MAR19-3500-P,62.18,0.0345,0.2,1,1550579159309,15623000,828
2019-02-19 12:25:59.966,0.2,buy,3892.25,BTC-29MAR19-3500-P,62.18,0.0345,0.2,1,1550579159966,15623002,829
2019-02-19 12:26:01.274,0.2,buy,3892.25,BTC-29MAR19-3500-P,62.17,0.0345,0.2,1,1550579161274,15623006,830
2019-02-19 12:26:32.903,0.2,buy,3892.76,BTC-29MAR19-3500-P,62.24,0.0345,0.2,1,1550579192903,15623031,831
2019-02-19 12:37:14.936,2.9,buy,3886.4,BTC-29MAR19-3500-P,61.78,0.0345,2.9,1,1550579834936,15623275,833
2019-02-19 12:37:14.936,0.3,buy,3886.4,BTC-29MAR19-3500-P,61.78,0.0345,0.3,1,1550579834936,15623276,834
2019-02-19 12:37:14.936,1.8,buy,3886.4,BTC-29MAR19-3500-P,61.78,0.0345,1.8,1,1550579834936,15623274,832
2019-02-19 12:56:14.042,0.2,sell,3887.89,BTC-29MAR19-3500-P,61.03,0.0335,0.2,2,1550580974042,15623720,835
2019-02-19 12:58:14.289,0.2,sell,3887.87,BTC-29MAR19-3500-P,61.0,0.0335,0.2,3,1550581094289,15623741,836
2019-02-19 13:10:36.478,0.9,buy,3889.33,BTC-29MAR19-3500-P,62.09,0.0345,0.9,0,1550581836478,15624041,837
2019-02-19 13:10:36.478,1.0,buy,3889.33,BTC-29MAR19-3500-P,62.09,0.0345,1.0,1,1550581836478,15624042,838
2019-02-19 13:10:36.478,0.5,buy,3889.33,BTC-29MAR19-3500-P,62.09,0.0345,0.5,1,1550581836478,15624043,839
2019-02-19 13:10:36.478,0.2,buy,3889.33,BTC-29MAR19-3500-P,62.09,0.0345,0.2,1,1550581836478,15624044,840
2019-02-19 13:12:13.850,0.4,sell,3890.88,BTC-29MAR19-3500-P,61.7,0.034,0.4,2,1550581933850,15624065,841
2019-02-19 13:13:02.924,0.2,buy,3891.45,BTC-29MAR19-3500-P,62.24,0.0345,0.2,0,1550581982924,15624084,842
2019-02-19 13:13:12.602,0.2,buy,3891.27,BTC-29MAR19-3500-P,62.24,0.0345,0.2,1,1550581992602,15624091,843
2019-02-19 13:13:13.095,0.2,sell,3891.27,BTC-29MAR19-3500-P,62.24,0.0345,0.2,1,1550581993095,15624095,844
2019-02-19 13:13:30.276,0.2,buy,3891.15,BTC-29MAR19-3500-P,62.16,0.0345,0.2,1,1550582010276,15624104,845
2019-02-19 13:13:49.345,0.2,sell,3891.44,BTC-29MAR19-3500-P,62.16,0.0345,0.2,1,1550582029345,15624116,846
2019-02-19 13:16:49.402,0.1,sell,3904.62,BTC-29MAR19-3500-P,61.75,0.033,0.1,2,1550582209402,15624625,847
2019-02-19 13:17:19.435,0.2,buy,3907.56,BTC-29MAR19-3500-P,61.84,0.033,0.2,3,1550582239435,15624756,848
2019-02-19 13:17:42.826,0.3,sell,3909.02,BTC-29MAR19-3500-P,61.99,0.033,0.3,3,1550582262826,15624856,849
2019-02-19 13:21:59.719,0.2,buy,3907.49,BTC-29MAR19-3500-P,61.85,0.033,0.2,3,1550582519719,15625363,850
2019-02-19 13:22:32.539,0.2,buy,3925.56,BTC-29MAR19-3500-P,62.01,0.032,0.2,2,1550582552539,15625858,851
2019-02-19 13:22:40.578,0.2,sell,3919.94,BTC-29MAR19-3500-P,61.64,0.032,0.2,3,1550582560578,15625961,852
2019-02-19 13:22:49.588,0.2,sell,3915.87,BTC-29MAR19-3500-P,62.04,0.0325,0.2,0,1550582569588,15626050,853
2019-02-19 13:24:25.545,0.2,sell,3925.55,BTC-29MAR19-3500-P,61.51,0.0315,0.2,2,1550582665545,15626616,854
2019-02-19 13:24:37.222,0.2,sell,3928.8,BTC-29MAR19-3500-P,61.78,0.0315,0.2,3,1550582677222,15626681,855
2019-02-19 13:24:43.188,0.2,sell,3931.9,BTC-29MAR19-3500-P,62.0,0.0315,0.2,3,1550582683188,15626774,856
2019-02-19 13:24:49.868,0.2,sell,3930.93,BTC-29MAR19-3500-P,61.93,0.0315,0.2,3,1550582689868,15626809,857
2019-02-19 13:26:03.778,0.2,sell,3931.26,BTC-29MAR19-3500-P,61.59,0.0315,0.2,3,1550582763778,15627132,858
2019-02-19 13:26:04.590,0.2,sell,3931.8,BTC-29MAR19-3500-P,61.78,0.0315,0.2,3,1550582764590,15627135,859
2019-02-19 13:31:16.246,0.2,buy,3916.68,BTC-29MAR19-3500-P,63.33,0.034,0.2,0,1550583076246,15628535,860
2019-02-19 13:46:05.813,0.2,buy,3936.03,BTC-29MAR19-3500-P,61.74,0.031,0.2,2,1550583965813,15631294,861
2019-02-19 13:47:19.661,0.2,buy,3937.49,BTC-29MAR19-3500-P,61.94,0.031,0.2,3,1550584039661,15631712,862
2019-02-19 13:47:54.031,0.2,sell,3943.81,BTC-29MAR19-3500-P,61.78,0.0305,0.2,2,1550584074031,15631974,863
2019-02-19 13:48:07.786,0.2,buy,3946.03,BTC-29MAR19-3500-P,61.86,0.0305,0.2,3,1550584087786,15632159,864
2019-02-19 13:48:15.171,0.2,sell,3944.5,BTC-29MAR19-3500-P,61.83,0.0305,0.2,3,1550584095171,15632238,865
2019-02-19 13:49:15.939,0.2,buy,3945.16,BTC-29MAR19-3500-P,61.75,0.0305,0.2,3,1550584155939,15632656,866
2019-02-19 13:49:41.384,0.2,buy,3949.09,BTC-29MAR19-3500-P,61.55,0.03,0.2,2,1550584181384,15632872,867
2019-02-19 13:54:19.822,0.1,sell,3944.98,BTC-29MAR19-3500-P,61.67,0.0305,0.1,0,1550584459822,15634435,868
2019-02-19 14:27:02.637,8.6,buy,3934.93,BTC-29MAR19-3500-P,64.15,0.0335,8.6,0,1550586422637,15642074,870
2019-02-19 14:27:02.637,0.2,buy,3934.93,BTC-29MAR19-3500-P,63.16,0.0325,0.2,0,1550586422637,15642073,869
2019-02-19 14:27:09.710,7.4,sell,3935.01,BTC-29MAR19-3500-P,60.16,0.0295,7.4,2,1550586429710,15642084,873
2019-02-19 14:27:09.710,10.0,sell,3935.01,BTC-29MAR19-3500-P,61.67,0.031,10.0,2,1550586429710,15642082,871
2019-02-19 14:27:09.710,0.2,sell,3935.01,BTC-29MAR19-3500-P,60.66,0.03,0.2,2,1550586429710,15642083,872
2019-02-19 14:51:47.075,0.3,sell,3938.43,BTC-29MAR19-3500-P,61.15,0.0305,0.3,0,1550587907075,15645250,874
2019-02-19 14:55:17.931,0.2,sell,3941.11,BTC-29MAR19-3500-P,61.12,0.0305,0.2,1,1550588117931,15645837,875
2019-02-19 15:07:26.434,0.1,sell,3957.58,BTC-29MAR19-3500-P,62.18,0.0305,0.1,1,1550588846434,15647139,876
2019-02-19 15:50:38.726,0.2,sell,3950.75,BTC-29MAR19-3500-P,61.8,0.0305,0.2,1,1550591438726,15650280,877
2019-02-19 15:57:32.393,2.2,sell,3958.27,BTC-29MAR19-3500-P,62.37,0.0305,2.2,1,1550591852393,15650857,878
2019-02-19 16:06:46.410,0.2,sell,3954.71,BTC-29MAR19-3500-P,62.47,0.031,0.2,0,1550592406410,15652404,879
2019-02-19 16:06:46.552,0.2,buy,3954.71,BTC-29MAR19-3500-P,62.47,0.031,0.2,1,1550592406552,15652431,880
2019-02-19 21:55:25.512,0.2,buy,3879.57,BTC-29MAR19-3500-P,62.2,0.0355,0.2,0,1550613325512,15664677,881
2019-02-19 21:55:56.387,0.4,sell,3878.6,BTC-29MAR19-3500-P,59.51,0.033,0.4,2,1550613356387,15664873,882
2019-02-19 21:56:01.481,0.4,sell,3879.29,BTC-29MAR19-3500-P,59.55,0.033,0.4,3,1550613361481,15664906,883
2019-02-19 21:56:23.361,0.4,buy,3882.57,BTC-29MAR19-3500-P,62.34,0.0355,0.4,0,1550613383361,15664985,884
2019-02-19 23:33:31.334,50.0,sell,3896.07,BTC-29MAR19-3500-P,59.93,0.032,50.0,2,1550619211334,15668662,885
2019-02-20 03:05:46.288,2.0,sell,3899.76,BTC-29MAR19-3500-P,59.73,0.031,2.0,2,1550631946288,15675016,886
2019-02-20 03:11:34.813,0.2,sell,3900.24,BTC-29MAR19-3500-P,62.03,0.0335,0.2,0,1550632294813,15675107,887
2019-02-20 03:31:12.712,0.3,buy,3904.31,BTC-29MAR19-3500-P,63.22,0.0345,0.3,0,1550633472712,15675603,888
2019-02-20 03:40:33.355,0.2,buy,3903.22,BTC-29MAR19-3500-P,62.91,0.0345,0.2,1,1550634033355,15675719,889
2019-02-20 05:27:52.210,0.1,buy,3871.74,BTC-29MAR19-3500-P,62.48,0.036,0.1,0,1550640472210,15677749,890
2019-02-20 05:41:10.657,1.0,sell,3883.3,BTC-29MAR19-3500-P,59.96,0.0325,1.0,2,1550641270657,15678013,891
2019-02-20 09:18:43.715,0.1,buy,3907.33,BTC-29MAR19-3500-P,59.52,0.0305,0.1,2,1550654323715,15682772,892
2019-02-20 09:18:43.715,0.1,buy,3907.33,BTC-29MAR19-3500-P,62.49,0.0335,0.1,0,1550654323715,15682773,893
2019-02-20 10:14:03.624,10.0,sell,3924.29,BTC-29MAR19-3500-P,59.46,0.029,10.0,2,1550657643624,15684788,894
2019-02-20 10:22:27.664,0.2,sell,3937.35,BTC-29MAR19-3500-P,59.38,0.028,0.2,2,1550658147664,15685853,895
2019-02-20 11:18:18.319,0.1,sell,3925.43,BTC-29MAR19-3500-P,58.11,0.0275,0.1,2,1550661498319,15690075,897
2019-02-20 11:18:18.319,0.1,sell,3925.43,BTC-29MAR19-3500-P,58.62,0.028,0.1,3,1550661498319,15690074,896
2019-02-20 13:23:52.322,0.1,buy,3929.76,BTC-29MAR19-3500-P,60.22,0.0295,0.1,0,1550669032322,15696556,898
2019-02-20 13:31:47.570,0.2,sell,3927.6,BTC-29MAR19-3500-P,57.84,0.0275,0.2,2,1550669507570,15697482,899
2019-02-20 13:31:50.647,0.2,sell,3927.66,BTC-29MAR19-3500-P,57.84,0.0275,0.2,3,1550669510647,15697502,900
2019-02-20 14:14:15.187,0.2,sell,3910.26,BTC-29MAR19-3500-P,58.44,0.0295,0.2,0,1550672055187,15700844,901
2019-02-20 14:14:17.887,0.2,sell,3910.76,BTC-29MAR19-3500-P,58.48,0.0295,0.2,1,1550672057887,15700858,902
2019-02-20 16:32:10.324,0.2,sell,3925.59,BTC-29MAR19-3500-P,57.37,0.027,0.2,2,1550680330324,15705377,903
2019-02-20 16:32:10.324,31.8,sell,3925.59,BTC-29MAR19-3500-P,57.37,0.027,31.8,3,1550680330324,15705378,904
2019-02-20 16:53:39.857,0.2,sell,3918.63,BTC-29MAR19-3500-P,56.98,0.027,0.2,3,1550681619857,15705863,905
2019-02-20 16:59:19.792,6.0,sell,3921.29,BTC-29MAR19-3500-P,57.16,0.027,6.0,3,1550681959792,15705938,906
2019-02-20 17:07:32.454,5.0,sell,3927.21,BTC-29MAR19-3500-P,56.95,0.0265,5.0,2,1550682452454,15706130,907
2019-02-20 17:07:32.454,7.0,sell,3927.21,BTC-29MAR19-3500-P,56.95,0.0265,7.0,3,1550682452454,15706131,908
2019-02-20 19:12:25.072,0.1,buy,3916.81,BTC-29MAR19-3500-P,60.34,0.0305,0.1,0,1550689945072,15708729,909
2019-02-20 19:12:31.791,1.5,buy,3916.82,BTC-29MAR19-3500-P,60.84,0.031,1.5,1,1550689951791,15708732,912
2019-02-20 19:12:31.791,1.7,buy,3916.82,BTC-29MAR19-3500-P,60.84,0.031,1.7,0,1550689951791,15708730,910
2019-02-20 19:12:31.791,4.3,buy,3916.82,BTC-29MAR19-3500-P,60.84,0.031,4.3,1,1550689951791,15708731,911
2019-02-20 19:12:35.452,1.5,buy,3916.81,BTC-29MAR19-3500-P,60.84,0.031,1.5,1,1550689955452,15708743,913
2019-02-20 19:58:15.465,2.0,sell,3924.0,BTC-29MAR19-3500-P,57.96,0.0275,2.0,2,1550692695465,15709452,914
2019-02-20 19:58:15.465,4.6000000000000005,sell,3924.0,BTC-29MAR19-3500-P,57.96,0.0275,4.6000000000000005,3,1550692695465,15709453,915
2019-02-20 19:58:15.465,1.4000000000000001,sell,3924.0,BTC-29MAR19-3500-P,55.88,0.0255,1.4000000000000001,2,1550692695465,15709454,916
2019-02-20 19:58:15.465,2.0,sell,3924.0,BTC-29MAR19-3500-P,55.88,0.0255,2.0,3,1550692695465,15709455,917
2019-02-20 19:58:15.465,5.0,sell,3924.0,BTC-29MAR19-3500-P,55.36,0.025,5.0,2,1550692695465,15709456,918
2019-02-20 19:58:15.473,8.1,buy,3924.0,BTC-29MAR19-3500-P,52.16,0.022,8.1,2,1550692695473,15709457,919
2019-02-20 19:58:21.603,8.8,buy,3924.21,BTC-29MAR19-3500-P,53.8,0.0235,8.8,0,1550692701603,15709514,920
2019-02-20 20:15:28.119,5.0,sell,3928.85,BTC-29MAR19-3500-P,58.32,0.0275,5.0,0,1550693728119,15710492,921
2019-02-20 20:38:28.833,11.700000000000001,sell,3932.39,BTC-29MAR19-3500-P,57.64,0.0265,11.700000000000001,2,1550695108833,15710804,922
