date_utc,amount,direction,indexPrice,instrument,iv,price,quantity,tickDirection,timeStamp,tradeId,tradeSeq
2019-04-10 05:35:36.743,0.1,sell,5239.43,BTC-31MAY19-5500-C,60.77,0.07,0.1,1,1554874536743,17592019,1
2019-04-10 12:48:23.477,0.1,buy,5277.32,BTC-31MAY19-5500-C,61.73,0.07400000000000001,0.1,0,1554900503477,17599513,2
2019-04-10 13:43:53.824,4.0,sell,5279.78,BTC-31MAY19-5500-C,60.95,0.073,4.0,2,1554903833824,17600851,3
2019-04-10 14:20:40.486,0.5,sell,5259.55,BTC-31MAY19-5500-C,60.65,0.071,0.5,2,1554906040486,17601949,4
2019-04-10 14:40:35.694,0.5,buy,5271.5,BTC-31MAY19-5500-C,60.05,0.071,0.5,3,1554907235694,17602150,5
2019-04-10 15:02:33.603,0.4,sell,5270.82,BTC-31MAY19-5500-C,60.77,0.07200000000000001,0.4,0,1554908553603,17602260,6
2019-04-10 15:54:27.864,0.6,buy,5267.53,BTC-31MAY19-5500-C,59.94,0.0705,0.6,2,1554911667864,17603015,7
2019-04-10 17:42:41.391,0.1,sell,5288.6,BTC-31MAY19-5500-C,59.92,0.07200000000000001,0.1,0,1554918161391,17606055,8
2019-04-10 17:46:54.706,1.0,sell,5290.53,BTC-31MAY19-5500-C,59.83,0.07200000000000001,1.0,1,1554918414706,17606095,9
2019-04-10 17:50:06.967,3.0,buy,5293.39,BTC-31MAY19-5500-C,60.02,0.0725,3.0,0,1554918606967,17606244,10
2019-04-10 19:02:21.788,2.0,sell,5416.3,BTC-31MAY19-5500-C,61.31,0.084,2.0,0,1554922941788,17622543,11
2019-04-10 19:10:45.019,2.9,sell,5405.75,BTC-31MAY19-5500-C,62.22,0.0845,2.9,0,1554923445019,17623074,12
2019-04-11 00:04:21.331,9.6,buy,5331.49,BTC-31MAY19-5500-C,63.26,0.08,9.6,2,1554941061331,17651839,13
2019-04-11 11:29:35.058,1.0,sell,5025.66,BTC-31MAY19-5500-C,60.52,0.0535,1.0,2,1554982175058,17692889,14
2019-04-11 11:44:50.859,0.1,buy,5034.45,BTC-31MAY19-5500-C,60.82,0.0545,0.1,0,1554983090859,17696167,15
2019-04-11 11:45:58.970,0.1,buy,5045.2,BTC-31MAY19-5500-C,60.67,0.055,0.1,0,1554983158970,17696309,16
2019-04-11 11:53:38.220,0.1,buy,5058.53,BTC-31MAY19-5500-C,60.75,0.055999999999999994,0.1,0,1554983618220,17696944,17
2019-04-11 12:06:45.540,0.1,buy,5053.6,BTC-31MAY19-5500-C,61.69,0.057,0.1,0,1554984405540,17697564,18
2019-04-11 12:06:50.692,0.1,buy,5053.08,BTC-31MAY19-5500-C,62.41,0.057999999999999996,0.1,0,1554984410692,17697566,19
2019-04-11 12:15:46.526,2.0,sell,5039.29,BTC-31MAY19-5500-C,60.96,0.055,2.0,2,1554984946526,17697810,20
2019-04-11 12:15:46.526,3.0,sell,5039.29,BTC-31MAY19-5500-C,60.96,0.055,3.0,3,1554984946526,17697811,21
2019-04-11 12:54:25.588,0.1,buy,5052.65,BTC-31MAY19-5500-C,61.05,0.055999999999999994,0.1,0,1554987265588,17699120,22
2019-04-11 13:07:46.119,0.1,buy,5067.99,BTC-31MAY19-5500-C,61.03,0.057,0.1,0,1554988066119,17699872,23
2019-04-11 14:18:47.799,0.1,buy,5032.28,BTC-31MAY19-5500-C,60.64,0.054000000000000006,0.1,2,1554992327799,17702673,24
2019-04-11 14:19:55.083,5.9,sell,5039.16,BTC-31MAY19-5500-C,60.31,0.054000000000000006,5.9,3,1554992395083,17702704,25
2019-04-11 14:26:14.968,0.1,buy,5048.13,BTC-31MAY19-5500-C,60.6,0.055,0.1,0,1554992774968,17702897,26
2019-04-11 14:26:47.723,0.1,buy,5050.07,BTC-31MAY19-5500-C,61.21,0.055999999999999994,0.1,0,1554992807723,17702915,27
2019-04-11 16:13:34.838,5.0,sell,5025.16,BTC-31MAY19-5500-C,58.18,0.05,5.0,2,1554999214838,17706747,28
2019-04-11 16:13:48.337,0.1,buy,5030.09,BTC-31MAY19-5500-C,60.08,0.053,0.1,0,1554999228337,17706754,29
2019-04-11 16:17:42.109,0.1,buy,5030.47,BTC-31MAY19-5500-C,59.0,0.0515,0.1,2,1554999462109,17707259,30
2019-04-11 16:28:08.779,1.0,buy,5039.76,BTC-31MAY19-5500-C,59.28,0.0525,1.0,0,1555000088779,17707534,31
2019-04-11 16:28:35.255,0.1,buy,5038.66,BTC-31MAY19-5500-C,59.68,0.053,0.1,0,1555000115255,17707548,32
2019-04-11 16:57:42.952,0.1,buy,5052.84,BTC-31MAY19-5500-C,60.44,0.055,0.1,0,1555001862952,17708746,33
2019-04-11 17:03:04.448,0.1,buy,5044.97,BTC-31MAY19-5500-C,59.4,0.053,0.1,2,1555002184448,17708832,34
2019-04-11 17:03:20.318,0.1,buy,5045.4,BTC-31MAY19-5500-C,59.38,0.053,0.1,3,1555002200318,17708837,35
2019-04-11 17:03:23.534,0.1,buy,5046.06,BTC-31MAY19-5500-C,60.06,0.054000000000000006,0.1,0,1555002203534,17708838,36
2019-04-11 17:03:32.887,1.0,buy,5046.91,BTC-31MAY19-5500-C,60.02,0.054000000000000006,1.0,1,1555002212887,17708839,37
2019-04-11 17:06:02.362,1.0,buy,5043.61,BTC-31MAY19-5500-C,60.17,0.054000000000000006,1.0,1,1555002362362,17708957,38
2019-04-11 17:20:38.790,1.0,buy,5045.69,BTC-31MAY19-5500-C,60.44,0.0545,1.0,0,1555003238790,17709226,39
2019-04-11 17:21:17.311,0.1,buy,5047.96,BTC-31MAY19-5500-C,59.62,0.0535,0.1,2,1555003277311,17709239,40
2019-04-11 17:21:24.647,0.1,buy,5048.06,BTC-31MAY19-5500-C,60.32,0.0545,0.1,0,1555003284647,17709240,41
2019-04-11 17:21:41.151,1.0,buy,5048.06,BTC-31MAY19-5500-C,60.33,0.0545,1.0,1,1555003301151,17709241,42
2019-04-11 17:30:15.403,0.1,buy,5052.34,BTC-31MAY19-5500-C,60.48,0.055,0.1,0,1555003815403,17709368,43
2019-04-11 17:41:52.082,5.0,sell,5042.42,BTC-31MAY19-5500-C,58.47,0.0515,5.0,2,1555004512082,17709498,44
2019-04-12 02:40:07.501,0.1,buy,5005.34,BTC-31MAY19-5500-C,63.64,0.055999999999999994,0.1,0,1555036807501,17734925,45
2019-04-12 03:51:21.129,25.0,buy,5011.53,BTC-31MAY19-5500-C,62.67,0.055,25.0,2,1555041081129,17736212,46
2019-04-12 13:02:31.524,9.6,sell,5091.25,BTC-31MAY19-5500-C,58.76,0.0545,9.6,2,1555074151524,17748614,47
2019-04-12 21:40:51.129,1.0,buy,5059.02,BTC-31MAY19-5500-C,59.1,0.0525,1.0,2,1555105251129,17760924,48
2019-04-12 22:18:38.123,0.1,sell,5055.98,BTC-31MAY19-5500-C,54.94,0.0465,0.1,2,1555107518123,17761247,49
2019-04-13 15:04:13.922,2.0,buy,5102.8,BTC-31MAY19-5500-C,54.56,0.0485,2.0,0,1555167853922,17779651,50
2019-04-14 02:41:10.093,0.1,sell,5064.18,BTC-31MAY19-5500-C,49.69,0.039,0.1,2,1555209670093,17789396,51
2019-04-14 22:28:05.894,0.2,buy,5160.57,BTC-31MAY19-5500-C,57.17,0.055,0.2,0,1555280885894,17806574,52
2019-04-16 02:09:44.349,0.2,buy,5046.42,BTC-31MAY19-5500-C,58.79,0.0485,0.2,2,1555380584349,17850392,53
2019-04-16 03:23:16.496,0.1,sell,5053.11,BTC-31MAY19-5500-C,53.23,0.0415,0.1,2,1555384996496,17851091,54
2019-04-16 17:27:46.204,1.0,buy,5127.06,BTC-31MAY19-5500-C,54.09,0.047,1.0,0,1555435666204,17866304,55
2019-04-16 17:27:46.355,1.0,buy,5127.06,BTC-31MAY19-5500-C,54.09,0.047,1.0,1,1555435666355,17866307,56
2019-04-16 17:30:08.318,2.0,buy,5191.32,BTC-31MAY19-5500-C,53.79,0.051,2.0,0,1555435808318,17868434,57
2019-04-16 21:42:39.966,0.1,buy,5200.48,BTC-31MAY19-5500-C,55.25,0.0535,0.1,0,1555450959966,17880765,58
2019-04-17 03:35:53.352,0.1,buy,5217.71,BTC-31MAY19-5500-C,55.6,0.055,0.1,0,1555472153352,17890647,59
2019-04-17 13:17:30.475,4.2,buy,5213.95,BTC-31MAY19-5500-C,55.32,0.054000000000000006,4.2,2,1555507050475,17902361,60
2019-04-17 13:17:30.475,9.4,buy,5213.95,BTC-31MAY19-5500-C,56.06,0.055,9.4,0,1555507050475,17902362,61
2019-04-17 13:17:48.699,5.4,buy,5213.95,BTC-31MAY19-5500-C,56.06,0.055,5.4,1,1555507068699,17902364,62
2019-04-18 17:02:25.962,0.2,sell,5273.11,BTC-31MAY19-5500-C,52.13,0.053,0.2,2,1555606945962,17928283,63
2019-04-18 23:06:13.526,0.1,sell,5274.79,BTC-31MAY19-5500-C,51.45,0.052000000000000005,0.1,2,1555628773526,17938157,64
2019-04-20 00:59:03.835,9.6,sell,5288.31,BTC-31MAY19-5500-C,49.48,0.0495,9.6,2,1555721943835,17971362,65
2019-04-20 00:59:43.150,9.4,sell,5288.26,BTC-31MAY19-5500-C,49.11,0.049,9.4,2,1555721983150,17971388,66
2019-04-20 07:50:13.239,0.1,buy,5332.56,BTC-31MAY19-5500-C,52.04,0.056,0.1,0,1555746613239,17978116,67
2019-04-20 13:49:09.214,0.1,sell,5319.66,BTC-31MAY19-5500-C,49.17,0.051,0.1,2,1555768149214,17983625,68
2019-04-21 12:19:26.732,9.6,buy,5249.37,BTC-31MAY19-5500-C,52.57,0.0495,9.6,2,1555849166732,18011877,69
2019-04-21 12:20:57.632,9.6,buy,5251.91,BTC-31MAY19-5500-C,52.82,0.05,9.6,0,1555849257632,18011900,70
2019-04-21 12:23:55.423,0.8,buy,5246.84,BTC-31MAY19-5500-C,53.1,0.05,0.8,1,1555849435423,18011969,71
2019-04-22 10:36:23.238,0.1,buy,5305.9,BTC-31MAY19-5500-C,50.36,0.05,0.1,1,1555929383238,18035044,72
2019-04-22 11:03:19.570,0.1,buy,5318.72,BTC-31MAY19-5500-C,49.63,0.05,0.1,1,1555930999570,18035799,73
2019-04-22 11:07:00.229,0.1,buy,5323.99,BTC-31MAY19-5500-C,49.32,0.05,0.1,1,1555931220229,18036080,74
2019-04-22 12:05:00.658,2.7,buy,5310.2,BTC-31MAY19-5500-C,50.15,0.05,2.7,1,1555934700658,18036617,75
2019-04-22 15:40:35.787,0.4,buy,5386.11,BTC-31MAY19-5500-C,49.99,0.0555,0.4,0,1555947635787,18041566,76
2019-04-22 15:40:35.851,0.4,buy,5386.11,BTC-31MAY19-5500-C,49.99,0.0555,0.4,1,1555947635851,18041569,77
2019-04-22 18:54:27.087,0.3,buy,5402.69,BTC-31MAY19-5500-C,52.53,0.06,0.3,0,1555959267087,18060979,78
2019-04-22 19:02:46.234,0.1,buy,5435.13,BTC-31MAY19-5500-C,52.44,0.0625,0.1,0,1555959766234,18062364,79
2019-04-22 19:30:24.855,9.6,sell,5384.9,BTC-31MAY19-5500-C,49.39,0.0545,9.6,2,1555961424855,18066144,81
2019-04-22 19:30:24.855,5.4,sell,5384.9,BTC-31MAY19-5500-C,49.78,0.055,5.4,2,1555961424855,18066143,80
2019-04-22 19:30:52.241,5.0,sell,5384.27,BTC-31MAY19-5500-C,49.04,0.054000000000000006,5.0,2,1555961452241,18066146,82
2019-04-22 20:02:28.036,0.1,sell,5370.61,BTC-31MAY19-5500-C,52.21,0.057,0.1,0,1555963348036,18066930,83
2019-04-23 00:19:16.636,0.1,sell,5370.59,BTC-31MAY19-5500-C,52.33,0.057,0.1,1,1555978756636,18072228,84
2019-04-23 02:01:38.911,0.1,buy,5387.62,BTC-31MAY19-5500-C,51.34,0.057,0.1,1,1555984898911,18073273,85
2019-04-23 02:38:51.042,1.0,buy,5396.31,BTC-31MAY19-5500-C,52.37,0.059,1.0,0,1555987131042,18073862,86
2019-04-23 03:54:46.629,0.6,buy,5446.74,BTC-31MAY19-5500-C,51.57,0.062,0.6,0,1555991686629,18076803,87
2019-04-23 03:58:44.899,0.8,buy,5432.57,BTC-31MAY19-5500-C,52.47,0.062,0.8,1,1555991924899,18077252,89
2019-04-23 03:58:44.899,0.7000000000000001,buy,5432.57,BTC-31MAY19-5500-C,52.47,0.062,0.7000000000000001,1,1555991924899,18077251,88
2019-04-23 03:59:47.787,9.6,buy,5432.17,BTC-31MAY19-5500-C,53.27,0.063,9.6,0,1555991987787,18077276,90
2019-04-23 03:59:47.793,0.3,sell,5432.17,BTC-31MAY19-5500-C,53.27,0.063,0.3,1,1555991987793,18077277,91
2019-04-23 04:02:03.324,30.0,buy,5440.39,BTC-31MAY19-5500-C,53.53,0.064,30.0,0,1555992123324,18077407,92
2019-04-23 04:03:34.988,5.0,buy,5439.97,BTC-31MAY19-5500-C,53.55,0.064,5.0,1,1555992214988,18077423,93
2019-04-23 04:11:50.831,0.1,buy,5466.12,BTC-31MAY19-5500-C,51.88,0.064,0.1,1,1555992710831,18080576,94
2019-04-23 04:23:52.575,0.4,buy,5533.69,BTC-31MAY19-5500-C,50.93,0.0685,0.4,0,1555993432575,18083255,95
2019-04-23 04:23:59.175,0.4,buy,5541.07,BTC-31MAY19-5500-C,50.43,0.0685,0.4,1,1555993439175,18083550,96
2019-04-23 04:23:59.283,0.4,sell,5541.07,BTC-31MAY19-5500-C,50.43,0.0685,0.4,1,1555993439283,18083551,97
2019-04-23 04:25:53.087,0.4,buy,5631.67,BTC-31MAY19-5500-C,50.77,0.077,0.4,0,1555993553087,18085901,98
2019-04-23 04:32:18.201,0.1,sell,5537.71,BTC-31MAY19-5500-C,55.35,0.0745,0.1,2,1555993938201,18090940,99
2019-04-23 05:44:40.834,0.5,sell,5545.82,BTC-31MAY19-5500-C,52.49,0.0715,0.5,2,1555998280834,18097622,100
2019-04-23 11:14:53.720,2.5,sell,5546.77,BTC-31MAY19-5500-C,54.15,0.0735,2.5,0,1556018093720,18106874,101
2019-04-23 17:02:01.975,0.4,buy,5573.95,BTC-31MAY19-5500-C,58.39,0.081,0.4,0,1556038921975,18116144,102
2019-04-24 03:18:12.571,1.0,buy,5563.53,BTC-31MAY19-5500-C,57.45,0.0785,1.0,2,1556075892571,18141065,103
2019-04-24 05:38:52.709,0.5,sell,5597.72,BTC-31MAY19-5500-C,53.94,0.077,0.5,2,1556084332709,18145106,104
2019-04-24 06:01:35.130,0.1,buy,5615.07,BTC-31MAY19-5500-C,55.92,0.081,0.1,0,1556085695130,18146093,105
2019-04-24 06:03:00.443,1.0,buy,5606.12,BTC-31MAY19-5500-C,57.76,0.0825,1.0,0,1556085780443,18146766,106
2019-04-24 06:41:52.172,0.1,buy,5606.66,BTC-31MAY19-5500-C,56.94,0.0815,0.1,2,1556088112172,18148052,107
2019-04-24 08:44:30.367,0.1,buy,5486.1,BTC-31MAY19-5500-C,59.29,0.07400000000000001,0.1,2,1556095470367,18162717,108
2019-04-24 21:20:56.896,0.7000000000000001,sell,5425.72,BTC-31MAY19-5500-C,56.52,0.065,0.7000000000000001,2,1556140856896,18198274,109
2019-04-24 23:17:31.197,1.0,buy,5432.19,BTC-31MAY19-5500-C,58.15,0.0675,1.0,0,1556147851197,18199521,110
2019-04-25 02:12:07.746,0.1,sell,5455.66,BTC-31MAY19-5500-C,54.72,0.065,0.1,2,1556158327746,18202375,111
2019-04-25 11:08:12.773,5.6000000000000005,sell,5438.68,BTC-31MAY19-5500-C,53.72,0.062,5.6000000000000005,2,1556190492773,18218500,112
2019-04-25 17:24:40.938,5.0,sell,5492.08,BTC-31MAY19-5500-C,52.76,0.065,5.0,0,1556213080938,18226612,113
2019-04-25 22:31:25.334,0.1,buy,5113.53,BTC-31MAY19-5500-C,60.22,0.0455,0.1,2,1556231485334,18272670,114
2019-04-26 02:33:08.870,5.0,buy,5207.0,BTC-31MAY19-5500-C,57.55,0.0485,5.0,0,1556245988870,18298353,115
2019-04-26 04:29:14.364,0.1,sell,5195.25,BTC-31MAY19-5500-C,54.98,0.0445,0.1,2,1556252954364,18310634,116
2019-04-26 08:03:59.138,0.4,sell,5162.39,BTC-31MAY19-5500-C,56.97,0.0445,0.4,3,1556265839138,18319066,117
2019-04-26 08:04:04.816,0.4,sell,5161.95,BTC-31MAY19-5500-C,56.99,0.0445,0.4,3,1556265844816,18319072,118
2019-04-26 10:06:20.136,0.2,sell,5169.15,BTC-31MAY19-5500-C,54.97,0.0425,0.2,2,1556273180136,18322612,119
2019-04-26 10:07:56.574,0.2,sell,5172.12,BTC-31MAY19-5500-C,54.8,0.0425,0.2,3,1556273276574,18322646,120
2019-04-26 10:08:03.956,0.5,sell,5172.12,BTC-31MAY19-5500-C,54.8,0.0425,0.5,3,1556273283956,18322647,121
2019-04-26 10:17:37.160,0.4,buy,5179.94,BTC-31MAY19-5500-C,57.72,0.0465,0.4,0,1556273857160,18322871,122
2019-04-26 12:27:08.142,1.5,buy,5143.31,BTC-31MAY19-5500-C,58.2,0.0445,1.5,2,1556281628142,18327773,123
2019-04-26 12:45:45.699,19.3,buy,5170.85,BTC-31MAY19-5500-C,58.33,0.0465,19.3,1,1556282745699,18328534,125
2019-04-26 12:45:45.699,0.1,buy,5170.85,BTC-31MAY19-5500-C,58.33,0.0465,0.1,0,1556282745699,18328533,124
2019-04-26 13:26:32.410,5.0,sell,5166.27,BTC-31MAY19-5500-C,55.67,0.043,5.0,2,1556285192410,18329661,126
2019-04-26 14:07:32.017,0.4,buy,5160.78,BTC-31MAY19-5500-C,58.53,0.046,0.4,0,1556287652017,18330428,127
2019-04-26 14:07:32.017,16.0,buy,5160.78,BTC-31MAY19-5500-C,58.95,0.0465,16.0,0,1556287652017,18330429,128
2019-04-26 14:07:32.017,4.2,buy,5160.78,BTC-31MAY19-5500-C,58.95,0.0465,4.2,1,1556287652017,18330430,129
2019-04-26 14:09:09.882,3.0,buy,5154.79,BTC-31MAY19-5500-C,58.87,0.046,3.0,3,1556287749882,18330508,131
2019-04-26 14:09:09.882,5.0,buy,5154.79,BTC-31MAY19-5500-C,58.87,0.046,5.0,2,1556287749882,18330507,130
2019-04-26 14:09:25.026,11.1,buy,5153.4,BTC-31MAY19-5500-C,58.95,0.046,11.1,3,1556287765026,18330511,132
2019-04-26 14:09:48.280,16.0,buy,5153.08,BTC-31MAY19-5500-C,59.39,0.0465,16.0,0,1556287788280,18330519,133
2019-04-26 14:10:39.105,12.9,buy,5153.2,BTC-31MAY19-5500-C,60.23,0.0475,12.9,0,1556287839105,18330535,134
2019-04-26 14:14:33.256,16.0,buy,5157.26,BTC-31MAY19-5500-C,60.0,0.0475,16.0,1,1556288073256,18330614,135
2019-04-26 14:44:11.570,3.0,buy,5167.33,BTC-31MAY19-5500-C,59.85,0.048,3.0,0,1556289851570,18331021,136
2019-04-26 15:14:08.456,7.0,buy,5144.9,BTC-31MAY19-5500-C,60.74,0.0475,7.0,3,1556291648456,18331832,138
2019-04-26 15:14:08.456,16.0,buy,5144.9,BTC-31MAY19-5500-C,60.74,0.0475,16.0,2,1556291648456,18331831,137
2019-04-26 15:15:38.356,5.0,sell,5131.73,BTC-31MAY19-5500-C,61.07,0.047,5.0,2,1556291738356,18332245,139
2019-04-26 15:15:38.356,5.0,sell,5131.73,BTC-31MAY19-5500-C,61.07,0.047,5.0,3,1556291738356,18332246,140
2019-04-26 15:16:16.002,5.0,buy,5133.51,BTC-31MAY19-5500-C,60.97,0.047,5.0,3,1556291776002,18332462,141
2019-04-26 15:58:00.518,5.0,sell,5137.18,BTC-31MAY19-5500-C,60.36,0.0465,5.0,2,1556294280518,18333352,142
2019-04-26 15:58:00.518,16.0,sell,5137.18,BTC-31MAY19-5500-C,60.36,0.0465,16.0,3,1556294280518,18333353,143
2019-04-26 16:01:23.987,5.0,sell,5122.17,BTC-31MAY19-5500-C,60.79,0.046,5.0,3,1556294483987,18333615,145
2019-04-26 16:01:23.987,5.0,sell,5122.17,BTC-31MAY19-5500-C,60.79,0.046,5.0,2,1556294483987,18333614,144
2019-04-26 16:01:28.681,10.0,sell,5115.18,BTC-31MAY19-5500-C,60.76,0.0455,10.0,2,1556294488681,18333708,146
2019-04-26 16:01:36.814,2.6,sell,5102.94,BTC-31MAY19-5500-C,61.45,0.0455,2.6,3,1556294496814,18333829,149
2019-04-26 16:01:36.814,10.0,sell,5102.94,BTC-31MAY19-5500-C,61.45,0.0455,10.0,3,1556294496814,18333828,148
2019-04-26 16:01:36.814,3.4,sell,5102.94,BTC-31MAY19-5500-C,61.45,0.0455,3.4,3,1556294496814,18333827,147
2019-04-26 16:01:41.784,2.4,sell,5097.32,BTC-31MAY19-5500-C,61.76,0.0455,2.4,3,1556294501784,18333930,150
2019-04-26 16:01:47.693,0.4,sell,5088.68,BTC-31MAY19-5500-C,61.82,0.045,0.4,2,1556294507693,18334102,151
2019-04-26 16:01:49.434,0.4,sell,5086.23,BTC-31MAY19-5500-C,61.96,0.045,0.4,3,1556294509434,18334139,152
2019-04-26 16:01:49.876,16.0,sell,5083.34,BTC-31MAY19-5500-C,62.12,0.045,16.0,3,1556294509876,18334141,153
2019-04-26 16:01:51.469,3.2,sell,5082.55,BTC-31MAY19-5500-C,62.16,0.045,3.2,3,1556294511469,18334169,154
2019-04-26 16:01:51.469,4.6000000000000005,sell,5082.55,BTC-31MAY19-5500-C,62.16,0.045,4.6000000000000005,3,1556294511469,18334170,155
2019-04-26 16:01:52.276,5.0,sell,5082.71,BTC-31MAY19-5500-C,62.15,0.045,5.0,3,1556294512276,18334179,157
2019-04-26 16:01:52.276,5.4,sell,5082.71,BTC-31MAY19-5500-C,62.15,0.045,5.4,3,1556294512276,18334178,156
2019-04-26 16:01:52.276,1.0,sell,5082.71,BTC-31MAY19-5500-C,62.15,0.045,1.0,3,1556294512276,18334180,158
2019-04-26 16:02:29.537,2.0,sell,5113.58,BTC-31MAY19-5500-C,59.58,0.044,2.0,2,1556294549537,18334866,159
2019-04-26 16:06:19.280,2.0,sell,5094.04,BTC-31MAY19-5500-C,60.67,0.044,2.0,3,1556294779280,18335611,160
2019-04-26 16:08:13.617,2.0,sell,5100.85,BTC-31MAY19-5500-C,60.29,0.044,2.0,3,1556294893617,18335923,162
2019-04-26 16:08:13.617,8.0,sell,5100.85,BTC-31MAY19-5500-C,60.29,0.044,8.0,3,1556294893617,18335922,161
2019-04-26 16:08:19.609,3.0,sell,5100.31,BTC-31MAY19-5500-C,60.32,0.044,3.0,3,1556294899609,18335925,163
2019-04-26 16:10:49.332,0.8,buy,5091.1,BTC-31MAY19-5500-C,60.84,0.044,0.8,3,1556295049332,18336317,164
2019-04-26 16:13:52.574,6.2,buy,5113.89,BTC-31MAY19-5500-C,59.56,0.044,6.2,3,1556295232574,18336598,165
2019-04-26 16:25:12.786,10.0,sell,5075.56,BTC-31MAY19-5500-C,61.28,0.0435,10.0,2,1556295912786,18337949,166
2019-04-26 16:25:18.491,0.3,sell,5069.41,BTC-31MAY19-5500-C,61.62,0.0435,0.3,3,1556295918491,18338044,167
2019-04-26 16:25:19.597,1.3,sell,5067.51,BTC-31MAY19-5500-C,61.72,0.0435,1.3,3,1556295919597,18338046,168
2019-04-26 16:25:28.377,3.4,sell,5061.94,BTC-31MAY19-5500-C,62.03,0.0435,3.4,3,1556295928377,18338137,169
2019-04-26 16:29:40.367,5.0,sell,5049.71,BTC-31MAY19-5500-C,60.97,0.0415,5.0,2,1556296180367,18339222,170
2019-04-26 16:34:30.348,0.1,buy,5081.61,BTC-31MAY19-5500-C,59.23,0.0415,0.1,3,1556296470348,18340174,171
2019-04-26 20:08:18.607,0.2,sell,5098.35,BTC-31MAY19-5500-C,57.13,0.04,0.2,2,1556309298607,18346512,172
2019-04-26 20:18:38.898,0.4,buy,5108.26,BTC-31MAY19-5500-C,56.59,0.04,0.4,3,1556309918898,18346939,173
2019-04-26 20:19:43.281,0.4,sell,5110.02,BTC-31MAY19-5500-C,55.2,0.0385,0.4,2,1556309983281,18346945,174
2019-04-26 20:25:56.162,0.4,sell,5110.5,BTC-31MAY19-5500-C,55.61,0.039,0.4,0,1556310356162,18347026,175
2019-04-26 20:29:57.655,0.2,sell,5115.02,BTC-31MAY19-5500-C,55.36,0.039,0.2,1,1556310597655,18347087,176
2019-04-26 20:34:00.324,0.4,buy,5113.22,BTC-31MAY19-5500-C,56.32,0.04,0.4,0,1556310840324,18347161,177
2019-04-26 20:34:04.540,0.7000000000000001,buy,5113.26,BTC-31MAY19-5500-C,56.75,0.0405,0.7000000000000001,0,1556310844540,18347162,178
2019-04-26 20:35:54.333,0.3,buy,5114.68,BTC-31MAY19-5500-C,56.68,0.0405,0.3,1,1556310954333,18347175,179
2019-04-26 20:37:46.937,0.4,buy,5115.87,BTC-31MAY19-5500-C,56.61,0.0405,0.4,1,1556311066937,18347200,180
2019-04-26 22:02:05.164,1.0,buy,5126.51,BTC-31MAY19-5500-C,55.64,0.04,1.0,2,1556316125164,18349842,181
2019-04-26 22:02:36.469,0.6,buy,5132.58,BTC-31MAY19-5500-C,55.73,0.0405,0.6,0,1556316156469,18349986,182
2019-04-26 22:02:36.469,2.0,buy,5132.58,BTC-31MAY19-5500-C,55.73,0.0405,2.0,1,1556316156469,18349987,183
2019-04-26 22:05:55.329,0.9,buy,5145.0,BTC-31MAY19-5500-C,55.46,0.041,0.9,1,1556316355329,18350448,185
2019-04-26 22:05:55.329,10.0,buy,5145.0,BTC-31MAY19-5500-C,55.46,0.041,10.0,0,1556316355329,18350447,184
2019-04-26 22:05:55.882,0.3,buy,5146.02,BTC-31MAY19-5500-C,55.4,0.041,0.3,1,1556316355882,18350472,186
2019-04-26 22:05:55.914,0.2,buy,5146.02,BTC-31MAY19-5500-C,55.4,0.041,0.2,1,1556316355914,18350473,187
2019-04-26 22:05:56.159,0.7000000000000001,buy,5146.02,BTC-31MAY19-5500-C,55.4,0.041,0.7000000000000001,1,1556316356159,18350497,188
2019-04-26 22:05:56.181,0.9,buy,5146.02,BTC-31MAY19-5500-C,55.4,0.041,0.9,1,1556316356181,18350501,189
2019-04-26 22:06:12.027,0.1,buy,5156.03,BTC-31MAY19-5500-C,56.12,0.0425,0.1,0,1556316372027,18350595,190
2019-04-26 22:12:05.210,0.4,sell,5166.89,BTC-31MAY19-5500-C,54.23,0.041,0.4,2,1556316725210,18351922,191
2019-04-26 22:24:49.396,0.2,buy,5156.05,BTC-31MAY19-5500-C,56.13,0.0425,0.2,0,1556317489396,18352320,192
2019-04-26 22:24:54.775,0.2,buy,5156.03,BTC-31MAY19-5500-C,56.55,0.043,0.2,0,1556317494775,18352321,193
2019-04-26 22:25:01.835,0.4,buy,5156.19,BTC-31MAY19-5500-C,56.97,0.0435,0.4,0,1556317501835,18352322,194
2019-04-26 22:25:21.595,2.2,buy,5156.84,BTC-31MAY19-5500-C,57.36,0.044,2.2,0,1556317521595,18352334,195
2019-04-26 23:40:54.963,1.0,buy,5155.49,BTC-31MAY19-5500-C,57.48,0.044,1.0,1,1556322054963,18353845,196
2019-04-27 12:41:13.301,16.0,buy,5154.12,BTC-31MAY19-5500-C,55.87,0.0415,16.0,3,1556368873301,18363763,198
2019-04-27 12:41:13.301,0.4,buy,5154.12,BTC-31MAY19-5500-C,55.87,0.0415,0.4,2,1556368873301,18363762,197
2019-04-27 14:01:11.002,3.6,buy,5154.62,BTC-31MAY19-5500-C,56.32,0.042,3.6,0,1556373671002,18364452,199
2019-04-27 14:02:37.096,0.4,buy,5153.93,BTC-31MAY19-5500-C,56.79,0.0425,0.4,0,1556373757096,18364456,200
2019-04-27 14:02:37.096,3.6,buy,5153.93,BTC-31MAY19-5500-C,56.79,0.0425,3.6,1,1556373757096,18364457,201
2019-04-27 14:02:56.142,2.6,buy,5154.66,BTC-31MAY19-5500-C,56.74,0.0425,2.6,1,1556373776142,18364458,202
2019-04-27 14:03:20.984,1.4,buy,5154.62,BTC-31MAY19-5500-C,57.18,0.043,1.4,1,1556373800984,18364464,204
2019-04-27 14:03:20.984,16.0,buy,5154.62,BTC-31MAY19-5500-C,57.18,0.043,16.0,0,1556373800984,18364463,203
2019-04-27 14:03:21.444,4.9,buy,5154.62,BTC-31MAY19-5500-C,57.18,0.043,4.9,1,1556373801444,18364465,205
2019-04-27 14:04:05.820,0.4,buy,5156.1,BTC-31MAY19-5500-C,57.52,0.0435,0.4,0,1556373845820,18364468,206
2019-04-27 14:04:05.820,2.7,buy,5156.1,BTC-31MAY19-5500-C,57.52,0.0435,2.7,1,1556373845820,18364469,207
2019-04-27 14:11:30.575,1.8,buy,5171.52,BTC-31MAY19-5500-C,57.06,0.044,1.8,0,1556374290575,18364942,208
2019-04-27 14:11:30.575,0.2,buy,5171.52,BTC-31MAY19-5500-C,57.06,0.044,0.2,1,1556374290575,18364943,209
2019-04-27 14:12:52.768,1.0,buy,5172.89,BTC-31MAY19-5500-C,57.41,0.0445,1.0,0,1556374372768,18365117,210
2019-04-27 14:28:55.791,4.0,buy,5172.96,BTC-31MAY19-5500-C,56.99,0.044,4.0,2,1556375335791,18365688,211
2019-04-27 14:36:01.270,5.0,buy,5165.97,BTC-31MAY19-5500-C,56.97,0.0435,5.0,2,1556375761270,18365794,212
2019-04-27 14:54:10.523,6.0,buy,5163.78,BTC-31MAY19-5500-C,57.11,0.0435,6.0,3,1556376850523,18365949,213
2019-04-27 16:15:51.775,4.0,buy,5159.69,BTC-31MAY19-5500-C,57.39,0.0435,4.0,3,1556381751775,18366821,214
2019-04-27 16:30:16.279,5.0,buy,5163.05,BTC-31MAY19-5500-C,57.21,0.0435,5.0,3,1556382616279,18366902,215
2019-04-27 19:54:14.257,0.2,sell,5201.76,BTC-31MAY19-5500-C,53.36,0.0415,0.2,2,1556394854257,18371807,216
2019-04-27 19:54:32.436,0.4,sell,5203.16,BTC-31MAY19-5500-C,53.28,0.0415,0.4,3,1556394872436,18371813,217
2019-04-27 20:10:30.121,0.4,buy,5198.59,BTC-31MAY19-5500-C,53.98,0.042,0.4,0,1556395830121,18372081,218
2019-04-27 23:46:21.853,0.4,sell,5163.03,BTC-31MAY19-5500-C,55.74,0.0415,0.4,2,1556408781853,18375924,219
2019-04-27 23:46:24.351,0.4,sell,5163.53,BTC-31MAY19-5500-C,55.71,0.0415,0.4,3,1556408784351,18375945,220
2019-04-28 00:27:51.319,0.3,buy,5176.6,BTC-31MAY19-5500-C,56.27,0.043,0.3,0,1556411271319,18376892,221
2019-04-28 02:01:01.844,0.1,sell,5177.23,BTC-31MAY19-5500-C,56.29,0.043,0.1,1,1556416861844,18377639,222
2019-04-28 02:14:20.882,1.0,sell,5160.77,BTC-31MAY19-5500-C,56.39,0.042,1.0,2,1556417660882,18377935,223
2019-04-28 02:14:38.760,5.2,sell,5151.68,BTC-31MAY19-5500-C,56.48,0.0415,5.2,2,1556417678760,18378040,224
2019-04-28 02:14:38.760,5.0,sell,5151.68,BTC-31MAY19-5500-C,56.48,0.0415,5.0,3,1556417678760,18378041,225
2019-04-28 02:14:38.760,5.8,sell,5151.68,BTC-31MAY19-5500-C,56.48,0.0415,5.8,3,1556417678760,18378042,226
2019-04-28 06:15:44.844,0.4,buy,5163.93,BTC-31MAY19-5500-C,56.78,0.0425,0.4,0,1556432144844,18380430,227
2019-04-28 06:18:13.895,1.0,buy,5163.14,BTC-31MAY19-5500-C,57.26,0.043,1.0,0,1556432293895,18380463,228
2019-04-28 06:18:33.870,1.0,buy,5163.14,BTC-31MAY19-5500-C,57.26,0.043,1.0,1,1556432313870,18380464,229
2019-04-28 06:22:59.749,0.6,sell,5160.31,BTC-31MAY19-5500-C,57.0,0.0425,0.6,2,1556432579749,18380540,230
2019-04-28 07:09:01.609,1.8,sell,5172.74,BTC-31MAY19-5500-C,55.0,0.041,1.8,2,1556435341609,18380871,232
2019-04-28 07:09:01.609,4.2,sell,5172.74,BTC-31MAY19-5500-C,55.44,0.0415,4.2,2,1556435341609,18380870,231
2019-04-28 14:01:48.011,10.0,sell,5160.3,BTC-31MAY19-5500-C,55.97,0.040999999999999995,10.0,3,1556460108011,18388200,234
2019-04-28 14:01:48.011,3.2,sell,5160.3,BTC-31MAY19-5500-C,55.97,0.040999999999999995,3.2,3,1556460108011,18388199,233
2019-04-28 17:32:27.754,5.0,buy,5183.23,BTC-31MAY19-5500-C,55.19,0.0415,5.0,0,1556472747754,18391884,235
2019-04-28 18:08:29.836,0.4,sell,5165.73,BTC-31MAY19-5500-C,55.8,0.041,0.4,2,1556474909836,18392591,236
2019-04-28 19:07:24.308,4.6000000000000005,sell,5166.25,BTC-31MAY19-5500-C,55.8,0.041,4.6000000000000005,3,1556478444308,18393620,237
2019-04-28 19:12:14.734,4.0,sell,5169.17,BTC-31MAY19-5500-C,55.19,0.0405,4.0,2,1556478734734,18393660,238
2019-04-28 19:25:04.997,10.0,sell,5148.41,BTC-31MAY19-5500-C,56.41,0.0405,10.0,3,1556479504997,18394408,240
2019-04-28 19:25:04.997,1.0,sell,5148.41,BTC-31MAY19-5500-C,56.41,0.0405,1.0,3,1556479504997,18394407,239
2019-04-28 19:25:15.881,10.0,sell,5138.56,BTC-31MAY19-5500-C,56.54,0.04,10.0,3,1556479515881,18394651,242
2019-04-28 19:25:15.881,5.0,sell,5138.56,BTC-31MAY19-5500-C,56.54,0.04,5.0,2,1556479515881,18394650,241
2019-04-28 19:29:05.646,0.4,sell,5135.99,BTC-31MAY19-5500-C,55.8,0.039,0.4,2,1556479745646,18395920,243
2019-04-28 19:31:10.775,0.4,sell,5118.9,BTC-31MAY19-5500-C,56.78,0.039,0.4,3,1556479870775,18396636,244
2019-04-28 19:31:11.055,9.2,sell,5118.9,BTC-31MAY19-5500-C,56.78,0.039,9.2,3,1556479871055,18396640,245
2019-04-28 20:42:38.740,0.1,buy,5152.35,BTC-31MAY19-5500-C,56.67,0.041,0.1,0,1556484158740,18400698,246
2019-04-29 14:48:17.329,6.0,sell,5160.17,BTC-31MAY19-5500-C,55.1,0.039,6.0,2,1556549297329,18428302,247
2019-04-29 14:48:17.329,19.0,sell,5160.17,BTC-31MAY19-5500-C,54.65,0.0385,19.0,2,1556549297329,18428303,248
2019-04-29 20:37:22.409,0.1,sell,5132.93,BTC-31MAY19-5500-C,54.64,0.0365,0.1,2,1556570242409,18436865,249
2019-04-29 21:45:35.681,0.1,buy,5135.46,BTC-31MAY19-5500-C,56.8,0.039,0.1,0,1556574335681,18437959,250
2019-04-30 10:15:35.784,0.9,buy,5191.02,BTC-31MAY19-5500-C,54.87,0.04,0.9,0,1556619335784,18456058,251
2019-04-30 11:40:21.771,0.1,buy,5189.86,BTC-31MAY19-5500-C,54.99,0.04,0.1,1,1556624421771,18459972,252
2019-04-30 13:24:30.910,0.2,buy,5249.86,BTC-31MAY19-5500-C,55.81,0.045,0.2,0,1556630670910,18469176,253
2019-04-30 15:27:03.200,0.4,sell,5255.5,BTC-31MAY19-5500-C,54.65,0.044,0.4,2,1556638023200,18477201,254
2019-04-30 15:27:03.333,0.1,sell,5255.5,BTC-31MAY19-5500-C,54.65,0.044,0.1,3,1556638023333,18477211,255
2019-04-30 15:27:03.333,0.3,sell,5255.5,BTC-31MAY19-5500-C,53.77,0.043,0.3,2,1556638023333,18477212,256
2019-04-30 15:27:04.374,0.4,sell,5255.78,BTC-31MAY19-5500-C,52.87,0.042,0.4,2,1556638024374,18477233,257
2019-04-30 15:27:04.471,0.4,sell,5255.78,BTC-31MAY19-5500-C,52.87,0.042,0.4,3,1556638024471,18477242,258
2019-04-30 15:27:04.524,0.4,sell,5255.78,BTC-31MAY19-5500-C,52.87,0.042,0.4,3,1556638024524,18477252,259
2019-04-30 15:27:04.619,0.4,sell,5255.78,BTC-31MAY19-5500-C,52.87,0.042,0.4,3,1556638024619,18477260,260
2019-04-30 15:27:05.088,0.4,sell,5255.78,BTC-31MAY19-5500-C,52.87,0.042,0.4,3,1556638025088,18477270,261
2019-04-30 15:27:05.178,0.4,sell,5255.78,BTC-31MAY19-5500-C,52.87,0.042,0.4,3,1556638025178,18477278,262
2019-04-30 15:27:05.711,0.4,sell,5255.76,BTC-31MAY19-5500-C,52.87,0.042,0.4,3,1556638025711,18477284,263
2019-04-30 15:27:05.771,0.4,sell,5255.76,BTC-31MAY19-5500-C,52.87,0.042,0.4,3,1556638025771,18477290,264
2019-04-30 15:51:11.959,0.1,buy,5261.52,BTC-31MAY19-5500-C,56.93,0.047,0.1,0,1556639471959,18477817,265
2019-04-30 20:41:18.803,2.0,sell,5243.28,BTC-31MAY19-5500-C,53.39,0.0415,2.0,2,1556656878803,18483306,266
2019-05-01 08:50:43.262,0.1,sell,5290.35,BTC-31MAY19-5500-C,53.96,0.045,0.1,0,1556700643262,18502382,267
2019-05-01 12:23:28.383,0.1,sell,5295.09,BTC-31MAY19-5500-C,53.34,0.0445,0.1,2,1556713408383,18505766,268
2019-05-01 12:27:46.512,12.0,buy,5297.75,BTC-31MAY19-5500-C,54.06,0.0455,12.0,0,1556713666512,18506167,269
2019-05-01 12:34:26.111,0.1,sell,5283.0,BTC-31MAY19-5500-C,52.8,0.043,0.1,2,1556714066111,18506751,270
2019-05-01 13:05:52.045,12.0,buy,5286.78,BTC-31MAY19-5500-C,53.46,0.044,12.0,0,1556715952045,18507768,271
2019-05-02 03:58:48.120,12.0,buy,5332.82,BTC-31MAY19-5500-C,54.56,0.048,12.0,0,1556769528120,18530173,272
2019-05-02 05:00:25.438,0.2,sell,5320.98,BTC-31MAY19-5500-C,51.81,0.044,0.2,2,1556773225438,18532630,273
2019-05-02 05:07:48.275,0.5,sell,5323.23,BTC-31MAY19-5500-C,55.25,0.048,0.5,0,1556773668275,18532761,274
2019-05-02 13:41:13.660,0.2,sell,5354.03,BTC-31MAY19-5500-C,51.69,0.046,0.2,2,1556804473660,18550990,275
2019-05-02 14:03:44.580,2.0,sell,5370.53,BTC-31MAY19-5500-C,51.91,0.0475,2.0,0,1556805824580,18552183,276
2019-05-02 14:03:44.580,0.7000000000000001,sell,5370.53,BTC-31MAY19-5500-C,51.91,0.0475,0.7000000000000001,1,1556805824580,18552185,278
2019-05-02 14:03:44.580,0.3,sell,5370.53,BTC-31MAY19-5500-C,51.91,0.0475,0.3,1,1556805824580,18552184,277
2019-05-02 15:04:38.022,1.0,buy,5392.63,BTC-31MAY19-5500-C,52.64,0.05,1.0,0,1556809478022,18555418,279
2019-05-02 16:15:00.518,0.1,buy,5406.47,BTC-31MAY19-5500-C,53.94,0.0525,0.1,0,1556813700518,18560584,280
2019-05-02 16:50:43.502,0.2,sell,5379.7,BTC-31MAY19-5500-C,51.83,0.048,0.2,2,1556815843502,18563580,281
2019-05-02 20:38:31.309,0.1,sell,5393.54,BTC-31MAY19-5500-C,51.89,0.049,0.1,0,1556829511309,18569474,282
2019-05-02 20:38:31.309,0.1,sell,5393.54,BTC-31MAY19-5500-C,51.44,0.0485,0.1,2,1556829511309,18569475,283
2019-05-03 02:18:06.004,6.0,buy,5439.7,BTC-31MAY19-5500-C,51.91,0.0525,6.0,0,1556849886004,18585544,284
2019-05-03 02:29:08.210,3.9,buy,5444.14,BTC-31MAY19-5500-C,51.59,0.0525,3.9,1,1556850548210,18585990,285
2019-05-03 02:47:24.741,1.0,buy,5471.64,BTC-31MAY19-5500-C,52.25,0.0555,1.0,0,1556851644741,18589382,286
2019-05-03 02:49:19.266,0.2,buy,5466.51,BTC-31MAY19-5500-C,52.64,0.0555,0.2,1,1556851759266,18589849,287
2019-05-03 02:53:41.389,8.8,buy,5473.3,BTC-31MAY19-5500-C,52.13,0.0555,8.8,1,1556852021389,18591180,288
2019-05-03 03:34:16.602,6.0,buy,5461.42,BTC-31MAY19-5500-C,54.4,0.057,6.0,0,1556854456602,18593113,290
2019-05-03 03:34:16.602,1.7,buy,5461.42,BTC-31MAY19-5500-C,53.5,0.056,1.7,0,1556854456602,18593112,289
2019-05-03 03:50:16.252,0.1,sell,5469.02,BTC-31MAY19-5500-C,51.58,0.0545,0.1,2,1556855416252,18593438,291
2019-05-03 03:50:29.875,0.1,sell,5467.81,BTC-31MAY19-5500-C,51.22,0.054000000000000006,0.1,2,1556855429875,18593446,292
2019-05-03 04:58:09.558,6.0,sell,5485.46,BTC-31MAY19-5500-C,50.37,0.0545,6.0,0,1556859489558,18597361,293
2019-05-03 04:58:09.561,18.0,buy,5485.46,BTC-31MAY19-5500-C,50.37,0.0545,18.0,1,1556859489561,18597362,294
2019-05-03 05:46:37.719,12.0,buy,5494.16,BTC-31MAY19-5500-C,52.0,0.057,12.0,0,1556862397719,18598901,295
2019-05-03 06:18:51.343,1.2,buy,5515.25,BTC-31MAY19-5500-C,52.19,0.059,1.2,0,1556864331343,18600761,296
2019-05-03 06:24:34.838,0.2,buy,5531.41,BTC-31MAY19-5500-C,51.82,0.06,0.2,0,1556864674838,18602316,297
2019-05-03 07:15:43.911,0.7000000000000001,buy,5539.35,BTC-31MAY19-5500-C,55.78,0.065,0.7000000000000001,0,1556867743911,18610657,298
2019-05-03 07:15:45.774,0.3,sell,5539.4,BTC-31MAY19-5500-C,55.77,0.065,0.3,1,1556867745774,18610670,299
2019-05-03 08:43:55.110,0.3,sell,5625.96,BTC-31MAY19-5500-C,52.35,0.069,0.3,0,1556873035110,18624148,300
2019-05-03 08:46:26.091,0.3,sell,5608.15,BTC-31MAY19-5500-C,52.94,0.068,0.3,2,1556873186091,18624745,301
2019-05-03 09:15:53.667,0.5,buy,5704.69,BTC-31MAY19-5500-C,57.65,0.08199999999999999,0.5,0,1556874953667,18640394,302
2019-05-03 09:55:02.593,0.5,buy,5782.2,BTC-31MAY19-5500-C,56.26,0.08800000000000001,0.5,0,1556877302593,18653245,303
2019-05-03 09:59:13.235,4.0,sell,5774.29,BTC-31MAY19-5500-C,54.09,0.085,4.0,2,1556877553235,18654399,304
2019-05-03 14:55:35.045,0.1,sell,5725.0,BTC-31MAY19-5500-C,56.04,0.08199999999999999,0.1,2,1556895335045,18685505,305
2019-05-03 16:00:42.924,2.0,buy,5715.62,BTC-31MAY19-5500-C,57.91,0.083,2.0,0,1556899242924,18691548,306
2019-05-03 17:57:00.127,1.5,buy,5666.08,BTC-31MAY19-5500-C,60.97,0.0815,1.5,2,1556906220127,18701244,307
2019-05-03 18:42:43.473,1.0,buy,5677.86,BTC-31MAY19-5500-C,60.45,0.08199999999999999,1.0,0,1556908963473,18702607,308
2019-05-04 00:13:39.963,0.1,buy,5695.83,BTC-31MAY19-5500-C,54.79,0.0775,0.1,2,1556928819963,18721822,309
2019-05-04 01:54:56.633,0.5,buy,5803.47,BTC-31MAY19-5500-C,55.85,0.08900000000000001,0.5,0,1556934896633,18733746,310
2019-05-04 01:54:59.875,0.3,sell,5809.8,BTC-31MAY19-5500-C,55.21,0.08900000000000001,0.3,1,1556934899875,18733807,311
2019-05-04 01:55:03.237,0.3,sell,5810.82,BTC-31MAY19-5500-C,56.12,0.09,0.3,0,1556934903237,18734073,312
2019-05-04 11:53:48.817,5.0,sell,5719.88,BTC-31MAY19-5500-C,55.96,0.0805,5.0,2,1556970828817,18761253,313
2019-05-04 14:17:39.233,1.0,buy,5568.0,BTC-31MAY19-5500-C,60.84,0.0715,1.0,2,1556979459233,18781492,314
2019-05-04 14:17:39.233,1.0,buy,5568.0,BTC-31MAY19-5500-C,61.3,0.07200000000000001,1.0,0,1556979459233,18781493,315
2019-05-04 15:21:54.307,1.0,sell,5575.3,BTC-31MAY19-5500-C,60.75,0.07200000000000001,1.0,1,1556983314307,18784762,316
2019-05-04 15:22:01.990,2.0,sell,5574.24,BTC-31MAY19-5500-C,60.84,0.07200000000000001,2.0,1,1556983321990,18784764,317
2019-05-04 16:00:40.340,9.6,sell,5546.5,BTC-31MAY19-5500-C,61.28,0.07,9.6,2,1556985640340,18786018,318
2019-05-04 17:10:32.528,10.4,sell,5578.75,BTC-31MAY19-5500-C,58.66,0.07,10.4,3,1556989832528,18788416,319
2019-05-04 20:50:20.086,0.3,sell,5657.58,BTC-31MAY19-5500-C,52.41,0.0705,0.3,0,1557003020086,18797780,320
2019-05-04 20:50:22.158,0.3,sell,5657.17,BTC-31MAY19-5500-C,52.44,0.0705,0.3,1,1557003022158,18797802,321
2019-05-04 20:50:22.229,0.3,sell,5657.17,BTC-31MAY19-5500-C,51.96,0.07,0.3,2,1557003022229,18797807,322
2019-05-04 20:50:22.764,0.3,sell,5658.03,BTC-31MAY19-5500-C,51.88,0.07,0.3,3,1557003022764,18797813,323
2019-05-04 20:50:22.820,0.3,sell,5658.03,BTC-31MAY19-5500-C,51.88,0.07,0.3,3,1557003022820,18797815,324
2019-05-04 20:50:22.853,0.3,sell,5658.03,BTC-31MAY19-5500-C,51.88,0.07,0.3,3,1557003022853,18797816,325
2019-05-04 20:50:23.534,0.3,sell,5658.03,BTC-31MAY19-5500-C,51.88,0.07,0.3,3,1557003023534,18797843,326
2019-05-04 20:50:47.788,0.5,sell,5658.65,BTC-31MAY19-5500-C,51.83,0.07,0.5,3,1557003047788,18797880,327
2019-05-04 21:03:08.864,2.0,buy,5720.97,BTC-31MAY19-5500-C,56.26,0.0805,2.0,0,1557003788864,18800495,328
2019-05-04 21:06:17.790,3.0,buy,5740.69,BTC-31MAY19-5500-C,54.36,0.0805,3.0,1,1557003977790,18802215,329
2019-05-04 21:08:28.721,1.0,buy,5750.25,BTC-31MAY19-5500-C,53.93,0.081,1.0,0,1557004108721,18803366,330
2019-05-04 21:10:02.446,4.0,buy,5760.86,BTC-31MAY19-5500-C,52.87,0.081,4.0,1,1557004202446,18804121,331
2019-05-04 21:10:09.456,5.0,buy,5769.32,BTC-31MAY19-5500-C,53.03,0.08199999999999999,5.0,0,1557004209456,18804663,332
2019-05-04 21:10:37.779,5.0,buy,5781.83,BTC-31MAY19-5500-C,52.78,0.083,5.0,0,1557004237779,18805161,333
2019-05-04 21:19:47.383,2.0,buy,5785.8,BTC-31MAY19-5500-C,53.4,0.084,2.0,0,1557004787383,18807951,334
2019-05-04 21:19:51.775,3.0,buy,5787.16,BTC-31MAY19-5500-C,53.26,0.084,3.0,1,1557004791775,18808026,335
2019-05-04 21:30:19.068,0.5,buy,5783.35,BTC-31MAY19-5500-C,55.18,0.0855,0.5,0,1557005419068,18813371,336
2019-05-04 21:45:09.183,0.6,buy,5809.93,BTC-31MAY19-5500-C,56.57,0.0895,0.6,0,1557006309183,18816582,337
2019-05-04 21:49:19.108,2.0,buy,5800.91,BTC-31MAY19-5500-C,56.47,0.0885,2.0,2,1557006559108,18817845,338
2019-05-04 21:49:22.419,1.0,buy,5802.51,BTC-31MAY19-5500-C,56.3,0.0885,1.0,3,1557006562419,18817850,339
2019-05-05 05:56:02.602,2.0,buy,5757.74,BTC-31MAY19-5500-C,58.6,0.086,2.0,2,1557035762602,18855011,340
2019-05-05 13:01:32.467,5.0,buy,5752.64,BTC-31MAY19-5500-C,57.41,0.084,5.0,2,1557061292467,18873085,341
2019-05-05 21:01:56.893,3.0,buy,5775.56,BTC-31MAY19-5500-C,57.54,0.086,3.0,0,1557090116893,18900465,342
2019-05-05 21:01:56.893,0.1,buy,5775.56,BTC-31MAY19-5500-C,57.54,0.086,0.1,1,1557090116893,18900466,343
2019-05-06 01:12:47.215,25.0,sell,5654.71,BTC-31MAY19-5500-C,61.27,0.078,25.0,2,1557105167215,18916044,344
2019-05-06 01:13:00.667,5.0,sell,5643.22,BTC-31MAY19-5500-C,62.31,0.078,5.0,3,1557105180667,18916126,345
2019-05-06 05:17:34.123,2.0,sell,5654.71,BTC-31MAY19-5500-C,58.03,0.0745,2.0,2,1557119854123,18933441,346
2019-05-06 06:45:02.896,11.2,sell,5603.75,BTC-31MAY19-5500-C,62.19,0.07400000000000001,11.2,2,1557125102896,18936273,347
2019-05-06 09:23:30.100,9.6,buy,5627.74,BTC-31MAY19-5500-C,64.61,0.0785,9.6,0,1557134610100,18945220,348
2019-05-06 10:53:27.623,1.0,sell,5617.64,BTC-31MAY19-5500-C,59.7,0.0725,1.0,2,1557140007623,18948052,349
2019-05-07 00:56:50.735,0.1,buy,5754.43,BTC-31MAY19-5500-C,61.57,0.0865,0.1,0,1557190610735,18991097,350
2019-05-07 01:06:51.743,5.0,buy,5770.41,BTC-31MAY19-5500-C,61.53,0.08800000000000001,5.0,0,1557191211743,18992688,351
2019-05-07 02:21:24.694,5.0,buy,5789.98,BTC-31MAY19-5500-C,61.17,0.0895,5.0,0,1557195684694,18996692,352
2019-05-07 02:28:11.736,5.0,buy,5811.75,BTC-31MAY19-5500-C,61.55,0.092,5.0,0,1557196091736,18997906,353
2019-05-07 02:29:32.901,5.0,buy,5829.76,BTC-31MAY19-5500-C,61.79,0.094,5.0,0,1557196172901,18998512,354
2019-05-07 02:33:21.771,5.0,buy,5850.92,BTC-31MAY19-5500-C,61.68,0.096,5.0,0,1557196401771,19000290,355
2019-05-07 02:35:34.577,5.0,buy,5864.13,BTC-31MAY19-5500-C,62.42,0.098,5.0,0,1557196534577,19001374,356
2019-05-07 02:56:19.771,0.5,buy,5884.5,BTC-31MAY19-5500-C,62.39,0.1,0.5,0,1557197779771,19007432,357
2019-05-07 13:33:04.077,10.3,sell,5903.43,BTC-31MAY19-5500-C,66.43,0.105,10.3,0,1557235984077,19042802,358
2019-05-07 18:15:13.309,0.3,buy,5886.95,BTC-31MAY19-5500-C,66.3,0.10300000000000001,0.3,2,1557252913309,19070274,359
2019-05-08 08:47:48.549,0.2,sell,5797.85,BTC-31MAY19-5500-C,61.99,0.0895,0.2,2,1557305268549,19137464,360
2019-05-08 09:49:29.118,0.3,sell,5813.61,BTC-31MAY19-5500-C,58.12,0.0875,0.3,2,1557308969118,19139821,361
2019-05-08 09:49:29.118,0.1,sell,5813.61,BTC-31MAY19-5500-C,58.12,0.0875,0.1,3,1557308969118,19139822,362
2019-05-08 18:30:37.148,0.2,buy,5876.94,BTC-31MAY19-5500-C,59.77,0.095,0.2,0,1557340237148,19163671,363
2019-05-08 22:02:41.870,0.3,buy,5898.76,BTC-31MAY19-5500-C,59.09,0.0965,0.3,0,1557352961870,19172261,364
2019-05-08 22:02:41.870,12.7,buy,5898.76,BTC-31MAY19-5500-C,59.68,0.09699999999999999,12.7,0,1557352961870,19172262,365
2019-05-08 22:03:21.242,4.3,buy,5898.15,BTC-31MAY19-5500-C,60.92,0.098,4.3,0,1557353001242,19172277,366
2019-05-08 23:25:20.589,0.3,buy,5981.98,BTC-31MAY19-5500-C,58.23,0.1045,0.3,0,1557357920589,19180227,367
2019-05-08 23:29:38.423,0.5,sell,5897.4,BTC-31MAY19-5500-C,58.16,0.0955,0.5,2,1557358178423,19184050,368
2019-05-09 01:08:24.042,0.8,buy,6058.68,BTC-31MAY19-5500-C,61.27,0.115,0.8,0,1557364104042,19205597,369
2019-05-09 01:09:24.235,2.2,buy,6066.9,BTC-31MAY19-5500-C,66.61,0.12,2.2,0,1557364164235,19206286,370
2019-05-09 01:54:22.612,0.2,buy,6053.09,BTC-31MAY19-5500-C,66.58,0.1185,0.2,2,1557366862612,19215027,371
2019-05-09 08:06:12.500,1.0,buy,6065.53,BTC-31MAY19-5500-C,56.64,0.11199999999999999,1.0,2,1557389172500,19227515,372
2019-05-09 11:07:58.221,0.2,buy,6034.72,BTC-31MAY19-5500-C,62.57,0.113,0.2,0,1557400078221,19234788,373
2019-05-09 18:00:35.482,3.0,sell,6054.87,BTC-31MAY19-5500-C,54.63,0.109,3.0,2,1557424835482,19256707,374
2019-05-09 18:00:35.484,7.0,buy,6054.87,BTC-31MAY19-5500-C,54.63,0.109,7.0,3,1557424835484,19256708,375
2019-05-10 02:43:02.575,1.0,sell,6240.61,BTC-31MAY19-5500-C,46.46,0.1255,1.0,0,1557456182575,19297222,376
2019-05-10 02:43:02.833,3.0,buy,6240.61,BTC-31MAY19-5500-C,45.4,0.125,3.0,2,1557456182833,19297224,377
2019-05-10 02:43:02.851,13.5,buy,6240.61,BTC-31MAY19-5500-C,45.4,0.125,13.5,3,1557456182851,19297226,378
2019-05-10 02:43:02.870,2.5,buy,6240.61,BTC-31MAY19-5500-C,45.4,0.125,2.5,3,1557456182870,19297228,379
2019-05-10 02:51:53.847,1.0,sell,6230.63,BTC-31MAY19-5500-C,42.57,0.1225,1.0,2,1557456713847,19299228,380
2019-05-10 02:51:53.850,14.0,buy,6230.63,BTC-31MAY19-5500-C,42.57,0.1225,14.0,3,1557456713850,19299229,381
2019-05-10 02:51:54.172,3.0,buy,6230.63,BTC-31MAY19-5500-C,42.57,0.1225,3.0,3,1557456714172,19299231,382
2019-05-10 02:51:54.654,3.0,buy,6231.45,BTC-31MAY19-5500-C,42.33,0.1225,3.0,3,1557456714654,19299232,383
2019-05-10 02:52:02.078,2.0,buy,6232.21,BTC-31MAY19-5500-C,42.11,0.1225,2.0,3,1557456722078,19299259,384
2019-05-10 02:52:17.202,1.0,buy,6235.04,BTC-31MAY19-5500-C,41.25,0.1225,1.0,3,1557456737202,19299279,385
2019-05-10 02:52:17.653,14.6,buy,6234.97,BTC-31MAY19-5500-C,41.28,0.1225,14.6,3,1557456737653,19299280,386
2019-05-10 02:52:17.655,1.0,buy,6234.97,BTC-31MAY19-5500-C,41.28,0.1225,1.0,3,1557456737655,19299281,387
2019-05-10 02:52:25.211,1.6,buy,6233.92,BTC-31MAY19-5500-C,41.6,0.1225,1.6,3,1557456745211,19299289,388
2019-05-10 02:52:25.211,0.5,buy,6233.92,BTC-31MAY19-5500-C,41.6,0.1225,0.5,3,1557456745211,19299290,389
2019-05-10 03:16:43.910,0.5,buy,6293.74,BTC-31MAY19-5500-C,51.93,0.1345,0.5,0,1557458203910,19303728,390
2019-05-10 04:22:13.170,0.2,sell,6224.8,BTC-31MAY19-5500-C,58.12,0.13,0.2,2,1557462133170,19316281,391
2019-05-10 16:48:00.589,2.0,buy,6385.87,BTC-31MAY19-5500-C,35.87,0.14,2.0,0,1557506880589,19376379,392
2019-05-10 20:10:12.820,0.1,buy,6357.51,BTC-31MAY19-5500-C,71.48,0.152,0.1,0,1557519012820,19396010,393
2019-05-11 08:01:33.859,0.2,sell,6806.07,BTC-31MAY19-5500-C,78.66,0.20199999999999999,0.2,0,1557561693859,19530143,394
2019-05-11 08:15:26.808,0.3,buy,6762.41,BTC-31MAY19-5500-C,85.99,0.201,0.3,2,1557562526808,19531911,395
2019-05-11 10:59:24.019,5.0,buy,6839.71,BTC-31MAY19-5500-C,88.1,0.2095,5.0,0,1557572364019,19554076,396
2019-05-11 11:36:59.785,0.1,sell,6831.54,BTC-31MAY19-5500-C,74.99,0.203,0.1,2,1557574619785,19557295,397
2019-05-11 11:53:52.169,0.1,sell,6799.91,BTC-31MAY19-5500-C,73.15,0.19899999999999998,0.1,2,1557575632169,19558436,398
2019-05-11 12:13:18.841,0.1,sell,6742.33,BTC-31MAY19-5500-C,88.3,0.2,0.1,0,1557576798841,19561457,399
2019-05-11 12:13:22.403,0.2,sell,6741.35,BTC-31MAY19-5500-C,88.49,0.2,0.2,1,1557576802403,19561469,400
2019-05-11 13:02:13.203,0.1,sell,6782.31,BTC-31MAY19-5500-C,74.09,0.1975,0.1,2,1557579733203,19566343,401
2019-05-11 14:08:25.796,1.0,buy,6804.36,BTC-31MAY19-5500-C,69.31,0.198,1.0,0,1557583705796,19570059,402
2019-05-11 15:05:14.533,1.4,sell,6776.57,BTC-31MAY19-5500-C,73.23,0.1965,1.4,2,1557587114533,19576546,403
2019-05-11 15:48:58.706,6.9,sell,6884.68,BTC-31MAY19-5500-C,79.39,0.21,6.9,0,1557589738706,19584555,404
2019-05-11 16:10:07.748,0.1,buy,6940.21,BTC-31MAY19-5500-C,70.17,0.2125,0.1,0,1557591007748,19593546,405
2019-05-11 18:15:47.732,1.0,buy,7018.89,BTC-31MAY19-5500-C,73.41,0.2215,1.0,0,1557598547732,19621256,406
2019-05-11 19:57:45.563,1.0,buy,6949.05,BTC-31MAY19-5500-C,89.8,0.2205,1.0,2,1557604665563,19634161,407
2019-05-11 22:06:55.954,1.0,buy,7154.3,BTC-31MAY19-5500-C,0.0,0.2225,1.0,0,1557612415954,19655096,408
2019-05-11 22:07:11.666,1.0,buy,7149.08,BTC-31MAY19-5500-C,0.0,0.226,1.0,0,1557612431666,19655522,409
2019-05-11 22:08:15.945,1.0,buy,7145.95,BTC-31MAY19-5500-C,0.0,0.228,1.0,0,1557612495945,19656719,410
2019-05-11 22:12:19.199,1.0,buy,7134.93,BTC-31MAY19-5500-C,55.36,0.23,1.0,0,1557612739199,19659233,411
2019-05-11 22:12:26.219,1.0,buy,7135.93,BTC-31MAY19-5500-C,67.92,0.23199999999999998,1.0,0,1557612746219,19659272,412
2019-05-11 23:33:34.917,0.3,sell,7424.45,BTC-31MAY19-5500-C,134.32,0.2825,0.3,0,1557617614917,19714524,413
2019-05-12 08:07:34.114,0.2,buy,7577.48,BTC-31MAY19-5500-C,66.84,0.275,0.2,2,1557648454114,19844308,414
2019-05-12 13:11:01.660,0.3,buy,7195.75,BTC-31MAY19-5500-C,78.04,0.24,0.3,2,1557666661660,19971837,415
2019-05-12 13:49:00.610,16.0,sell,7154.91,BTC-31MAY19-5500-C,89.71,0.2395,16.0,2,1557668940610,19977560,416
2019-05-12 22:07:47.466,0.2,sell,7095.73,BTC-31MAY19-5500-C,88.09,0.233,0.2,2,1557698867466,20086552,417
2019-05-13 13:44:55.213,3.0,buy,7395.93,BTC-31MAY19-5500-C,0.0,0.2555,3.0,0,1557755095213,20185715,418
2019-05-13 15:08:37.001,0.1,buy,7636.04,BTC-31MAY19-5500-C,102.74,0.28600000000000003,0.1,0,1557760117001,20208169,419
2019-05-13 22:47:58.876,0.1,sell,8095.83,BTC-31MAY19-5500-C,132.19,0.3305,0.1,0,1557787678876,20339618,420
2019-05-13 23:39:46.003,25.0,sell,7796.38,BTC-31MAY19-5500-C,0.0,0.29100000000000004,25.0,2,1557790786003,20367589,421
2019-05-13 23:41:14.604,8.0,sell,7790.76,BTC-31MAY19-5500-C,0.0,0.29100000000000004,8.0,3,1557790874604,20367947,422
2019-05-13 23:41:14.604,2.0,sell,7790.76,BTC-31MAY19-5500-C,0.0,0.29100000000000004,2.0,3,1557790874604,20367948,423
2019-05-14 04:50:48.087,0.4,buy,8041.78,BTC-31MAY19-5500-C,0.0,0.31,0.4,0,1557809448087,20417531,424
2019-05-15 04:35:55.337,1.0,buy,8047.53,BTC-31MAY19-5500-C,150.38,0.331,1.0,0,1557894955337,20667614,425
2019-05-15 11:55:53.860,0.1,buy,7969.19,BTC-31MAY19-5500-C,149.47,0.3245,0.1,2,1557921353860,20704259,426
2019-05-16 02:09:24.362,1.0,buy,8286.63,BTC-31MAY19-5500-C,149.27,0.3465,1.0,0,1557972564362,20831470,427
2019-05-16 02:10:06.449,1.0,buy,8295.49,BTC-31MAY19-5500-C,148.79,0.34700000000000003,1.0,0,1557972606449,20831549,428
2019-05-16 02:11:48.468,0.9,buy,8280.04,BTC-31MAY19-5500-C,149.15,0.34600000000000003,0.9,2,1557972708468,20831668,429
2019-05-16 04:49:59.291,1.0,sell,7883.3,BTC-31MAY19-5500-C,125.68,0.31,1.0,2,1557982199291,20860270,430
2019-05-17 03:09:09.509,3.0,buy,6847.77,BTC-31MAY19-5500-C,150.12,0.232,3.0,2,1558062549509,21046309,431
2019-05-27 06:03:34.125,1.0,sell,8742.1,BTC-31MAY19-5500-C,309.83,0.38,1.0,0,1558937014125,22277080,432
2019-05-27 21:08:22.101,1.0,buy,8736.41,BTC-31MAY19-5500-C,326.38,0.3785,1.0,2,1558991302101,22357708,433
2019-05-30 16:44:14.127,5.0,buy,8715.28,BTC-31MAY19-5500-C,500.0,0.3715,5.0,2,1559234654127,22654212,434
