date_utc,amount,direction,indexPrice,instrument,iv,price,quantity,tickDirection,timeStamp,tradeId,tradeSeq
2019-04-10 05:35:36.743,0.1,sell,5239.43,BTC-31MAY19-5500-C,60.77,0.07,0.1,1,1554874536743,17592019,1
2019-04-10 12:48:23.477,0.1,buy,5277.32,BTC-31MAY19-5500-C,61.73,0.07400000000000001,0.1,0,1554900503477,17599513,2
2019-04-10 13:43:53.824,4.0,sell,5279.78,BTC-31MAY19-5500-C,60.95,0.073,4.0,2,1554903833824,17600851,3
2019-04-10 14:20:40.486,0.5,sell,5259.55,BTC-31MAY19-5500-C,60.65,0.071,0.5,2,1554906040486,17601949,4
2019-04-10 14:40:35.694,0.5,buy,5271.5,BTC-31MAY19-5500-C,60.05,0.071,0.5,3,1554907235694,17602150,5
2019-04-10 15:02:33.603,0.4,sell,5270.82,BTC-31MAY19-5500-C,60.77,0.07200000000000001,0.4,0,1554908553603,17602260,6
2019-04-10 15:54:27.864,0.6,buy,5267.53,BTC-31MAY19-5500-C,59.94,0.0705,0.6,2,1554911667864,17603015,7
2019-04-10 17:42:41.391,0.1,sell,5288.6,BTC-31MAY19-5500-C,59.92,0.07200000000000001,0.1,0,1554918161391,17606055,8
2019-04-10 17:46:54.706,1.0,sell,5290.53,BTC-31MAY19-5500-C,59.83,0.07200000000000001,1.0,1,1554918414706,17606095,9
2019-04-10 17:50:06.967,3.0,buy,5293.39,BTC-31MAY19-5500-C,60.02,0.0725,3.0,0,1554918606967,17606244,10
2019-04-10 19:02:21.788,2.0,sell,5416.3,BTC-31MAY19-5500-C,61.31,0.084,2.0,0,1554922941788,17622543,11
2019-04-10 19:10:45.019,2.9,sell,5405.75,BTC-31MAY19-5500-C,62.22,0.0845,2.9,0,1554923445019,17623074,12
2019-04-11 00:04:21.331,9.6,buy,5331.49,BTC-31MAY19-5500-C,63.26,0.08,9.6,2,1554941061331,17651839,13
2019-04-11 11:29:35.058,1.0,sell,5025.66,BTC-31MAY19-5500-C,60.52,0.0535,1.0,2,1554982175058,17692889,14
2019-04-11 11:44:50.859,0.1,buy,5034.45,BTC-31MAY19-5500-C,60.82,0.0545,0.1,0,1554983090859,17696167,15
2019-04-11 11:45:58.970,0.1,buy,5045.2,BTC-31MAY19-5500-C,60.67,0.055,0.1,0,1554983158970,17696309,16
2019-04-11 11:53:38.220,0.1,buy,5058.53,BTC-31MAY19-5500-C,60.75,0.055999999999999994,0.1,0,1554983618220,17696944,17
2019-04-11 12:06:45.540,0.1,buy,5053.6,BTC-31MAY19-5500-C,61.69,0.057,0.1,0,1554984405540,17697564,18
2019-04-11 12:06:50.692,0.1,buy,5053.08,BTC-31MAY19-5500-C,62.41,0.057999999999999996,0.1,0,1554984410692,17697566,19
2019-04-11 12:15:46.526,3.0,sell,5039.29,BTC-31MAY19-5500-C,60.96,0.055,3.0,3,1554984946526,17697811,21
2019-04-11 12:15:46.526,2.0,sell,5039.29,BTC-31MAY19-5500-C,60.96,0.055,2.0,2,1554984946526,17697810,20
2019-04-11 12:54:25.588,0.1,buy,5052.65,BTC-31MAY19-5500-C,61.05,0.055999999999999994,0.1,0,1554987265588,17699120,22
2019-04-11 13:07:46.119,0.1,buy,5067.99,BTC-31MAY19-5500-C,61.03,0.057,0.1,0,1554988066119,17699872,23
2019-04-11 14:18:47.799,0.1,buy,5032.28,BTC-31MAY19-5500-C,60.64,0.054000000000000006,0.1,2,1554992327799,17702673,24
2019-04-11 14:19:55.083,5.9,sell,5039.16,BTC-31MAY19-5500-C,60.31,0.054000000000000006,5.9,3,1554992395083,17702704,25
2019-04-11 14:26:14.968,0.1,buy,5048.13,BTC-31MAY19-5500-C,60.6,0.055,0.1,0,1554992774968,17702897,26
2019-04-11 14:26:47.723,0.1,buy,5050.07,BTC-31MAY19-5500-C,61.21,0.055999999999999994,0.1,0,1554992807723,17702915,27
2019-04-11 16:13:34.838,5.0,sell,5025.16,BTC-31MAY19-5500-C,58.18,0.05,5.0,2,1554999214838,17706747,28
2019-04-11 16:13:48.337,0.1,buy,5030.09,BTC-31MAY19-5500-C,60.08,0.053,0.1,0,1554999228337,17706754,29
2019-04-11 16:17:42.109,0.1,buy,5030.47,BTC-31MAY19-5500-C,59.0,0.0515,0.1,2,1554999462109,17707259,30
2019-04-11 16:28:08.779,1.0,buy,5039.76,BTC-31MAY19-5500-C,59.28,0.0525,1.0,0,1555000088779,17707534,31
2019-04-11 16:28:35.255,0.1,buy,5038.66,BTC-31MAY19-5500-C,59.68,0.053,0.1,0,1555000115255,17707548,32
2019-04-11 16:57:42.952,0.1,buy,5052.84,BTC-31MAY19-5500-C,60.44,0.055,0.1,0,1555001862952,17708746,33
2019-04-11 17:03:04.448,0.1,buy,5044.97,BTC-31MAY19-5500-C,59.4,0.053,0.1,2,1555002184448,17708832,34
2019-04-11 17:03:20.318,0.1,buy,5045.4,BTC-31MAY19-5500-C,59.38,0.053,0.1,3,1555002200318,17708837,35
2019-04-11 17:03:23.534,0.1,buy,5046.06,BTC-31MAY19-5500-C,60.06,0.054000000000000006,0.1,0,1555002203534,17708838,36
2019-04-11 17:03:32.887,1.0,buy,5046.91,BTC-31MAY19-5500-C,60.02,0.054000000000000006,1.0,1,1555002212887,17708839,37
2019-04-11 17:06:02.362,1.0,buy,5043.61,BTC-31MAY19-5500-C,60.17,0.054000000000000006,1.0,1,1555002362362,17708957,38
2019-04-11 17:20:38.790,1.0,buy,5045.69,BTC-31MAY19-5500-C,60.44,0.0545,1.0,0,1555003238790,17709226,39
2019-04-11 17:21:17.311,0.1,buy,5047.96,BTC-31MAY19-5500-C,59.62,0.0535,0.1,2,1555003277311,17709239,40
2019-04-11 17:21:24.647,0.1,buy,5048.06,BTC-31MAY19-5500-C,60.32,0.0545,0.1,0,1555003284647,17709240,41
2019-04-11 17:21:41.151,1.0,buy,5048.06,BTC-31MAY19-5500-C,60.33,0.0545,1.0,1,1555003301151,17709241,42
2019-04-11 17:30:15.403,0.1,buy,5052.34,BTC-31MAY19-5500-C,60.48,0.055,0.1,0,1555003815403,17709368,43
2019-04-11 17:41:52.082,5.0,sell,5042.42,BTC-31MAY19-5500-C,58.47,0.0515,5.0,2,1555004512082,17709498,44
2019-04-12 02:40:07.501,0.1,buy,5005.34,BTC-31MAY19-5500-C,63.64,0.055999999999999994,0.1,0,1555036807501,17734925,45
2019-04-12 03:51:21.129,25.0,buy,5011.53,BTC-31MAY19-5500-C,62.67,0.055,25.0,2,1555041081129,17736212,46
