date_utc,amount,direction,indexPrice,instrument,iv,price,quantity,tickDirection,timeStamp,tradeId,tradeSeq
2019-02-16 01:08:40.137,0.5,sell,3575.45,BTC-26APR19-4000-C,54.31,0.0505,0.5,1,1550279320137,15404130,1
2019-02-16 02:58:32.675,0.5,sell,3580.88,BTC-26APR19-4000-C,55.51,0.0525,0.5,0,1550285912675,15405404,2
2019-02-16 03:01:20.150,1.0,sell,3582.18,BTC-26APR19-4000-C,55.17,0.052000000000000005,1.0,2,1550286080150,15405464,3
2019-02-16 15:17:09.980,3.0,buy,3599.08,BTC-26APR19-4000-C,55.07,0.054000000000000006,3.0,0,1550330229980,15419532,4
2019-02-18 01:07:48.145,2.0,buy,3705.8,BTC-26APR19-4000-C,54.03,0.062,2.0,0,1550452068145,15469761,5
2019-02-18 12:39:23.107,3.0,buy,3716.88,BTC-26APR19-4000-C,55.43,0.064,3.0,0,1550493563107,15516740,6
2019-02-18 13:41:49.873,0.5,buy,3783.37,BTC-26APR19-4000-C,53.26,0.0665,0.5,0,1550497309873,15529520,7
2019-02-19 08:50:46.215,0.9,buy,3886.42,BTC-26APR19-4000-C,60.44,0.091,0.9,0,1550566246215,15615365,9
2019-02-19 08:50:46.215,4.1,buy,3886.42,BTC-26APR19-4000-C,59.85,0.09,4.1,0,1550566246215,15615364,8
2019-02-19 18:47:01.501,0.5,sell,3927.15,BTC-26APR19-4000-C,58.5,0.091,0.5,1,1550602021501,15658873,10
2019-02-19 23:41:20.862,3.0,sell,3892.34,BTC-26APR19-4000-C,58.03,0.087,3.0,2,1550619680862,15668904,11
2019-02-19 23:47:02.896,1.0,sell,3893.43,BTC-26APR19-4000-C,57.83,0.0865,1.0,2,1550620022896,15669221,12
2019-02-20 00:37:42.516,3.3000000000000003,sell,3866.51,BTC-26APR19-4000-C,57.25,0.083,3.3000000000000003,2,1550623062516,15671291,13
2019-02-20 00:37:42.516,4.7,sell,3866.51,BTC-26APR19-4000-C,57.25,0.083,4.7,3,1550623062516,15671292,14
2019-02-20 19:58:14.760,3.0,buy,3924.0,BTC-26APR19-4000-C,59.83,0.0925,3.0,0,1550692694760,15709389,15
2019-02-20 19:58:21.149,6.0,buy,3924.21,BTC-26APR19-4000-C,55.62,0.0855,6.0,2,1550692701149,15709506,16
2019-02-20 23:50:56.833,4.0,buy,3934.96,BTC-26APR19-4000-C,60.14,0.0945,4.0,0,1550706656833,15714736,17
2019-02-21 11:57:06.622,0.5,sell,3891.91,BTC-26APR19-4000-C,55.41,0.08199999999999999,0.5,2,1550750226622,15741754,18
2019-02-22 02:12:37.643,5.1000000000000005,buy,3916.43,BTC-26APR19-4000-C,55.46,0.0845,5.1000000000000005,0,1550801557643,15753869,19
2019-02-22 02:14:29.871,6.0,buy,3916.85,BTC-26APR19-4000-C,55.08,0.084,6.0,2,1550801669871,15753884,20
2019-02-22 07:19:41.455,5.0,buy,3894.78,BTC-26APR19-4000-C,56.08,0.083,5.0,2,1550819981455,15758443,21
2019-02-22 08:02:47.579,1.0,sell,3894.82,BTC-26APR19-4000-C,54.65,0.08,1.0,2,1550822567579,15760109,22
2019-02-22 08:02:51.022,1.0,sell,3894.73,BTC-26APR19-4000-C,54.66,0.08,1.0,3,1550822571022,15760110,23
2019-02-22 08:58:38.414,0.5,buy,3925.82,BTC-26APR19-4000-C,57.15,0.0875,0.5,0,1550825918414,15764534,24
2019-02-22 13:25:57.177,0.5,sell,3941.03,BTC-26APR19-4000-C,55.52,0.0875,0.5,1,1550841957177,15773540,25
2019-02-22 13:50:47.208,3.0,buy,3953.91,BTC-26APR19-4000-C,56.08,0.09,3.0,0,1550843447208,15774893,26
2019-02-22 13:50:48.364,0.6,buy,3953.66,BTC-26APR19-4000-C,56.1,0.09,0.6,1,1550843448364,15774898,27
2019-02-22 13:51:05.235,2.4,sell,3951.07,BTC-26APR19-4000-C,56.24,0.09,2.4,1,1550843465235,15775004,28
2019-02-22 13:51:19.514,1.2,buy,3950.37,BTC-26APR19-4000-C,55.91,0.0895,1.2,2,1550843479514,15775055,29
2019-02-22 17:29:15.089,0.1,buy,3928.15,BTC-26APR19-4000-C,57.8,0.08900000000000001,0.1,2,1550856555089,15784689,30
2019-02-22 21:22:14.369,4.4,buy,3936.67,BTC-26APR19-4000-C,57.45,0.08900000000000001,4.4,3,1550870534369,15787704,31
2019-02-22 21:22:14.369,1.6,buy,3936.67,BTC-26APR19-4000-C,57.45,0.08900000000000001,1.6,3,1550870534369,15787705,32
2019-02-23 07:00:48.559,3.7,buy,3928.97,BTC-26APR19-4000-C,58.3,0.0885,3.7,2,1550905248559,15797112,33
2019-02-23 07:19:09.209,3.7,buy,3926.1,BTC-26APR19-4000-C,58.72,0.08900000000000001,3.7,0,1550906349209,15797211,34
2019-02-23 07:29:15.497,3.7,buy,3926.04,BTC-26APR19-4000-C,59.05,0.0895,3.7,0,1550906955497,15797298,35
2019-02-23 07:39:20.752,3.7,buy,3926.23,BTC-26APR19-4000-C,59.29,0.09,3.7,0,1550907560752,15797332,36
2019-02-23 08:19:50.840,3.0,sell,3926.95,BTC-26APR19-4000-C,59.9,0.091,3.0,0,1550909990840,15797608,37
2019-02-23 08:29:54.579,3.7,buy,3926.72,BTC-26APR19-4000-C,60.22,0.0915,3.7,0,1550910594579,15797673,38
2019-02-23 08:35:52.373,3.7,sell,3923.7,BTC-26APR19-4000-C,60.28,0.0915,3.7,1,1550910952373,15797739,39
2019-02-23 12:18:48.743,2.0,sell,3932.64,BTC-26APR19-4000-C,59.83,0.091,2.0,2,1550924328743,15802338,40
2019-02-23 18:48:55.408,4.0,buy,4101.12,BTC-26APR19-4000-C,59.83,0.11,4.0,0,1550947735408,15838544,41
2019-02-24 14:20:53.603,5.8,sell,3828.16,BTC-26APR19-4000-C,59.03,0.071,5.8,2,1551018053603,15907477,42
2019-02-24 15:08:22.175,2.0,buy,3805.54,BTC-26APR19-4000-C,61.38,0.0755,2.0,0,1551020902175,15931465,43
2019-02-24 17:36:07.712,1.0,buy,3779.38,BTC-26APR19-4000-C,61.01,0.073,1.0,2,1551029767712,15951739,44
2019-02-24 21:18:18.392,1.0,buy,3798.06,BTC-26APR19-4000-C,58.85,0.071,1.0,2,1551043098392,15957863,45
2019-02-24 21:44:57.793,1.0,sell,3782.98,BTC-26APR19-4000-C,57.44,0.067,1.0,2,1551044697793,15959430,46
2019-02-25 10:21:15.041,5.6000000000000005,sell,3755.73,BTC-26APR19-4000-C,60.27,0.0695,5.6000000000000005,0,1551090075041,15982533,47
2019-02-25 10:21:15.102,4.4,buy,3755.73,BTC-26APR19-4000-C,60.27,0.0695,4.4,1,1551090075102,15982534,48
2019-02-25 10:21:30.129,5.0,sell,3755.59,BTC-26APR19-4000-C,60.33,0.0695,5.0,1,1551090090129,15982655,49
2019-02-25 12:16:26.919,5.0,buy,3782.61,BTC-26APR19-4000-C,59.63,0.071,5.0,0,1551096986919,15986414,50
2019-02-25 12:16:40.438,4.8,buy,3784.83,BTC-26APR19-4000-C,60.37,0.0725,4.8,0,1551097000438,15986425,51
2019-02-26 08:20:22.308,0.1,sell,3787.06,BTC-26APR19-4000-C,58.38,0.069,0.1,2,1551169222308,16024168,52
2019-02-26 15:44:21.101,4.2,sell,3811.5,BTC-26APR19-4000-C,59.2,0.07200000000000001,4.2,0,1551195861101,16034928,53
2019-02-26 15:46:10.109,5.6000000000000005,buy,3810.98,BTC-26APR19-4000-C,59.38,0.07200000000000001,5.6000000000000005,1,1551195970109,16035003,54
2019-02-26 15:46:37.281,5.0,buy,3811.32,BTC-26APR19-4000-C,59.37,0.07200000000000001,5.0,1,1551195997281,16035020,55
2019-02-26 15:55:58.034,6.0,sell,3809.62,BTC-26APR19-4000-C,59.18,0.0715,6.0,2,1551196558034,16035172,56
2019-02-26 20:18:23.390,1.0,sell,3806.11,BTC-26APR19-4000-C,57.91,0.0695,1.0,2,1551212303390,16041288,57
2019-02-27 16:32:41.722,50.0,buy,3802.75,BTC-26APR19-4000-C,57.67,0.068,50.0,2,1551285161722,16062773,58
2019-02-28 06:25:31.387,1.1,sell,3806.26,BTC-26APR19-4000-C,56.51,0.0665,1.1,2,1551335131387,16094748,59
2019-02-28 15:32:57.168,0.1,buy,3777.8,BTC-26APR19-4000-C,56.62,0.0645,0.1,2,1551367977168,16109775,60
2019-02-28 15:32:57.248,0.1,buy,3777.8,BTC-26APR19-4000-C,56.62,0.0645,0.1,3,1551367977248,16109776,61
2019-02-28 15:32:57.465,5.4,buy,3777.8,BTC-26APR19-4000-C,56.62,0.0645,5.4,3,1551367977465,16109778,62
2019-02-28 15:32:59.241,0.4,buy,3777.78,BTC-26APR19-4000-C,56.59,0.0645,0.4,3,1551367979241,16109798,63
2019-03-01 15:31:55.716,1.0,sell,3815.86,BTC-26APR19-4000-C,54.67,0.064,1.0,2,1551454315716,16151471,64
2019-03-02 21:19:01.330,0.1,buy,3808.15,BTC-26APR19-4000-C,55.86,0.064,0.1,3,1551561541330,16181539,65
2019-03-03 11:14:40.841,0.2,buy,3812.68,BTC-26APR19-4000-C,55.78,0.064,0.2,3,1551611680841,16188196,66
2019-03-04 06:43:16.390,1.0,buy,3727.55,BTC-26APR19-4000-C,56.21,0.056,1.0,2,1551681796390,16220804,67
2019-03-04 16:33:08.528,0.1,buy,3711.15,BTC-26APR19-4000-C,54.3,0.0515,0.1,2,1551717188528,16239783,68
2019-03-04 17:13:18.637,0.5,buy,3716.36,BTC-26APR19-4000-C,54.29,0.0515,0.5,3,1551719598637,16240280,69
2019-03-04 17:58:22.304,0.4,buy,3719.08,BTC-26APR19-4000-C,54.1,0.0515,0.4,3,1551722302304,16240573,70
2019-03-04 18:36:32.520,1.0,sell,3708.76,BTC-26APR19-4000-C,53.45,0.0495,1.0,2,1551724592520,16242119,71
2019-03-05 07:28:02.866,1.0,buy,3712.39,BTC-26APR19-4000-C,54.07,0.051,1.0,0,1551770882866,16250780,72
2019-03-05 08:48:19.625,1.0,buy,3729.94,BTC-26APR19-4000-C,55.71,0.055,1.0,0,1551775699625,16252630,73
2019-03-05 15:15:12.291,0.1,sell,3825.23,BTC-26APR19-4000-C,53.48,0.061,0.1,0,1551798912291,16279971,74
2019-03-06 16:44:33.424,1.0,buy,3849.66,BTC-26APR19-4000-C,54.48,0.0645,1.0,0,1551890673424,16325237,75
2019-03-06 16:45:56.534,0.5,buy,3850.7,BTC-26APR19-4000-C,54.34,0.0645,0.5,1,1551890756534,16325292,76
2019-03-07 09:46:25.335,0.1,sell,3849.18,BTC-26APR19-4000-C,51.27,0.059,0.1,2,1551951985335,16347114,77
2019-03-08 04:19:39.052,0.1,buy,3857.75,BTC-26APR19-4000-C,52.31,0.061,0.1,0,1552018779052,16367082,78
2019-03-08 06:08:21.573,1.0,sell,3873.84,BTC-26APR19-4000-C,49.35,0.058,1.0,2,1552025301573,16368930,79
2019-03-08 15:00:43.372,0.1,buy,3893.06,BTC-26APR19-4000-C,51.71,0.063,0.1,0,1552057243372,16387631,80
2019-03-08 22:08:24.885,1.0,buy,3805.04,BTC-26APR19-4000-C,53.34,0.055999999999999994,1.0,2,1552082904885,16402177,81
2019-03-08 22:08:35.121,1.0,sell,3802.85,BTC-26APR19-4000-C,52.79,0.055,1.0,2,1552082915121,16402206,82
2019-03-08 22:08:37.883,1.0,sell,3802.56,BTC-26APR19-4000-C,52.83,0.055,1.0,3,1552082917883,16402218,83
2019-03-09 16:55:39.136,0.1,buy,3912.02,BTC-26APR19-4000-C,51.59,0.063,0.1,0,1552150539136,16440458,84
2019-03-10 16:59:48.982,0.3,buy,3878.65,BTC-26APR19-4000-C,52.17,0.06,0.3,2,1552237188982,16464792,85
2019-03-10 20:34:12.922,0.1,buy,3893.53,BTC-26APR19-4000-C,52.16,0.0615,0.1,0,1552250052922,16466304,86
2019-03-10 21:06:51.291,0.1,buy,3898.13,BTC-26APR19-4000-C,51.9,0.0615,0.1,1,1552252011291,16466687,87
2019-03-11 04:35:41.723,0.5,sell,3895.79,BTC-26APR19-4000-C,51.38,0.0605,0.5,2,1552278941723,16472130,88
2019-03-11 05:00:10.682,0.1,sell,3886.26,BTC-26APR19-4000-C,51.47,0.0595,0.1,2,1552280410682,16472849,89
2019-03-11 06:53:59.215,0.5,buy,3874.84,BTC-26APR19-4000-C,51.56,0.0585,0.5,2,1552287239215,16478928,90
2019-03-11 09:04:57.749,0.1,sell,3869.05,BTC-26APR19-4000-C,49.63,0.055,0.1,2,1552295097749,16480934,91
2019-03-12 12:47:57.743,1.5,buy,3869.88,BTC-26APR19-4000-C,50.56,0.0555,1.5,0,1552394877743,16519296,92
2019-03-12 13:39:15.650,2.0,buy,3868.22,BTC-26APR19-4000-C,49.67,0.054000000000000006,2.0,2,1552397955650,16520620,93
2019-03-12 14:25:51.506,1.0,buy,3865.73,BTC-26APR19-4000-C,50.12,0.054000000000000006,1.0,3,1552400751506,16521110,94
2019-03-12 14:58:51.201,1.0,buy,3865.82,BTC-26APR19-4000-C,49.12,0.0525,1.0,2,1552402731201,16521639,95
2019-03-13 19:28:53.048,1.0,sell,3857.66,BTC-26APR19-4000-C,48.88,0.05,1.0,2,1552505333048,16544552,96
2019-03-13 19:45:40.424,1.0,sell,3854.23,BTC-26APR19-4000-C,48.04,0.0485,1.0,2,1552506340424,16544700,97
2019-03-13 22:41:16.688,2.0,buy,3851.63,BTC-26APR19-4000-C,49.24,0.05,2.0,0,1552516876688,16546174,98
2019-03-14 10:42:23.294,1.0,buy,3847.87,BTC-26APR19-4000-C,49.61,0.05,1.0,1,1552560143294,16552298,99
2019-03-14 11:03:13.593,0.1,sell,3846.95,BTC-26APR19-4000-C,48.41,0.0485,0.1,2,1552561393593,16552408,100
2019-03-14 16:30:15.732,1.0,sell,3852.6,BTC-26APR19-4000-C,48.18,0.0485,1.0,3,1552581015732,16572096,101
2019-03-14 19:55:44.627,0.5,sell,3851.69,BTC-26APR19-4000-C,48.24,0.0485,0.5,3,1552593344627,16573129,103
2019-03-14 19:55:44.627,0.5,sell,3851.69,BTC-26APR19-4000-C,48.24,0.0485,0.5,3,1552593344627,16573128,102
2019-03-15 06:38:15.827,0.2,buy,3862.04,BTC-26APR19-4000-C,49.76,0.0515,0.2,1,1552631895827,16579184,105
2019-03-15 06:38:15.827,0.5,buy,3862.04,BTC-26APR19-4000-C,49.76,0.0515,0.5,0,1552631895827,16579183,104
2019-03-15 11:41:50.837,1.0,buy,3880.73,BTC-26APR19-4000-C,50.23,0.054000000000000006,1.0,0,1552650110837,16586344,106
2019-03-15 15:31:14.744,0.5,buy,3905.19,BTC-26APR19-4000-C,48.46,0.0535,0.5,2,1552663874744,16594642,107
2019-03-15 20:09:20.835,4.5,buy,3905.4,BTC-26APR19-4000-C,49.17,0.055,4.5,0,1552680560835,16600345,108
2019-03-16 03:52:06.509,4.0,buy,3961.02,BTC-26APR19-4000-C,50.73,0.063,4.0,0,1552708326509,16613514,109
2019-03-16 04:20:25.892,5.0,buy,4011.27,BTC-26APR19-4000-C,51.37,0.0695,5.0,0,1552710025892,16619954,110
2019-03-16 04:20:25.892,3.5,buy,4011.27,BTC-26APR19-4000-C,51.37,0.0695,3.5,1,1552710025892,16619955,111
2019-03-16 05:07:11.139,7.0,buy,4015.84,BTC-26APR19-4000-C,52.29,0.071,7.0,0,1552712831139,16627922,112
2019-03-16 05:07:11.139,3.0,buy,4015.84,BTC-26APR19-4000-C,52.29,0.071,3.0,1,1552712831139,16627923,113
2019-03-16 05:07:13.853,0.5,buy,4016.63,BTC-26APR19-4000-C,52.22,0.071,0.5,1,1552712833853,16627924,114
2019-03-16 05:07:21.018,7.0,buy,4015.84,BTC-26APR19-4000-C,53.02,0.07200000000000001,7.0,0,1552712841018,16627939,115
2019-03-16 05:07:30.098,0.5,sell,4015.3,BTC-26APR19-4000-C,52.26,0.071,0.5,2,1552712850098,16627947,117
2019-03-16 05:07:30.098,3.0,sell,4015.3,BTC-26APR19-4000-C,53.01,0.07200000000000001,3.0,1,1552712850098,16627946,116
2019-03-16 05:58:20.964,3.0,sell,4005.69,BTC-26APR19-4000-C,51.67,0.0685,3.0,2,1552715900964,16632583,118
2019-03-16 06:04:08.809,5.1000000000000005,sell,3997.5,BTC-26APR19-4000-C,51.55,0.0675,5.1000000000000005,2,1552716248809,16632739,119
2019-03-16 09:01:29.539,0.2,sell,3992.44,BTC-26APR19-4000-C,50.27,0.0655,0.2,2,1552726889539,16636674,120
2019-03-16 09:30:27.147,0.3,sell,4004.19,BTC-26APR19-4000-C,49.88,0.066,0.3,0,1552728627147,16637148,121
2019-03-16 20:06:47.885,1.0,sell,3974.02,BTC-26APR19-4000-C,50.79,0.064,1.0,2,1552766807885,16648585,122
2019-03-17 00:30:35.224,3.0,buy,3977.21,BTC-26APR19-4000-C,50.91,0.0645,3.0,0,1552782635224,16651603,123
2019-03-17 00:31:37.009,2.0,buy,3975.12,BTC-26APR19-4000-C,50.84,0.064,2.0,2,1552782697009,16651676,124
2019-03-17 00:37:09.683,2.0,buy,3969.25,BTC-26APR19-4000-C,51.23,0.064,2.0,3,1552783029683,16651960,125
2019-03-17 00:38:12.408,2.0,buy,3963.66,BTC-26APR19-4000-C,50.99,0.063,2.0,2,1552783092408,16652045,126
2019-03-17 01:06:10.407,1.0,buy,3967.23,BTC-26APR19-4000-C,51.16,0.0635,1.0,0,1552784770407,16652800,127
2019-03-17 12:21:51.277,0.1,buy,3963.88,BTC-26APR19-4000-C,49.4,0.06,0.1,2,1552825311277,16662233,128
2019-03-17 18:40:38.190,0.2,buy,3967.7,BTC-26APR19-4000-C,48.64,0.0595,0.2,2,1552848038190,16666274,129
2019-03-17 19:43:57.748,0.5,buy,3973.12,BTC-26APR19-4000-C,49.14,0.0605,0.5,0,1552851837748,16666571,130
2019-03-17 22:39:22.396,0.5,sell,3969.31,BTC-26APR19-4000-C,47.4,0.0575,0.5,2,1552862362396,16667693,131
2019-03-18 07:34:45.916,0.1,buy,3949.94,BTC-26APR19-4000-C,49.54,0.057999999999999996,0.1,0,1552894485916,16683592,132
2019-03-18 10:50:03.278,0.3,sell,3950.96,BTC-26APR19-4000-C,47.27,0.055,0.3,2,1552906203278,16686746,133
2019-03-18 12:10:14.816,1.0,sell,3960.04,BTC-26APR19-4000-C,46.47,0.055,1.0,3,1552911014816,16688669,134
2019-03-18 12:39:10.350,0.1,buy,3965.74,BTC-26APR19-4000-C,47.76,0.0575,0.1,0,1552912750350,16689150,135
2019-03-18 15:53:42.604,5.2,sell,3966.52,BTC-26APR19-4000-C,46.87,0.055999999999999994,5.2,2,1552924422604,16691466,136
2019-03-18 16:22:08.708,4.2,buy,3966.66,BTC-26APR19-4000-C,46.8,0.055999999999999994,4.2,3,1552926128708,16691736,137
2019-03-18 19:06:17.601,5.0,sell,3960.53,BTC-26APR19-4000-C,46.07,0.0545,5.0,2,1552935977601,16692784,138
2019-03-18 19:09:42.554,0.2,buy,3961.02,BTC-26APR19-4000-C,46.47,0.055,0.2,0,1552936182554,16692788,139
2019-03-18 19:40:38.903,1.0,buy,3960.21,BTC-26APR19-4000-C,46.46,0.055,1.0,1,1552938038903,16692928,140
2019-03-19 18:23:34.432,1.0,sell,3998.76,BTC-26APR19-4000-C,45.48,0.0575,1.0,0,1553019814432,16714391,141
2019-03-19 21:27:11.407,0.1,buy,3985.11,BTC-26APR19-4000-C,47.2,0.0575,0.1,1,1553030831407,16716249,142
2019-03-19 23:09:39.697,3.8,buy,3993.75,BTC-26APR19-4000-C,46.0,0.057,3.8,2,1553036979697,16716958,143
2019-03-19 23:09:44.509,3.8,buy,3993.77,BTC-26APR19-4000-C,46.0,0.057,3.8,3,1553036984509,16716959,144
2019-03-19 23:09:59.306,3.0,buy,3993.69,BTC-26APR19-4000-C,46.0,0.057,3.0,3,1553036999306,16716960,145
2019-03-20 00:37:13.941,3.8,sell,3991.04,BTC-26APR19-4000-C,46.41,0.0575,3.8,0,1553042233941,16719574,146
2019-03-20 00:37:18.680,2.5,sell,3989.55,BTC-26APR19-4000-C,46.5,0.0575,2.5,1,1553042238680,16719669,147
2019-03-20 00:37:22.901,0.5,buy,3989.33,BTC-26APR19-4000-C,46.14,0.057,0.5,2,1553042242901,16719704,148
2019-03-20 00:55:19.786,0.5,sell,3990.15,BTC-26APR19-4000-C,44.25,0.0545,0.5,2,1553043319786,16720630,149
2019-03-20 00:55:19.786,0.5,sell,3990.15,BTC-26APR19-4000-C,44.25,0.0545,0.5,3,1553043319786,16720631,150
2019-03-20 13:03:47.978,1.0,buy,3999.52,BTC-26APR19-4000-C,44.85,0.055999999999999994,1.0,0,1553087027978,16731794,151
2019-03-20 14:14:34.572,6.0,buy,3993.88,BTC-26APR19-4000-C,46.8,0.0575,6.0,0,1553091274572,16732446,154
2019-03-20 14:14:34.572,3.8,buy,3993.88,BTC-26APR19-4000-C,46.41,0.057,3.8,1,1553091274572,16732445,153
2019-03-20 14:14:34.572,0.2,buy,3993.88,BTC-26APR19-4000-C,46.41,0.057,0.2,0,1553091274572,16732444,152
2019-03-20 17:25:17.130,3.7,buy,4000.43,BTC-26APR19-4000-C,47.35,0.059,3.7,0,1553102717130,16737039,155
2019-03-20 18:02:57.495,5.0,sell,4001.43,BTC-26APR19-4000-C,45.47,0.0565,5.0,2,1553104977495,16737642,156
2019-03-20 18:06:05.094,2.0,buy,4003.54,BTC-26APR19-4000-C,46.02,0.0575,2.0,0,1553105165094,16737687,157
2019-03-20 19:22:07.736,0.2,sell,4010.67,BTC-26APR19-4000-C,45.49,0.0575,0.2,1,1553109727736,16738588,158
2019-03-20 21:09:33.668,1.0,sell,4010.94,BTC-26APR19-4000-C,45.59,0.0575,1.0,1,1553116173668,16739511,159
2019-03-20 22:36:07.360,2.0,buy,4035.11,BTC-26APR19-4000-C,45.04,0.06,2.0,0,1553121367360,16741995,160
2019-03-20 22:57:10.452,0.1,sell,4030.4,BTC-26APR19-4000-C,45.25,0.0595,0.1,2,1553122630452,16743948,161
2019-03-21 12:19:09.428,0.1,buy,4043.04,BTC-26APR19-4000-C,45.36,0.061,0.1,0,1553170749428,16752243,162
2019-03-21 12:19:09.428,0.5,buy,4043.04,BTC-26APR19-4000-C,45.36,0.061,0.5,1,1553170749428,16752244,163
2019-03-21 12:41:21.954,0.1,sell,4038.04,BTC-26APR19-4000-C,45.57,0.0605,0.1,2,1553172081954,16754374,164
2019-03-21 14:50:37.205,4.2,buy,3975.2,BTC-26APR19-4000-C,45.65,0.053,4.2,2,1553179837205,16760725,165
2019-03-21 14:51:31.264,4.2,buy,3977.5,BTC-26APR19-4000-C,45.71,0.053,4.2,3,1553179891264,16760901,166
2019-03-21 16:46:44.500,1.0,sell,3947.29,BTC-26APR19-4000-C,45.08,0.049,1.0,2,1553186804500,16768935,167
2019-03-21 16:59:14.229,1.0,buy,3957.28,BTC-26APR19-4000-C,45.06,0.05,1.0,0,1553187554229,16769384,168
2019-03-21 19:34:10.826,0.5,sell,3970.93,BTC-26APR19-4000-C,44.53,0.051,0.5,0,1553196850826,16770804,169
2019-03-21 22:54:12.869,2.0,sell,3976.67,BTC-26APR19-4000-C,46.07,0.0535,2.0,0,1553208852869,16772309,170
2019-03-22 02:29:43.339,0.5,buy,3980.5,BTC-26APR19-4000-C,45.65,0.0535,0.5,1,1553221783339,16773438,171
2019-03-22 02:29:43.339,4.0,buy,3980.5,BTC-26APR19-4000-C,45.65,0.0535,4.0,1,1553221783339,16773439,172
2019-03-22 02:29:49.835,4.1,buy,3980.52,BTC-26APR19-4000-C,45.65,0.0535,4.1,1,1553221789835,16773441,173
2019-03-22 03:36:19.158,3.5,buy,3978.89,BTC-26APR19-4000-C,45.81,0.0535,3.5,1,1553225779158,16773679,176
2019-03-22 03:36:19.158,0.3,buy,3978.89,BTC-26APR19-4000-C,45.81,0.0535,0.3,1,1553225779158,16773678,175
2019-03-22 03:36:19.158,0.2,buy,3978.89,BTC-26APR19-4000-C,45.81,0.0535,0.2,1,1553225779158,16773677,174
2019-03-22 03:47:45.089,0.3,sell,3977.54,BTC-26APR19-4000-C,45.49,0.053,0.3,2,1553226465089,16773712,177
2019-03-22 04:32:21.912,4.2,buy,3972.37,BTC-26APR19-4000-C,45.19,0.052000000000000005,4.2,2,1553229141912,16774047,178
2019-03-22 04:37:12.904,0.5,sell,3972.87,BTC-26APR19-4000-C,45.18,0.052000000000000005,0.5,3,1553229432904,16774088,179
2019-03-22 07:52:56.486,4.4,buy,3964.65,BTC-26APR19-4000-C,44.57,0.0505,4.4,2,1553241176486,16775336,180
2019-03-22 07:52:58.407,4.4,sell,3964.65,BTC-26APR19-4000-C,44.58,0.0505,4.4,3,1553241178407,16775343,181
2019-03-22 08:43:47.673,0.2,sell,3976.1,BTC-26APR19-4000-C,43.66,0.0505,0.2,3,1553244227673,16776273,182
2019-03-22 08:43:47.673,0.8,sell,3976.1,BTC-26APR19-4000-C,42.44,0.049,0.8,2,1553244227673,16776274,183
2019-03-22 11:55:04.080,3.0,sell,3982.8,BTC-26APR19-4000-C,44.58,0.052000000000000005,3.0,0,1553255704080,16777288,184
2019-03-22 14:50:10.605,0.1,buy,3991.63,BTC-26APR19-4000-C,45.86,0.0545,0.1,0,1553266210605,16779142,185
2019-03-22 15:20:08.106,0.2,buy,3990.13,BTC-26APR19-4000-C,45.5,0.054000000000000006,0.2,2,1553268008106,16779382,186
2019-03-22 15:26:33.390,1.0,buy,3986.7,BTC-26APR19-4000-C,45.65,0.054000000000000006,1.0,3,1553268393390,16779437,187
2019-03-22 15:54:19.647,5.4,sell,3986.25,BTC-26APR19-4000-C,44.78,0.0525,5.4,2,1553270059647,16779622,188
2019-03-22 15:59:14.877,0.2,buy,3985.93,BTC-26APR19-4000-C,45.98,0.054000000000000006,0.2,0,1553270354877,16779634,189
2019-03-22 15:59:14.877,0.8,buy,3985.93,BTC-26APR19-4000-C,45.98,0.054000000000000006,0.8,1,1553270354877,16779635,190
2019-03-22 18:35:34.497,6.4,buy,3994.37,BTC-26APR19-4000-C,45.77,0.0545,6.4,0,1553279734497,16780943,191
2019-03-22 18:38:44.719,5.1000000000000005,sell,3993.88,BTC-26APR19-4000-C,45.87,0.0545,5.1000000000000005,1,1553279924719,16780951,192
2019-03-22 18:38:44.727,0.3,sell,3993.88,BTC-26APR19-4000-C,45.87,0.0545,0.3,1,1553279924727,16780952,193
2019-03-22 20:04:20.275,3.0,sell,3989.32,BTC-26APR19-4000-C,45.89,0.054000000000000006,3.0,2,1553285060275,16781300,194
2019-03-22 20:10:41.933,3.0,sell,3988.33,BTC-26APR19-4000-C,46.07,0.054000000000000006,3.0,3,1553285441933,16781338,195
2019-03-22 20:36:29.364,4.0,sell,3983.61,BTC-26APR19-4000-C,45.99,0.0535,4.0,2,1553286989364,16781715,196
2019-03-22 21:15:01.353,0.2,sell,3984.44,BTC-26APR19-4000-C,45.54,0.053,0.2,2,1553289301353,16782436,197
2019-03-22 21:15:01.353,0.8,sell,3984.44,BTC-26APR19-4000-C,45.13,0.0525,0.8,2,1553289301353,16782437,198
2019-03-23 12:08:45.203,0.3,sell,3982.27,BTC-26APR19-4000-C,44.74,0.052000000000000005,0.3,2,1553342925203,16791844,199
2019-03-23 12:09:02.568,0.3,sell,3982.3,BTC-26APR19-4000-C,44.73,0.052000000000000005,0.3,3,1553342942568,16791845,200
2019-03-23 13:12:55.373,1.0,sell,3971.18,BTC-26APR19-4000-C,45.48,0.0515,1.0,2,1553346775373,16792587,201
2019-03-23 21:47:38.353,0.2,buy,3974.72,BTC-26APR19-4000-C,46.82,0.053,0.2,0,1553377658353,16795663,202
2019-03-23 21:47:38.353,2.6,buy,3974.72,BTC-26APR19-4000-C,46.82,0.053,2.6,1,1553377658353,16795664,203
2019-03-23 23:07:46.211,1.0,buy,3978.38,BTC-26APR19-4000-C,45.97,0.052000000000000005,1.0,2,1553382466211,16795910,204
2019-03-24 01:16:42.384,2.0,buy,3975.05,BTC-26APR19-4000-C,46.05,0.052,2.0,3,1553390202384,16796782,205
