date_utc,amount,direction,indexPrice,instrument,iv,price,quantity,tickDirection,timeStamp,tradeId,tradeSeq
2019-02-16 01:08:40.137,0.5,sell,3575.45,BTC-26APR19-4000-C,54.31,0.0505,0.5,1,1550279320137,15404130,1
2019-02-16 02:58:32.675,0.5,sell,3580.88,BTC-26APR19-4000-C,55.51,0.0525,0.5,0,1550285912675,15405404,2
2019-02-16 03:01:20.150,1.0,sell,3582.18,BTC-26APR19-4000-C,55.17,0.052000000000000005,1.0,2,1550286080150,15405464,3
2019-02-16 15:17:09.980,3.0,buy,3599.08,BTC-26APR19-4000-C,55.07,0.054000000000000006,3.0,0,1550330229980,15419532,4
2019-02-18 01:07:48.145,2.0,buy,3705.8,BTC-26APR19-4000-C,54.03,0.062,2.0,0,1550452068145,15469761,5
2019-02-18 12:39:23.107,3.0,buy,3716.88,BTC-26APR19-4000-C,55.43,0.064,3.0,0,1550493563107,15516740,6
2019-02-18 13:41:49.873,0.5,buy,3783.37,BTC-26APR19-4000-C,53.26,0.0665,0.5,0,1550497309873,15529520,7
2019-02-19 08:50:46.215,0.9,buy,3886.42,BTC-26APR19-4000-C,60.44,0.091,0.9,0,1550566246215,15615365,9
2019-02-19 08:50:46.215,4.1,buy,3886.42,BTC-26APR19-4000-C,59.85,0.09,4.1,0,1550566246215,15615364,8
2019-02-19 18:47:01.501,0.5,sell,3927.15,BTC-26APR19-4000-C,58.5,0.091,0.5,1,1550602021501,15658873,10
2019-02-19 23:41:20.862,3.0,sell,3892.34,BTC-26APR19-4000-C,58.03,0.087,3.0,2,1550619680862,15668904,11
2019-02-19 23:47:02.896,1.0,sell,3893.43,BTC-26APR19-4000-C,57.83,0.0865,1.0,2,1550620022896,15669221,12
2019-02-20 00:37:42.516,4.7,sell,3866.51,BTC-26APR19-4000-C,57.25,0.083,4.7,3,1550623062516,15671292,14
2019-02-20 00:37:42.516,3.3000000000000003,sell,3866.51,BTC-26APR19-4000-C,57.25,0.083,3.3000000000000003,2,1550623062516,15671291,13
2019-02-20 19:58:14.760,3.0,buy,3924.0,BTC-26APR19-4000-C,59.83,0.0925,3.0,0,1550692694760,15709389,15
2019-02-20 19:58:21.149,6.0,buy,3924.21,BTC-26APR19-4000-C,55.62,0.0855,6.0,2,1550692701149,15709506,16
2019-02-20 23:50:56.833,4.0,buy,3934.96,BTC-26APR19-4000-C,60.14,0.0945,4.0,0,1550706656833,15714736,17
2019-02-21 11:57:06.622,0.5,sell,3891.91,BTC-26APR19-4000-C,55.41,0.08199999999999999,0.5,2,1550750226622,15741754,18
2019-02-22 02:12:37.643,5.1000000000000005,buy,3916.43,BTC-26APR19-4000-C,55.46,0.0845,5.1000000000000005,0,1550801557643,15753869,19
2019-02-22 02:14:29.871,6.0,buy,3916.85,BTC-26APR19-4000-C,55.08,0.084,6.0,2,1550801669871,15753884,20
2019-02-22 07:19:41.455,5.0,buy,3894.78,BTC-26APR19-4000-C,56.08,0.083,5.0,2,1550819981455,15758443,21
2019-02-22 08:02:47.579,1.0,sell,3894.82,BTC-26APR19-4000-C,54.65,0.08,1.0,2,1550822567579,15760109,22
2019-02-22 08:02:51.022,1.0,sell,3894.73,BTC-26APR19-4000-C,54.66,0.08,1.0,3,1550822571022,15760110,23
2019-02-22 08:58:38.414,0.5,buy,3925.82,BTC-26APR19-4000-C,57.15,0.0875,0.5,0,1550825918414,15764534,24
2019-02-22 13:25:57.177,0.5,sell,3941.03,BTC-26APR19-4000-C,55.52,0.0875,0.5,1,1550841957177,15773540,25
2019-02-22 13:50:47.208,3.0,buy,3953.91,BTC-26APR19-4000-C,56.08,0.09,3.0,0,1550843447208,15774893,26
2019-02-22 13:50:48.364,0.6,buy,3953.66,BTC-26APR19-4000-C,56.1,0.09,0.6,1,1550843448364,15774898,27
2019-02-22 13:51:05.235,2.4,sell,3951.07,BTC-26APR19-4000-C,56.24,0.09,2.4,1,1550843465235,15775004,28
2019-02-22 13:51:19.514,1.2,buy,3950.37,BTC-26APR19-4000-C,55.91,0.0895,1.2,2,1550843479514,15775055,29
2019-02-22 17:29:15.089,0.1,buy,3928.15,BTC-26APR19-4000-C,57.8,0.08900000000000001,0.1,2,1550856555089,15784689,30
2019-02-22 21:22:14.369,1.6,buy,3936.67,BTC-26APR19-4000-C,57.45,0.08900000000000001,1.6,3,1550870534369,15787705,32
2019-02-22 21:22:14.369,4.4,buy,3936.67,BTC-26APR19-4000-C,57.45,0.08900000000000001,4.4,3,1550870534369,15787704,31
2019-02-23 07:00:48.559,3.7,buy,3928.97,BTC-26APR19-4000-C,58.3,0.0885,3.7,2,1550905248559,15797112,33
2019-02-23 07:19:09.209,3.7,buy,3926.1,BTC-26APR19-4000-C,58.72,0.08900000000000001,3.7,0,1550906349209,15797211,34
2019-02-23 07:29:15.497,3.7,buy,3926.04,BTC-26APR19-4000-C,59.05,0.0895,3.7,0,1550906955497,15797298,35
2019-02-23 07:39:20.752,3.7,buy,3926.23,BTC-26APR19-4000-C,59.29,0.09,3.7,0,1550907560752,15797332,36
2019-02-23 08:19:50.840,3.0,sell,3926.95,BTC-26APR19-4000-C,59.9,0.091,3.0,0,1550909990840,15797608,37
2019-02-23 08:29:54.579,3.7,buy,3926.72,BTC-26APR19-4000-C,60.22,0.0915,3.7,0,1550910594579,15797673,38
2019-02-23 08:35:52.373,3.7,sell,3923.7,BTC-26APR19-4000-C,60.28,0.0915,3.7,1,1550910952373,15797739,39
2019-02-23 12:18:48.743,2.0,sell,3932.64,BTC-26APR19-4000-C,59.83,0.091,2.0,2,1550924328743,15802338,40
2019-02-23 18:48:55.408,4.0,buy,4101.12,BTC-26APR19-4000-C,59.83,0.11,4.0,0,1550947735408,15838544,41
