date_utc,amount,direction,indexPrice,instrument,iv,price,quantity,tickDirection,timeStamp,tradeId,tradeSeq
2019-02-16 01:08:40.137,0.5,sell,3575.45,BTC-26APR19-4000-C,54.31,0.0505,0.5,1,1550279320137,15404130,1
2019-02-16 02:58:32.675,0.5,sell,3580.88,BTC-26APR19-4000-C,55.51,0.0525,0.5,0,1550285912675,15405404,2
2019-02-16 03:01:20.150,1.0,sell,3582.18,BTC-26APR19-4000-C,55.17,0.052000000000000005,1.0,2,1550286080150,15405464,3
2019-02-16 15:17:09.980,3.0,buy,3599.08,BTC-26APR19-4000-C,55.07,0.054000000000000006,3.0,0,1550330229980,15419532,4
2019-02-18 01:07:48.145,2.0,buy,3705.8,BTC-26APR19-4000-C,54.03,0.062,2.0,0,1550452068145,15469761,5
2019-02-18 12:39:23.107,3.0,buy,3716.88,BTC-26APR19-4000-C,55.43,0.064,3.0,0,1550493563107,15516740,6
2019-02-18 13:41:49.873,0.5,buy,3783.37,BTC-26APR19-4000-C,53.26,0.0665,0.5,0,1550497309873,15529520,7
2019-02-19 08:50:46.215,0.9,buy,3886.42,BTC-26APR19-4000-C,60.44,0.091,0.9,0,1550566246215,15615365,9
2019-02-19 08:50:46.215,4.1,buy,3886.42,BTC-26APR19-4000-C,59.85,0.09,4.1,0,1550566246215,15615364,8
2019-02-19 18:47:01.501,0.5,sell,3927.15,BTC-26APR19-4000-C,58.5,0.091,0.5,1,1550602021501,15658873,10
2019-02-19 23:41:20.862,3.0,sell,3892.34,BTC-26APR19-4000-C,58.03,0.087,3.0,2,1550619680862,15668904,11
2019-02-19 23:47:02.896,1.0,sell,3893.43,BTC-26APR19-4000-C,57.83,0.0865,1.0,2,1550620022896,15669221,12
2019-02-20 00:37:42.516,3.3000000000000003,sell,3866.51,BTC-26APR19-4000-C,57.25,0.083,3.3000000000000003,2,1550623062516,15671291,13
2019-02-20 00:37:42.516,4.7,sell,3866.51,BTC-26APR19-4000-C,57.25,0.083,4.7,3,1550623062516,15671292,14
2019-02-20 19:58:14.760,3.0,buy,3924.0,BTC-26APR19-4000-C,59.83,0.0925,3.0,0,1550692694760,15709389,15
2019-02-20 19:58:21.149,6.0,buy,3924.21,BTC-26APR19-4000-C,55.62,0.0855,6.0,2,1550692701149,15709506,16
2019-02-20 23:50:56.833,4.0,buy,3934.96,BTC-26APR19-4000-C,60.14,0.0945,4.0,0,1550706656833,15714736,17
2019-02-21 11:57:06.622,0.5,sell,3891.91,BTC-26APR19-4000-C,55.41,0.08199999999999999,0.5,2,1550750226622,15741754,18
2019-02-22 02:12:37.643,5.1000000000000005,buy,3916.43,BTC-26APR19-4000-C,55.46,0.0845,5.1000000000000005,0,1550801557643,15753869,19
2019-02-22 02:14:29.871,6.0,buy,3916.85,BTC-26APR19-4000-C,55.08,0.084,6.0,2,1550801669871,15753884,20
2019-02-22 07:19:41.455,5.0,buy,3894.78,BTC-26APR19-4000-C,56.08,0.083,5.0,2,1550819981455,15758443,21
2019-02-22 08:02:47.579,1.0,sell,3894.82,BTC-26APR19-4000-C,54.65,0.08,1.0,2,1550822567579,15760109,22
2019-02-22 08:02:51.022,1.0,sell,3894.73,BTC-26APR19-4000-C,54.66,0.08,1.0,3,1550822571022,15760110,23
2019-02-22 08:58:38.414,0.5,buy,3925.82,BTC-26APR19-4000-C,57.15,0.0875,0.5,0,1550825918414,15764534,24
2019-02-22 13:25:57.177,0.5,sell,3941.03,BTC-26APR19-4000-C,55.52,0.0875,0.5,1,1550841957177,15773540,25
2019-02-22 13:50:47.208,3.0,buy,3953.91,BTC-26APR19-4000-C,56.08,0.09,3.0,0,1550843447208,15774893,26
2019-02-22 13:50:48.364,0.6,buy,3953.66,BTC-26APR19-4000-C,56.1,0.09,0.6,1,1550843448364,15774898,27
2019-02-22 13:51:05.235,2.4,sell,3951.07,BTC-26APR19-4000-C,56.24,0.09,2.4,1,1550843465235,15775004,28
2019-02-22 13:51:19.514,1.2,buy,3950.37,BTC-26APR19-4000-C,55.91,0.0895,1.2,2,1550843479514,15775055,29
2019-02-22 17:29:15.089,0.1,buy,3928.15,BTC-26APR19-4000-C,57.8,0.08900000000000001,0.1,2,1550856555089,15784689,30
2019-02-22 21:22:14.369,1.6,buy,3936.67,BTC-26APR19-4000-C,57.45,0.08900000000000001,1.6,3,1550870534369,15787705,32
2019-02-22 21:22:14.369,4.4,buy,3936.67,BTC-26APR19-4000-C,57.45,0.08900000000000001,4.4,3,1550870534369,15787704,31
2019-02-23 07:00:48.559,3.7,buy,3928.97,BTC-26APR19-4000-C,58.3,0.0885,3.7,2,1550905248559,15797112,33
2019-02-23 07:19:09.209,3.7,buy,3926.1,BTC-26APR19-4000-C,58.72,0.08900000000000001,3.7,0,1550906349209,15797211,34
2019-02-23 07:29:15.497,3.7,buy,3926.04,BTC-26APR19-4000-C,59.05,0.0895,3.7,0,1550906955497,15797298,35
2019-02-23 07:39:20.752,3.7,buy,3926.23,BTC-26APR19-4000-C,59.29,0.09,3.7,0,1550907560752,15797332,36
2019-02-23 08:19:50.840,3.0,sell,3926.95,BTC-26APR19-4000-C,59.9,0.091,3.0,0,1550909990840,15797608,37
2019-02-23 08:29:54.579,3.7,buy,3926.72,BTC-26APR19-4000-C,60.22,0.0915,3.7,0,1550910594579,15797673,38
2019-02-23 08:35:52.373,3.7,sell,3923.7,BTC-26APR19-4000-C,60.28,0.0915,3.7,1,1550910952373,15797739,39
2019-02-23 12:18:48.743,2.0,sell,3932.64,BTC-26APR19-4000-C,59.83,0.091,2.0,2,1550924328743,15802338,40
2019-02-23 18:48:55.408,4.0,buy,4101.12,BTC-26APR19-4000-C,59.83,0.11,4.0,0,1550947735408,15838544,41
2019-02-24 14:20:53.603,5.8,sell,3828.16,BTC-26APR19-4000-C,59.03,0.071,5.8,2,1551018053603,15907477,42
2019-02-24 15:08:22.175,2.0,buy,3805.54,BTC-26APR19-4000-C,61.38,0.0755,2.0,0,1551020902175,15931465,43
2019-02-24 17:36:07.712,1.0,buy,3779.38,BTC-26APR19-4000-C,61.01,0.073,1.0,2,1551029767712,15951739,44
2019-02-24 21:18:18.392,1.0,buy,3798.06,BTC-26APR19-4000-C,58.85,0.071,1.0,2,1551043098392,15957863,45
2019-02-24 21:44:57.793,1.0,sell,3782.98,BTC-26APR19-4000-C,57.44,0.067,1.0,2,1551044697793,15959430,46
2019-02-25 10:21:15.041,5.6000000000000005,sell,3755.73,BTC-26APR19-4000-C,60.27,0.0695,5.6000000000000005,0,1551090075041,15982533,47
2019-02-25 10:21:15.102,4.4,buy,3755.73,BTC-26APR19-4000-C,60.27,0.0695,4.4,1,1551090075102,15982534,48
2019-02-25 10:21:30.129,5.0,sell,3755.59,BTC-26APR19-4000-C,60.33,0.0695,5.0,1,1551090090129,15982655,49
2019-02-25 12:16:26.919,5.0,buy,3782.61,BTC-26APR19-4000-C,59.63,0.071,5.0,0,1551096986919,15986414,50
2019-02-25 12:16:40.438,4.8,buy,3784.83,BTC-26APR19-4000-C,60.37,0.0725,4.8,0,1551097000438,15986425,51
2019-02-26 08:20:22.308,0.1,sell,3787.06,BTC-26APR19-4000-C,58.38,0.069,0.1,2,1551169222308,16024168,52
2019-02-26 15:44:21.101,4.2,sell,3811.5,BTC-26APR19-4000-C,59.2,0.07200000000000001,4.2,0,1551195861101,16034928,53
2019-02-26 15:46:10.109,5.6000000000000005,buy,3810.98,BTC-26APR19-4000-C,59.38,0.07200000000000001,5.6000000000000005,1,1551195970109,16035003,54
2019-02-26 15:46:37.281,5.0,buy,3811.32,BTC-26APR19-4000-C,59.37,0.07200000000000001,5.0,1,1551195997281,16035020,55
2019-02-26 15:55:58.034,6.0,sell,3809.62,BTC-26APR19-4000-C,59.18,0.0715,6.0,2,1551196558034,16035172,56
2019-02-26 20:18:23.390,1.0,sell,3806.11,BTC-26APR19-4000-C,57.91,0.0695,1.0,2,1551212303390,16041288,57
2019-02-27 16:32:41.722,50.0,buy,3802.75,BTC-26APR19-4000-C,57.67,0.068,50.0,2,1551285161722,16062773,58
2019-02-28 06:25:31.387,1.1,sell,3806.26,BTC-26APR19-4000-C,56.51,0.0665,1.1,2,1551335131387,16094748,59
2019-02-28 15:32:57.168,0.1,buy,3777.8,BTC-26APR19-4000-C,56.62,0.0645,0.1,2,1551367977168,16109775,60
2019-02-28 15:32:57.248,0.1,buy,3777.8,BTC-26APR19-4000-C,56.62,0.0645,0.1,3,1551367977248,16109776,61
2019-02-28 15:32:57.465,5.4,buy,3777.8,BTC-26APR19-4000-C,56.62,0.0645,5.4,3,1551367977465,16109778,62
2019-02-28 15:32:59.241,0.4,buy,3777.78,BTC-26APR19-4000-C,56.59,0.0645,0.4,3,1551367979241,16109798,63
2019-03-01 15:31:55.716,1.0,sell,3815.86,BTC-26APR19-4000-C,54.67,0.064,1.0,2,1551454315716,16151471,64
2019-03-02 21:19:01.330,0.1,buy,3808.15,BTC-26APR19-4000-C,55.86,0.064,0.1,3,1551561541330,16181539,65
2019-03-03 11:14:40.841,0.2,buy,3812.68,BTC-26APR19-4000-C,55.78,0.064,0.2,3,1551611680841,16188196,66
2019-03-04 06:43:16.390,1.0,buy,3727.55,BTC-26APR19-4000-C,56.21,0.056,1.0,2,1551681796390,16220804,67
2019-03-04 16:33:08.528,0.1,buy,3711.15,BTC-26APR19-4000-C,54.3,0.0515,0.1,2,1551717188528,16239783,68
2019-03-04 17:13:18.637,0.5,buy,3716.36,BTC-26APR19-4000-C,54.29,0.0515,0.5,3,1551719598637,16240280,69
2019-03-04 17:58:22.304,0.4,buy,3719.08,BTC-26APR19-4000-C,54.1,0.0515,0.4,3,1551722302304,16240573,70
2019-03-04 18:36:32.520,1.0,sell,3708.76,BTC-26APR19-4000-C,53.45,0.0495,1.0,2,1551724592520,16242119,71
2019-03-05 07:28:02.866,1.0,buy,3712.39,BTC-26APR19-4000-C,54.07,0.051,1.0,0,1551770882866,16250780,72
2019-03-05 08:48:19.625,1.0,buy,3729.94,BTC-26APR19-4000-C,55.71,0.055,1.0,0,1551775699625,16252630,73
2019-03-05 15:15:12.291,0.1,sell,3825.23,BTC-26APR19-4000-C,53.48,0.061,0.1,0,1551798912291,16279971,74
2019-03-06 16:44:33.424,1.0,buy,3849.66,BTC-26APR19-4000-C,54.48,0.0645,1.0,0,1551890673424,16325237,75
2019-03-06 16:45:56.534,0.5,buy,3850.7,BTC-26APR19-4000-C,54.34,0.0645,0.5,1,1551890756534,16325292,76
2019-03-07 09:46:25.335,0.1,sell,3849.18,BTC-26APR19-4000-C,51.27,0.059,0.1,2,1551951985335,16347114,77
2019-03-08 04:19:39.052,0.1,buy,3857.75,BTC-26APR19-4000-C,52.31,0.061,0.1,0,1552018779052,16367082,78
2019-03-08 06:08:21.573,1.0,sell,3873.84,BTC-26APR19-4000-C,49.35,0.058,1.0,2,1552025301573,16368930,79
2019-03-08 15:00:43.372,0.1,buy,3893.06,BTC-26APR19-4000-C,51.71,0.063,0.1,0,1552057243372,16387631,80
2019-03-08 22:08:24.885,1.0,buy,3805.04,BTC-26APR19-4000-C,53.34,0.055999999999999994,1.0,2,1552082904885,16402177,81
2019-03-08 22:08:35.121,1.0,sell,3802.85,BTC-26APR19-4000-C,52.79,0.055,1.0,2,1552082915121,16402206,82
2019-03-08 22:08:37.883,1.0,sell,3802.56,BTC-26APR19-4000-C,52.83,0.055,1.0,3,1552082917883,16402218,83
2019-03-09 16:55:39.136,0.1,buy,3912.02,BTC-26APR19-4000-C,51.59,0.063,0.1,0,1552150539136,16440458,84
2019-03-10 16:59:48.982,0.3,buy,3878.65,BTC-26APR19-4000-C,52.17,0.06,0.3,2,1552237188982,16464792,85
2019-03-10 20:34:12.922,0.1,buy,3893.53,BTC-26APR19-4000-C,52.16,0.0615,0.1,0,1552250052922,16466304,86
2019-03-10 21:06:51.291,0.1,buy,3898.13,BTC-26APR19-4000-C,51.9,0.0615,0.1,1,1552252011291,16466687,87
2019-03-11 04:35:41.723,0.5,sell,3895.79,BTC-26APR19-4000-C,51.38,0.0605,0.5,2,1552278941723,16472130,88
2019-03-11 05:00:10.682,0.1,sell,3886.26,BTC-26APR19-4000-C,51.47,0.0595,0.1,2,1552280410682,16472849,89
2019-03-11 06:53:59.215,0.5,buy,3874.84,BTC-26APR19-4000-C,51.56,0.0585,0.5,2,1552287239215,16478928,90
2019-03-11 09:04:57.749,0.1,sell,3869.05,BTC-26APR19-4000-C,49.63,0.055,0.1,2,1552295097749,16480934,91
2019-03-12 12:47:57.743,1.5,buy,3869.88,BTC-26APR19-4000-C,50.56,0.0555,1.5,0,1552394877743,16519296,92
2019-03-12 13:39:15.650,2.0,buy,3868.22,BTC-26APR19-4000-C,49.67,0.054000000000000006,2.0,2,1552397955650,16520620,93
2019-03-12 14:25:51.506,1.0,buy,3865.73,BTC-26APR19-4000-C,50.12,0.054000000000000006,1.0,3,1552400751506,16521110,94
2019-03-12 14:58:51.201,1.0,buy,3865.82,BTC-26APR19-4000-C,49.12,0.0525,1.0,2,1552402731201,16521639,95
2019-03-13 19:28:53.048,1.0,sell,3857.66,BTC-26APR19-4000-C,48.88,0.05,1.0,2,1552505333048,16544552,96
2019-03-13 19:45:40.424,1.0,sell,3854.23,BTC-26APR19-4000-C,48.04,0.0485,1.0,2,1552506340424,16544700,97
2019-03-13 22:41:16.688,2.0,buy,3851.63,BTC-26APR19-4000-C,49.24,0.05,2.0,0,1552516876688,16546174,98
2019-03-14 10:42:23.294,1.0,buy,3847.87,BTC-26APR19-4000-C,49.61,0.05,1.0,1,1552560143294,16552298,99
2019-03-14 11:03:13.593,0.1,sell,3846.95,BTC-26APR19-4000-C,48.41,0.0485,0.1,2,1552561393593,16552408,100
2019-03-14 16:30:15.732,1.0,sell,3852.6,BTC-26APR19-4000-C,48.18,0.0485,1.0,3,1552581015732,16572096,101
2019-03-14 19:55:44.627,0.5,sell,3851.69,BTC-26APR19-4000-C,48.24,0.0485,0.5,3,1552593344627,16573129,103
2019-03-14 19:55:44.627,0.5,sell,3851.69,BTC-26APR19-4000-C,48.24,0.0485,0.5,3,1552593344627,16573128,102
2019-03-15 06:38:15.827,0.5,buy,3862.04,BTC-26APR19-4000-C,49.76,0.0515,0.5,0,1552631895827,16579183,104
2019-03-15 06:38:15.827,0.2,buy,3862.04,BTC-26APR19-4000-C,49.76,0.0515,0.2,1,1552631895827,16579184,105
2019-03-15 11:41:50.837,1.0,buy,3880.73,BTC-26APR19-4000-C,50.23,0.054000000000000006,1.0,0,1552650110837,16586344,106
2019-03-15 15:31:14.744,0.5,buy,3905.19,BTC-26APR19-4000-C,48.46,0.0535,0.5,2,1552663874744,16594642,107
2019-03-15 20:09:20.835,4.5,buy,3905.4,BTC-26APR19-4000-C,49.17,0.055,4.5,0,1552680560835,16600345,108
2019-03-16 03:52:06.509,4.0,buy,3961.02,BTC-26APR19-4000-C,50.73,0.063,4.0,0,1552708326509,16613514,109
2019-03-16 04:20:25.892,3.5,buy,4011.27,BTC-26APR19-4000-C,51.37,0.0695,3.5,1,1552710025892,16619955,111
2019-03-16 04:20:25.892,5.0,buy,4011.27,BTC-26APR19-4000-C,51.37,0.0695,5.0,0,1552710025892,16619954,110
2019-03-16 05:07:11.139,3.0,buy,4015.84,BTC-26APR19-4000-C,52.29,0.071,3.0,1,1552712831139,16627923,113
2019-03-16 05:07:11.139,7.0,buy,4015.84,BTC-26APR19-4000-C,52.29,0.071,7.0,0,1552712831139,16627922,112
2019-03-16 05:07:13.853,0.5,buy,4016.63,BTC-26APR19-4000-C,52.22,0.071,0.5,1,1552712833853,16627924,114
2019-03-16 05:07:21.018,7.0,buy,4015.84,BTC-26APR19-4000-C,53.02,0.07200000000000001,7.0,0,1552712841018,16627939,115
2019-03-16 05:07:30.098,3.0,sell,4015.3,BTC-26APR19-4000-C,53.01,0.07200000000000001,3.0,1,1552712850098,16627946,116
2019-03-16 05:07:30.098,0.5,sell,4015.3,BTC-26APR19-4000-C,52.26,0.071,0.5,2,1552712850098,16627947,117
2019-03-16 05:58:20.964,3.0,sell,4005.69,BTC-26APR19-4000-C,51.67,0.0685,3.0,2,1552715900964,16632583,118
2019-03-16 06:04:08.809,5.1000000000000005,sell,3997.5,BTC-26APR19-4000-C,51.55,0.0675,5.1000000000000005,2,1552716248809,16632739,119
2019-03-16 09:01:29.539,0.2,sell,3992.44,BTC-26APR19-4000-C,50.27,0.0655,0.2,2,1552726889539,16636674,120
2019-03-16 09:30:27.147,0.3,sell,4004.19,BTC-26APR19-4000-C,49.88,0.066,0.3,0,1552728627147,16637148,121
2019-03-16 20:06:47.885,1.0,sell,3974.02,BTC-26APR19-4000-C,50.79,0.064,1.0,2,1552766807885,16648585,122
2019-03-17 00:30:35.224,3.0,buy,3977.21,BTC-26APR19-4000-C,50.91,0.0645,3.0,0,1552782635224,16651603,123
2019-03-17 00:31:37.009,2.0,buy,3975.12,BTC-26APR19-4000-C,50.84,0.064,2.0,2,1552782697009,16651676,124
2019-03-17 00:37:09.683,2.0,buy,3969.25,BTC-26APR19-4000-C,51.23,0.064,2.0,3,1552783029683,16651960,125
2019-03-17 00:38:12.408,2.0,buy,3963.66,BTC-26APR19-4000-C,50.99,0.063,2.0,2,1552783092408,16652045,126
2019-03-17 01:06:10.407,1.0,buy,3967.23,BTC-26APR19-4000-C,51.16,0.0635,1.0,0,1552784770407,16652800,127
2019-03-17 12:21:51.277,0.1,buy,3963.88,BTC-26APR19-4000-C,49.4,0.06,0.1,2,1552825311277,16662233,128
2019-03-17 18:40:38.190,0.2,buy,3967.7,BTC-26APR19-4000-C,48.64,0.0595,0.2,2,1552848038190,16666274,129
2019-03-17 19:43:57.748,0.5,buy,3973.12,BTC-26APR19-4000-C,49.14,0.0605,0.5,0,1552851837748,16666571,130
2019-03-17 22:39:22.396,0.5,sell,3969.31,BTC-26APR19-4000-C,47.4,0.0575,0.5,2,1552862362396,16667693,131
2019-03-18 07:34:45.916,0.1,buy,3949.94,BTC-26APR19-4000-C,49.54,0.057999999999999996,0.1,0,1552894485916,16683592,132
2019-03-18 10:50:03.278,0.3,sell,3950.96,BTC-26APR19-4000-C,47.27,0.055,0.3,2,1552906203278,16686746,133
2019-03-18 12:10:14.816,1.0,sell,3960.04,BTC-26APR19-4000-C,46.47,0.055,1.0,3,1552911014816,16688669,134
2019-03-18 12:39:10.350,0.1,buy,3965.74,BTC-26APR19-4000-C,47.76,0.0575,0.1,0,1552912750350,16689150,135
2019-03-18 15:53:42.604,5.2,sell,3966.52,BTC-26APR19-4000-C,46.87,0.055999999999999994,5.2,2,1552924422604,16691466,136
2019-03-18 16:22:08.708,4.2,buy,3966.66,BTC-26APR19-4000-C,46.8,0.055999999999999994,4.2,3,1552926128708,16691736,137
2019-03-18 19:06:17.601,5.0,sell,3960.53,BTC-26APR19-4000-C,46.07,0.0545,5.0,2,1552935977601,16692784,138
2019-03-18 19:09:42.554,0.2,buy,3961.02,BTC-26APR19-4000-C,46.47,0.055,0.2,0,1552936182554,16692788,139
2019-03-18 19:40:38.903,1.0,buy,3960.21,BTC-26APR19-4000-C,46.46,0.055,1.0,1,1552938038903,16692928,140
2019-03-19 18:23:34.432,1.0,sell,3998.76,BTC-26APR19-4000-C,45.48,0.0575,1.0,0,1553019814432,16714391,141
2019-03-19 21:27:11.407,0.1,buy,3985.11,BTC-26APR19-4000-C,47.2,0.0575,0.1,1,1553030831407,16716249,142
2019-03-19 23:09:39.697,3.8,buy,3993.75,BTC-26APR19-4000-C,46.0,0.057,3.8,2,1553036979697,16716958,143
2019-03-19 23:09:44.509,3.8,buy,3993.77,BTC-26APR19-4000-C,46.0,0.057,3.8,3,1553036984509,16716959,144
2019-03-19 23:09:59.306,3.0,buy,3993.69,BTC-26APR19-4000-C,46.0,0.057,3.0,3,1553036999306,16716960,145
2019-03-20 00:37:13.941,3.8,sell,3991.04,BTC-26APR19-4000-C,46.41,0.0575,3.8,0,1553042233941,16719574,146
2019-03-20 00:37:18.680,2.5,sell,3989.55,BTC-26APR19-4000-C,46.5,0.0575,2.5,1,1553042238680,16719669,147
2019-03-20 00:37:22.901,0.5,buy,3989.33,BTC-26APR19-4000-C,46.14,0.057,0.5,2,1553042242901,16719704,148
2019-03-20 00:55:19.786,0.5,sell,3990.15,BTC-26APR19-4000-C,44.25,0.0545,0.5,2,1553043319786,16720630,149
2019-03-20 00:55:19.786,0.5,sell,3990.15,BTC-26APR19-4000-C,44.25,0.0545,0.5,3,1553043319786,16720631,150
2019-03-20 13:03:47.978,1.0,buy,3999.52,BTC-26APR19-4000-C,44.85,0.055999999999999994,1.0,0,1553087027978,16731794,151
2019-03-20 14:14:34.572,0.2,buy,3993.88,BTC-26APR19-4000-C,46.41,0.057,0.2,0,1553091274572,16732444,152
2019-03-20 14:14:34.572,6.0,buy,3993.88,BTC-26APR19-4000-C,46.8,0.0575,6.0,0,1553091274572,16732446,154
2019-03-20 14:14:34.572,3.8,buy,3993.88,BTC-26APR19-4000-C,46.41,0.057,3.8,1,1553091274572,16732445,153
2019-03-20 17:25:17.130,3.7,buy,4000.43,BTC-26APR19-4000-C,47.35,0.059,3.7,0,1553102717130,16737039,155
2019-03-20 18:02:57.495,5.0,sell,4001.43,BTC-26APR19-4000-C,45.47,0.0565,5.0,2,1553104977495,16737642,156
2019-03-20 18:06:05.094,2.0,buy,4003.54,BTC-26APR19-4000-C,46.02,0.0575,2.0,0,1553105165094,16737687,157
2019-03-20 19:22:07.736,0.2,sell,4010.67,BTC-26APR19-4000-C,45.49,0.0575,0.2,1,1553109727736,16738588,158
2019-03-20 21:09:33.668,1.0,sell,4010.94,BTC-26APR19-4000-C,45.59,0.0575,1.0,1,1553116173668,16739511,159
2019-03-20 22:36:07.360,2.0,buy,4035.11,BTC-26APR19-4000-C,45.04,0.06,2.0,0,1553121367360,16741995,160
2019-03-20 22:57:10.452,0.1,sell,4030.4,BTC-26APR19-4000-C,45.25,0.0595,0.1,2,1553122630452,16743948,161
2019-03-21 12:19:09.428,0.5,buy,4043.04,BTC-26APR19-4000-C,45.36,0.061,0.5,1,1553170749428,16752244,163
2019-03-21 12:19:09.428,0.1,buy,4043.04,BTC-26APR19-4000-C,45.36,0.061,0.1,0,1553170749428,16752243,162
2019-03-21 12:41:21.954,0.1,sell,4038.04,BTC-26APR19-4000-C,45.57,0.0605,0.1,2,1553172081954,16754374,164
2019-03-21 14:50:37.205,4.2,buy,3975.2,BTC-26APR19-4000-C,45.65,0.053,4.2,2,1553179837205,16760725,165
2019-03-21 14:51:31.264,4.2,buy,3977.5,BTC-26APR19-4000-C,45.71,0.053,4.2,3,1553179891264,16760901,166
2019-03-21 16:46:44.500,1.0,sell,3947.29,BTC-26APR19-4000-C,45.08,0.049,1.0,2,1553186804500,16768935,167
2019-03-21 16:59:14.229,1.0,buy,3957.28,BTC-26APR19-4000-C,45.06,0.05,1.0,0,1553187554229,16769384,168
2019-03-21 19:34:10.826,0.5,sell,3970.93,BTC-26APR19-4000-C,44.53,0.051,0.5,0,1553196850826,16770804,169
2019-03-21 22:54:12.869,2.0,sell,3976.67,BTC-26APR19-4000-C,46.07,0.0535,2.0,0,1553208852869,16772309,170
2019-03-22 02:29:43.339,4.0,buy,3980.5,BTC-26APR19-4000-C,45.65,0.0535,4.0,1,1553221783339,16773439,172
2019-03-22 02:29:43.339,0.5,buy,3980.5,BTC-26APR19-4000-C,45.65,0.0535,0.5,1,1553221783339,16773438,171
2019-03-22 02:29:49.835,4.1,buy,3980.52,BTC-26APR19-4000-C,45.65,0.0535,4.1,1,1553221789835,16773441,173
2019-03-22 03:36:19.158,0.2,buy,3978.89,BTC-26APR19-4000-C,45.81,0.0535,0.2,1,1553225779158,16773677,174
2019-03-22 03:36:19.158,0.3,buy,3978.89,BTC-26APR19-4000-C,45.81,0.0535,0.3,1,1553225779158,16773678,175
2019-03-22 03:36:19.158,3.5,buy,3978.89,BTC-26APR19-4000-C,45.81,0.0535,3.5,1,1553225779158,16773679,176
2019-03-22 03:47:45.089,0.3,sell,3977.54,BTC-26APR19-4000-C,45.49,0.053,0.3,2,1553226465089,16773712,177
2019-03-22 04:32:21.912,4.2,buy,3972.37,BTC-26APR19-4000-C,45.19,0.052000000000000005,4.2,2,1553229141912,16774047,178
2019-03-22 04:37:12.904,0.5,sell,3972.87,BTC-26APR19-4000-C,45.18,0.052000000000000005,0.5,3,1553229432904,16774088,179
2019-03-22 07:52:56.486,4.4,buy,3964.65,BTC-26APR19-4000-C,44.57,0.0505,4.4,2,1553241176486,16775336,180
2019-03-22 07:52:58.407,4.4,sell,3964.65,BTC-26APR19-4000-C,44.58,0.0505,4.4,3,1553241178407,16775343,181
2019-03-22 08:43:47.673,0.2,sell,3976.1,BTC-26APR19-4000-C,43.66,0.0505,0.2,3,1553244227673,16776273,182
2019-03-22 08:43:47.673,0.8,sell,3976.1,BTC-26APR19-4000-C,42.44,0.049,0.8,2,1553244227673,16776274,183
2019-03-22 11:55:04.080,3.0,sell,3982.8,BTC-26APR19-4000-C,44.58,0.052000000000000005,3.0,0,1553255704080,16777288,184
2019-03-22 14:50:10.605,0.1,buy,3991.63,BTC-26APR19-4000-C,45.86,0.0545,0.1,0,1553266210605,16779142,185
2019-03-22 15:20:08.106,0.2,buy,3990.13,BTC-26APR19-4000-C,45.5,0.054000000000000006,0.2,2,1553268008106,16779382,186
2019-03-22 15:26:33.390,1.0,buy,3986.7,BTC-26APR19-4000-C,45.65,0.054000000000000006,1.0,3,1553268393390,16779437,187
2019-03-22 15:54:19.647,5.4,sell,3986.25,BTC-26APR19-4000-C,44.78,0.0525,5.4,2,1553270059647,16779622,188
2019-03-22 15:59:14.877,0.8,buy,3985.93,BTC-26APR19-4000-C,45.98,0.054000000000000006,0.8,1,1553270354877,16779635,190
2019-03-22 15:59:14.877,0.2,buy,3985.93,BTC-26APR19-4000-C,45.98,0.054000000000000006,0.2,0,1553270354877,16779634,189
2019-03-22 18:35:34.497,6.4,buy,3994.37,BTC-26APR19-4000-C,45.77,0.0545,6.4,0,1553279734497,16780943,191
2019-03-22 18:38:44.719,5.1000000000000005,sell,3993.88,BTC-26APR19-4000-C,45.87,0.0545,5.1000000000000005,1,1553279924719,16780951,192
2019-03-22 18:38:44.727,0.3,sell,3993.88,BTC-26APR19-4000-C,45.87,0.0545,0.3,1,1553279924727,16780952,193
2019-03-22 20:04:20.275,3.0,sell,3989.32,BTC-26APR19-4000-C,45.89,0.054000000000000006,3.0,2,1553285060275,16781300,194
2019-03-22 20:10:41.933,3.0,sell,3988.33,BTC-26APR19-4000-C,46.07,0.054000000000000006,3.0,3,1553285441933,16781338,195
2019-03-22 20:36:29.364,4.0,sell,3983.61,BTC-26APR19-4000-C,45.99,0.0535,4.0,2,1553286989364,16781715,196
2019-03-22 21:15:01.353,0.2,sell,3984.44,BTC-26APR19-4000-C,45.54,0.053,0.2,2,1553289301353,16782436,197
2019-03-22 21:15:01.353,0.8,sell,3984.44,BTC-26APR19-4000-C,45.13,0.0525,0.8,2,1553289301353,16782437,198
2019-03-23 12:08:45.203,0.3,sell,3982.27,BTC-26APR19-4000-C,44.74,0.052000000000000005,0.3,2,1553342925203,16791844,199
2019-03-23 12:09:02.568,0.3,sell,3982.3,BTC-26APR19-4000-C,44.73,0.052000000000000005,0.3,3,1553342942568,16791845,200
2019-03-23 13:12:55.373,1.0,sell,3971.18,BTC-26APR19-4000-C,45.48,0.0515,1.0,2,1553346775373,16792587,201
2019-03-23 21:47:38.353,2.6,buy,3974.72,BTC-26APR19-4000-C,46.82,0.053,2.6,1,1553377658353,16795664,203
2019-03-23 21:47:38.353,0.2,buy,3974.72,BTC-26APR19-4000-C,46.82,0.053,0.2,0,1553377658353,16795663,202
2019-03-23 23:07:46.211,1.0,buy,3978.38,BTC-26APR19-4000-C,45.97,0.052000000000000005,1.0,2,1553382466211,16795910,204
2019-03-24 01:16:42.384,2.0,buy,3975.05,BTC-26APR19-4000-C,46.05,0.052000000000000005,2.0,3,1553390202384,16796782,205
2019-03-24 13:05:20.187,0.2,buy,3969.95,BTC-26APR19-4000-C,45.52,0.0505,0.2,2,1553432720187,16800886,206
2019-03-24 13:05:20.187,4.3,buy,3969.95,BTC-26APR19-4000-C,45.52,0.0505,4.3,3,1553432720187,16800887,207
2019-03-24 13:05:20.238,0.2,sell,3969.95,BTC-26APR19-4000-C,45.52,0.0505,0.2,3,1553432720238,16800888,208
2019-03-24 13:12:40.295,0.3,sell,3970.01,BTC-26APR19-4000-C,45.52,0.0505,0.3,3,1553433160295,16800906,209
2019-03-24 13:22:48.359,4.3,sell,3971.43,BTC-26APR19-4000-C,45.11,0.05,4.3,2,1553433768359,16800926,210
2019-03-24 17:07:43.970,1.0,buy,3967.82,BTC-26APR19-4000-C,45.9,0.0505,1.0,0,1553447263970,16801876,211
2019-03-25 00:34:36.731,0.2,sell,3964.04,BTC-26APR19-4000-C,44.55,0.0485,0.2,2,1553474076731,16806643,212
2019-03-25 00:34:53.255,0.2,sell,3963.83,BTC-26APR19-4000-C,44.2,0.048,0.2,2,1553474093255,16806647,213
2019-03-25 00:35:14.846,0.2,sell,3963.87,BTC-26APR19-4000-C,43.8,0.0475,0.2,3,1553474114846,16806649,215
2019-03-25 00:35:14.846,0.3,sell,3963.87,BTC-26APR19-4000-C,43.8,0.0475,0.3,2,1553474114846,16806648,214
2019-03-25 00:35:27.318,0.1,sell,3963.86,BTC-26APR19-4000-C,43.81,0.0475,0.1,3,1553474127318,16806650,216
2019-03-25 02:49:06.514,4.2,sell,3973.04,BTC-26APR19-4000-C,44.87,0.0495,4.2,0,1553482146514,16807658,217
2019-03-25 02:59:15.031,4.3,sell,3973.34,BTC-26APR19-4000-C,44.45,0.049,4.3,2,1553482755031,16807683,218
2019-03-25 07:22:30.919,0.3,buy,3969.98,BTC-26APR19-4000-C,44.55,0.0485,0.3,2,1553498550919,16808640,219
2019-03-25 11:07:12.698,2.0,sell,3968.68,BTC-26APR19-4000-C,43.86,0.0475,2.0,2,1553512032698,16809944,220
2019-03-25 11:08:45.018,6.0,sell,3968.92,BTC-26APR19-4000-C,43.0,0.0465,6.0,2,1553512125018,16809947,222
2019-03-25 11:08:45.018,0.5,sell,3968.92,BTC-26APR19-4000-C,43.85,0.0475,0.5,3,1553512125018,16809946,221
2019-03-25 11:08:45.062,0.5,buy,3968.92,BTC-26APR19-4000-C,43.0,0.0465,0.5,3,1553512125062,16809952,223
2019-03-25 11:08:45.242,3.0,buy,3968.92,BTC-26APR19-4000-C,43.0,0.0465,3.0,3,1553512125242,16809953,224
2019-03-25 12:47:24.385,2.0,sell,3960.57,BTC-26APR19-4000-C,43.91,0.0465,2.0,3,1553518044385,16811486,225
2019-03-25 13:24:21.431,0.3,buy,3962.04,BTC-26APR19-4000-C,43.9,0.0465,0.3,3,1553520261431,16811904,226
2019-03-25 15:56:18.402,1.0,sell,3950.08,BTC-26APR19-4000-C,44.44,0.0455,1.0,2,1553529378402,16813622,227
2019-03-25 17:59:44.857,4.8,sell,3944.53,BTC-26APR19-4000-C,44.1,0.0445,4.8,2,1553536784857,16815880,228
2019-03-25 18:13:18.818,5.0,sell,3933.92,BTC-26APR19-4000-C,45.05,0.0445,5.0,3,1553537598818,16816485,229
2019-03-25 18:13:23.267,0.2,sell,3933.72,BTC-26APR19-4000-C,45.08,0.0445,0.2,3,1553537603267,16816529,230
2019-03-25 18:18:41.574,0.5,sell,3933.15,BTC-26APR19-4000-C,44.16,0.0435,0.5,2,1553537921574,16817052,231
2019-03-25 18:35:55.283,5.2,sell,3920.48,BTC-26APR19-4000-C,44.67,0.043,5.2,2,1553538955283,16818351,232
2019-03-25 18:35:57.459,1.1,sell,3920.15,BTC-26APR19-4000-C,44.7,0.043,1.1,3,1553538957459,16818353,233
2019-03-25 18:36:30.615,5.2,sell,3920.14,BTC-26APR19-4000-C,44.12,0.0425,5.2,2,1553538990615,16818472,234
2019-03-25 18:36:33.080,2.6,sell,3919.83,BTC-26APR19-4000-C,44.15,0.0425,2.6,3,1553538993080,16818474,235
2019-03-25 18:37:01.284,0.7000000000000001,buy,3917.39,BTC-26APR19-4000-C,44.92,0.043,0.7000000000000001,0,1553539021284,16818501,236
2019-03-25 18:59:13.017,5.0,sell,3897.11,BTC-26APR19-4000-C,45.3,0.040999999999999995,5.0,2,1553540353017,16819869,237
2019-03-25 19:05:17.915,3.0,buy,3868.54,BTC-26APR19-4000-C,45.73,0.039,3.0,2,1553540717915,16823662,238
2019-03-25 19:13:29.085,0.1,sell,3889.22,BTC-26APR19-4000-C,44.46,0.0395,0.1,0,1553541209085,16824776,239
2019-03-25 19:33:26.889,1.0,buy,3899.64,BTC-26APR19-4000-C,45.7,0.0415,1.0,0,1553542406889,16825782,240
2019-03-25 20:13:35.580,0.3,sell,3886.62,BTC-26APR19-4000-C,44.38,0.039,0.3,2,1553544815580,16826502,242
2019-03-25 20:13:35.580,0.5,sell,3886.62,BTC-26APR19-4000-C,44.82,0.0395,0.5,2,1553544815580,16826501,241
2019-03-25 20:13:35.580,4.0,sell,3886.62,BTC-26APR19-4000-C,43.95,0.0385,4.0,3,1553544815580,16826504,244
2019-03-25 20:13:35.580,0.2,sell,3886.62,BTC-26APR19-4000-C,43.95,0.0385,0.2,2,1553544815580,16826503,243
2019-03-25 20:29:58.853,2.0,buy,3879.73,BTC-26APR19-4000-C,45.47,0.0395,2.0,0,1553545798853,16827048,245
2019-03-25 20:31:34.150,0.5,buy,3880.23,BTC-26APR19-4000-C,45.44,0.0395,0.5,1,1553545894150,16827071,246
2019-03-25 20:31:34.150,0.3,buy,3880.23,BTC-26APR19-4000-C,45.87,0.04,0.3,0,1553545894150,16827072,247
2019-03-25 20:39:44.884,0.5,buy,3880.16,BTC-26APR19-4000-C,45.31,0.0395,0.5,2,1553546384884,16827163,248
2019-03-25 20:39:44.884,0.5,buy,3880.16,BTC-26APR19-4000-C,45.74,0.04,0.5,0,1553546384884,16827164,249
2019-03-25 23:40:41.012,5.7,buy,3905.45,BTC-26APR19-4000-C,44.39,0.0405,5.7,0,1553557241012,16829911,250
2019-03-25 23:40:41.012,0.3,buy,3905.45,BTC-26APR19-4000-C,44.82,0.040999999999999995,0.3,0,1553557241012,16829912,251
2019-03-26 06:57:05.226,0.5,buy,3897.27,BTC-26APR19-4000-C,43.82,0.039,0.5,2,1553583425226,16833815,252
2019-03-26 10:15:36.191,0.5,sell,3903.53,BTC-26APR19-4000-C,43.45,0.039,0.5,3,1553595336191,16835271,253
2019-03-26 13:34:10.937,2.0,sell,3886.64,BTC-26APR19-4000-C,43.77,0.0375,2.0,2,1553607250937,16837139,254
2019-03-26 14:32:27.412,1.0,buy,3899.14,BTC-26APR19-4000-C,43.22,0.038,1.0,1,1553610747412,16837949,256
2019-03-26 14:32:27.412,5.0,buy,3899.14,BTC-26APR19-4000-C,43.22,0.038,5.0,0,1553610747412,16837948,255
2019-03-26 14:36:12.308,0.3,buy,3901.6,BTC-26APR19-4000-C,43.0,0.038,0.3,1,1553610972308,16838003,257
2019-03-26 14:45:31.358,0.5,buy,3906.73,BTC-26APR19-4000-C,42.54,0.038,0.5,1,1553611531358,16838262,258
2019-03-26 14:50:53.771,0.2,buy,3907.42,BTC-26APR19-4000-C,42.54,0.038,0.2,1,1553611853771,16838363,259
2019-03-26 14:50:54.294,0.3,buy,3907.42,BTC-26APR19-4000-C,44.28,0.04,0.3,0,1553611854294,16838364,260
2019-03-26 15:10:28.356,0.5,sell,3910.45,BTC-26APR19-4000-C,42.5,0.0385,0.5,2,1553613028356,16838645,261
2019-03-26 15:12:23.430,0.5,sell,3910.58,BTC-26APR19-4000-C,42.5,0.0385,0.5,3,1553613143430,16838660,262
2019-03-26 15:12:23.430,0.3,sell,3910.58,BTC-26APR19-4000-C,42.5,0.0385,0.3,3,1553613143430,16838662,264
2019-03-26 15:12:23.430,0.2,sell,3910.58,BTC-26APR19-4000-C,42.5,0.0385,0.2,3,1553613143430,16838661,263
2019-03-26 16:31:49.409,0.1,sell,3914.44,BTC-26APR19-4000-C,42.64,0.039,0.1,0,1553617909409,16840176,265
2019-03-26 16:45:53.808,0.3,buy,3911.31,BTC-26APR19-4000-C,43.81,0.04,0.3,0,1553618753808,16840251,266
2019-03-26 17:00:19.223,0.1,buy,3913.1,BTC-26APR19-4000-C,43.72,0.04,0.1,1,1553619619223,16840336,267
2019-03-26 18:16:04.554,0.5,sell,3912.85,BTC-26APR19-4000-C,42.94,0.039,0.5,2,1553624164554,16840695,268
2019-03-26 18:30:47.648,0.1,buy,3915.34,BTC-26APR19-4000-C,43.57,0.04,0.1,0,1553625047648,16840850,269
2019-03-26 19:00:53.096,1.5,buy,3919.95,BTC-26APR19-4000-C,43.98,0.040999999999999995,1.5,1,1553626853096,16841119,271
2019-03-26 19:00:53.096,0.5,buy,3919.95,BTC-26APR19-4000-C,43.98,0.040999999999999995,0.5,0,1553626853096,16841118,270
2019-03-26 19:00:57.133,2.0,sell,3919.95,BTC-26APR19-4000-C,43.97,0.040999999999999995,2.0,1,1553626857133,16841121,272
2019-03-26 19:00:58.557,2.0,buy,3919.96,BTC-26APR19-4000-C,43.95,0.040999999999999995,2.0,1,1553626858557,16841122,273
2019-03-26 19:00:59.461,1.5,buy,3919.96,BTC-26APR19-4000-C,43.95,0.040999999999999995,1.5,1,1553626859461,16841123,274
2019-03-26 19:36:05.177,0.5,sell,3915.71,BTC-26APR19-4000-C,42.78,0.039,0.5,2,1553628965177,16841687,275
2019-03-26 21:04:53.821,3.0,sell,3912.91,BTC-26APR19-4000-C,43.44,0.0395,3.0,0,1553634293821,16842027,276
2019-03-26 23:26:59.000,10.0,buy,3916.4,BTC-26APR19-4000-C,42.59,0.039,10.0,2,1553642819000,16842633,277
2019-03-26 23:52:19.989,2.0,buy,3920.44,BTC-26APR19-4000-C,42.59,0.0395,2.0,0,1553644339989,16842978,278
2019-03-27 00:50:19.013,1.7,buy,3921.1,BTC-26APR19-4000-C,42.55,0.0395,1.7,1,1553647819013,16843868,279
2019-03-27 00:50:48.273,6.4,buy,3923.68,BTC-26APR19-4000-C,42.36,0.0395,6.4,1,1553647848273,16843910,280
2019-03-27 00:50:48.302,1.9,buy,3923.68,BTC-26APR19-4000-C,42.36,0.0395,1.9,1,1553647848302,16843911,281
2019-03-27 00:53:52.148,0.5,buy,3930.05,BTC-26APR19-4000-C,42.12,0.04,0.5,0,1553648032148,16844135,282
2019-03-27 00:55:27.257,5.3,buy,3930.34,BTC-26APR19-4000-C,42.12,0.04,5.3,1,1553648127257,16844210,283
2019-03-27 00:55:27.906,4.2,buy,3930.34,BTC-26APR19-4000-C,42.12,0.04,4.2,1,1553648127906,16844238,284
2019-03-27 01:00:12.434,0.5,buy,3935.57,BTC-26APR19-4000-C,42.13,0.0405,0.5,0,1553648412434,16844354,285
2019-03-27 01:00:43.501,5.2,buy,3937.45,BTC-26APR19-4000-C,42.11,0.0405,5.2,1,1553648443501,16844388,286
2019-03-27 01:00:52.550,0.5,buy,3937.12,BTC-26APR19-4000-C,42.15,0.0405,0.5,1,1553648452550,16844403,287
2019-03-27 01:00:55.288,0.5,buy,3937.83,BTC-26APR19-4000-C,42.05,0.0405,0.5,1,1553648455288,16844619,288
2019-03-27 01:00:56.166,3.3000000000000003,buy,3938.63,BTC-26APR19-4000-C,41.94,0.0405,3.3000000000000003,1,1553648456166,16844669,289
2019-03-27 02:00:47.946,2.5,buy,3966.98,BTC-26APR19-4000-C,43.08,0.045,2.5,0,1553652047946,16850368,290
2019-03-27 03:04:36.783,4.3,buy,3976.02,BTC-26APR19-4000-C,42.26,0.045,4.3,1,1553655876783,16851201,291
2019-03-27 03:06:55.268,0.5,sell,3975.84,BTC-26APR19-4000-C,41.86,0.0445,0.5,2,1553656015268,16851235,292
2019-03-27 03:21:05.160,1.0,sell,3969.38,BTC-26APR19-4000-C,42.28,0.0445,1.0,3,1553656865160,16851623,293
2019-03-27 03:36:28.595,3.2,buy,3971.67,BTC-26APR19-4000-C,42.57,0.045,3.2,0,1553657788595,16851803,294
2019-03-27 03:36:28.595,0.8,buy,3971.67,BTC-26APR19-4000-C,42.57,0.045,0.8,1,1553657788595,16851804,295
2019-03-27 03:41:04.306,1.2,buy,3972.27,BTC-26APR19-4000-C,42.55,0.045,1.2,1,1553658064306,16851851,296
2019-03-27 04:13:06.596,0.3,buy,3978.41,BTC-26APR19-4000-C,43.29,0.0465,0.3,0,1553659986596,16852475,297
2019-03-27 04:39:23.433,0.5,buy,3974.2,BTC-26APR19-4000-C,43.51,0.046,0.5,2,1553661563433,16852830,298
2019-03-27 05:38:39.657,4.4,sell,3980.17,BTC-26APR19-4000-C,42.76,0.046,4.4,3,1553665119657,16853291,299
2019-03-27 05:47:07.657,4.3,buy,3986.75,BTC-26APR19-4000-C,43.07,0.047,4.3,0,1553665627657,16853415,300
2019-03-27 05:53:57.443,4.2,buy,3991.34,BTC-26APR19-4000-C,43.05,0.0475,4.2,0,1553666037443,16853836,301
2019-03-27 06:01:56.391,0.5,buy,3991.52,BTC-26APR19-4000-C,43.09,0.0475,0.5,1,1553666516391,16854125,302
2019-03-27 06:01:56.391,4.2,buy,3991.52,BTC-26APR19-4000-C,43.09,0.0475,4.2,1,1553666516391,16854126,303
2019-03-27 06:06:33.901,4.2,sell,3986.49,BTC-26APR19-4000-C,42.57,0.0465,4.2,2,1553666793901,16854211,304
2019-03-27 06:07:19.628,4.3,sell,3983.72,BTC-26APR19-4000-C,42.84,0.0465,4.3,3,1553666839628,16854247,305
2019-03-27 06:07:25.727,1.7,sell,3984.54,BTC-26APR19-4000-C,42.78,0.0465,1.7,3,1553666845727,16854254,306
2019-03-27 06:36:53.078,4.3,sell,3982.93,BTC-26APR19-4000-C,42.03,0.0455,4.3,2,1553668613078,16854412,307
2019-03-27 06:37:20.478,4.3,sell,3983.08,BTC-26APR19-4000-C,42.07,0.0455,4.3,3,1553668640478,16854413,308
2019-03-27 06:37:47.659,4.3,buy,3983.62,BTC-26APR19-4000-C,42.48,0.046,4.3,0,1553668667659,16854416,309
2019-03-27 06:44:24.816,0.1,buy,3984.4,BTC-26APR19-4000-C,42.93,0.0465,0.1,0,1553669064816,16854441,310
2019-03-27 06:47:26.629,4.3,buy,3984.71,BTC-26APR19-4000-C,42.91,0.0465,4.3,1,1553669246629,16854452,311
2019-03-27 06:51:56.651,4.3,buy,3984.07,BTC-26APR19-4000-C,43.37,0.047,4.3,0,1553669516651,16854468,312
2019-03-27 06:54:45.184,4.3,buy,3983.47,BTC-26APR19-4000-C,42.53,0.046,4.3,2,1553669685184,16854474,313
2019-03-27 06:54:46.271,1.7,sell,3983.48,BTC-26APR19-4000-C,42.53,0.046,1.7,3,1553669686271,16854475,314
2019-03-27 06:54:46.271,2.1,sell,3983.48,BTC-26APR19-4000-C,42.09,0.0455,2.1,3,1553669686271,16854477,316
2019-03-27 06:54:46.271,0.5,sell,3983.48,BTC-26APR19-4000-C,42.09,0.0455,0.5,2,1553669686271,16854476,315
2019-03-27 07:03:24.418,4.3,buy,3983.78,BTC-26APR19-4000-C,42.57,0.046,4.3,0,1553670204418,16854500,317
2019-03-27 07:05:07.947,4.3,buy,3983.75,BTC-26APR19-4000-C,43.01,0.0465,4.3,0,1553670307947,16854504,318
2019-03-27 07:24:44.133,4.3,buy,3983.7,BTC-26APR19-4000-C,42.02,0.0455,4.3,2,1553671484133,16854653,319
2019-03-27 07:25:11.062,4.3,buy,3983.71,BTC-26APR19-4000-C,42.46,0.046,4.3,0,1553671511062,16854658,320
2019-03-27 07:25:21.963,4.3,buy,3983.73,BTC-26APR19-4000-C,42.46,0.046,4.3,1,1553671521963,16854661,321
2019-03-27 07:33:57.185,4.3,buy,3981.76,BTC-26APR19-4000-C,42.18,0.0455,4.3,2,1553672037185,16854761,322
2019-03-27 07:54:10.241,4.3,sell,3982.1,BTC-26APR19-4000-C,41.77,0.045,4.3,2,1553673250241,16854843,323
2019-03-27 07:54:13.657,0.5,buy,3982.1,BTC-26APR19-4000-C,41.77,0.045,0.5,3,1553673253657,16854845,324
2019-03-27 08:04:37.959,4.3,buy,3983.51,BTC-26APR19-4000-C,41.55,0.045,4.3,3,1553673877959,16854957,325
2019-03-27 08:34:05.738,0.1,buy,3982.67,BTC-26APR19-4000-C,42.16,0.0455,0.1,0,1553675645738,16855045,326
2019-03-27 08:50:54.409,1.5,buy,3979.69,BTC-26APR19-4000-C,41.58,0.0445,1.5,2,1553676654409,16855326,327
2019-03-27 08:52:07.283,0.5,buy,3979.56,BTC-26APR19-4000-C,42.42,0.0455,0.5,0,1553676727283,16855339,328
2019-03-27 09:23:20.476,0.5,buy,3983.02,BTC-26APR19-4000-C,42.63,0.046,0.5,0,1553678600476,16855837,329
2019-03-27 09:51:31.198,0.5,sell,3983.87,BTC-26APR19-4000-C,42.91,0.0465,0.5,0,1553680291198,16856038,330
2019-03-27 10:32:06.311,6.9,sell,4009.56,BTC-26APR19-4000-C,41.72,0.048,6.9,0,1553682726311,16859326,331
2019-03-27 10:33:22.311,0.3,sell,4012.89,BTC-26APR19-4000-C,41.58,0.048,0.3,1,1553682802311,16859359,332
2019-03-27 11:10:49.425,0.1,sell,4013.32,BTC-26APR19-4000-C,41.15,0.048,0.1,1,1553685049425,16860224,333
2019-03-27 11:15:08.056,0.1,buy,4010.15,BTC-26APR19-4000-C,43.72,0.0505,0.1,0,1553685308056,16860344,335
2019-03-27 11:15:08.056,0.5,buy,4010.15,BTC-26APR19-4000-C,42.41,0.049,0.5,0,1553685308056,16860343,334
2019-03-27 11:59:30.838,0.6,sell,4021.1,BTC-26APR19-4000-C,41.74,0.0495,0.6,2,1553687970838,16861746,336
2019-03-27 12:00:31.961,0.5,buy,4025.92,BTC-26APR19-4000-C,42.74,0.051,0.5,0,1553688031961,16861832,337
2019-03-27 12:12:31.535,1.0,sell,4018.73,BTC-26APR19-4000-C,41.6,0.049,1.0,2,1553688751535,16862487,338
2019-03-27 12:12:56.744,6.4,sell,4019.59,BTC-26APR19-4000-C,41.06,0.0485,6.4,2,1553688776744,16862508,339
2019-03-27 12:12:56.744,1.0,sell,4019.59,BTC-26APR19-4000-C,41.06,0.0485,1.0,3,1553688776744,16862509,340
2019-03-27 12:12:56.764,1.0,buy,4019.59,BTC-26APR19-4000-C,40.62,0.048,1.0,2,1553688776764,16862510,341
2019-03-27 12:12:58.358,0.6,buy,4019.81,BTC-26APR19-4000-C,40.6,0.048,0.6,3,1553688778358,16862516,342
2019-03-27 12:46:23.644,1.0,buy,4012.58,BTC-26APR19-4000-C,42.39,0.049,1.0,0,1553690783644,16862901,343
2019-03-27 12:46:23.683,1.0,sell,4012.58,BTC-26APR19-4000-C,42.39,0.049,1.0,1,1553690783683,16862902,344
2019-03-27 13:06:16.131,0.1,sell,4008.87,BTC-26APR19-4000-C,42.7,0.049,0.1,1,1553691976131,16863169,345
2019-03-27 13:12:10.125,0.3,buy,4010.66,BTC-26APR19-4000-C,43.03,0.0495,0.3,0,1553692330125,16863296,346
2019-03-27 15:13:37.540,0.6,sell,3995.44,BTC-26APR19-4000-C,42.42,0.047,0.6,2,1553699617540,16864857,347
2019-03-27 15:44:10.091,3.8,buy,4006.22,BTC-26APR19-4000-C,43.36,0.0495,3.8,0,1553701450091,16865531,348
2019-03-27 15:48:26.129,0.2,sell,4008.38,BTC-26APR19-4000-C,43.16,0.0495,0.2,1,1553701706129,16865561,349
2019-03-27 16:17:36.859,1.0,buy,4005.88,BTC-26APR19-4000-C,43.44,0.0495,1.0,1,1553703456859,16866093,350
2019-03-27 16:17:37.193,1.0,buy,4005.88,BTC-26APR19-4000-C,43.44,0.0495,1.0,1,1553703457193,16866095,351
2019-03-27 16:18:06.815,1.0,buy,4005.3,BTC-26APR19-4000-C,43.49,0.0495,1.0,1,1553703486815,16866113,352
2019-03-27 16:43:57.385,1.0,buy,4005.41,BTC-26APR19-4000-C,43.51,0.0495,1.0,1,1553705037385,16866702,353
2019-03-27 17:04:39.847,5.8,buy,4007.25,BTC-26APR19-4000-C,43.29,0.0495,5.8,1,1553706279847,16866793,354
2019-03-27 17:55:26.393,1.0,sell,4010.58,BTC-26APR19-4000-C,43.09,0.0495,1.0,1,1553709326393,16867274,355
2019-03-27 17:55:26.393,1.0,sell,4010.58,BTC-26APR19-4000-C,42.64,0.049,1.0,2,1553709326393,16867275,356
2019-03-27 21:26:49.966,1.0,sell,4012.56,BTC-26APR19-4000-C,41.31,0.0475,1.0,2,1553722009966,16869393,357
2019-03-27 23:44:59.943,0.3,buy,4029.89,BTC-26APR19-4000-C,42.47,0.051,0.3,0,1553730299943,16878047,358
2019-03-28 01:02:37.346,1.0,buy,4015.93,BTC-26APR19-4000-C,42.33,0.0495,1.0,2,1553734957346,16881433,359
2019-03-28 03:59:47.789,0.2,sell,4003.34,BTC-26APR19-4000-C,43.1,0.0485,0.2,2,1553745587789,16918650,360
2019-03-28 04:35:52.266,1.0,sell,3997.76,BTC-26APR19-4000-C,43.25,0.048,1.0,2,1553747752266,16919991,361
2019-03-28 04:41:35.751,0.3,sell,3999.13,BTC-26APR19-4000-C,43.05,0.048,0.3,3,1553748095751,16920120,362
2019-03-28 07:21:29.340,0.1,buy,4008.24,BTC-26APR19-4000-C,43.13,0.049,0.1,0,1553757689340,16922301,363
2019-03-28 15:59:15.574,1.0,buy,4017.57,BTC-26APR19-4000-C,44.11,0.051,1.0,0,1553788755574,16926342,364
2019-03-28 16:51:51.227,0.1,sell,4007.73,BTC-26APR19-4000-C,43.16,0.049,0.1,2,1553791911227,16926896,365
2019-03-28 18:30:14.539,1.0,buy,4009.78,BTC-26APR19-4000-C,43.92,0.05,1.0,0,1553797814539,16927622,366
2019-03-28 18:43:23.991,2.0,buy,4010.12,BTC-26APR19-4000-C,44.35,0.0505,2.0,0,1553798603991,16927656,367
2019-03-28 18:45:32.142,1.0,buy,4009.79,BTC-26APR19-4000-C,43.92,0.05,1.0,2,1553798732142,16927661,368
2019-03-28 20:28:34.033,1.0,buy,4010.93,BTC-26APR19-4000-C,42.08,0.048,1.0,2,1553804914033,16928194,369
2019-03-28 20:42:53.981,0.1,buy,4011.42,BTC-26APR19-4000-C,43.46,0.0495,0.1,0,1553805773981,16928226,370
2019-03-28 22:53:55.052,5.0,buy,4010.71,BTC-26APR19-4000-C,44.12,0.05,5.0,1,1553813635052,16928749,373
2019-03-28 22:53:55.052,3.7,buy,4010.71,BTC-26APR19-4000-C,44.12,0.05,3.7,1,1553813635052,16928750,374
2019-03-28 22:53:55.052,0.9,buy,4010.71,BTC-26APR19-4000-C,44.57,0.0505,0.9,0,1553813635052,16928751,375
2019-03-28 22:53:55.052,14.4,buy,4010.71,BTC-26APR19-4000-C,43.67,0.0495,14.4,1,1553813635052,16928747,371
2019-03-28 22:53:55.052,1.0,buy,4010.71,BTC-26APR19-4000-C,44.12,0.05,1.0,0,1553813635052,16928748,372
2019-03-28 23:14:51.858,5.0,sell,4009.59,BTC-26APR19-4000-C,43.72,0.0495,5.0,2,1553814891858,16928887,376
2019-03-28 23:16:01.216,4.0,buy,4009.51,BTC-26APR19-4000-C,44.18,0.05,4.0,0,1553814961216,16928899,377
2019-03-28 23:16:13.978,1.0,buy,4009.57,BTC-26APR19-4000-C,44.18,0.05,1.0,1,1553814973978,16928900,378
2019-03-28 23:29:22.820,4.0,sell,4010.6,BTC-26APR19-4000-C,42.78,0.0485,4.0,3,1553815762820,16929028,380
2019-03-28 23:29:22.820,1.0,sell,4010.6,BTC-26APR19-4000-C,42.78,0.0485,1.0,2,1553815762820,16929027,379
2019-03-29 01:33:23.182,3.5,buy,4015.35,BTC-26APR19-4000-C,43.94,0.0505,3.5,0,1553823203182,16931493,382
2019-03-29 01:33:23.182,1.0,buy,4015.35,BTC-26APR19-4000-C,43.49,0.05,1.0,0,1553823203182,16931492,381
2019-03-29 01:34:49.497,1.0,buy,4015.33,BTC-26APR19-4000-C,43.95,0.0505,1.0,1,1553823289497,16931503,383
2019-03-29 01:34:49.497,2.0,buy,4015.33,BTC-26APR19-4000-C,43.95,0.0505,2.0,1,1553823289497,16931504,384
2019-03-29 01:35:32.209,1.0,buy,4015.41,BTC-26APR19-4000-C,43.94,0.0505,1.0,1,1553823332209,16931509,385
2019-03-29 01:46:31.784,1.0,sell,4012.43,BTC-26APR19-4000-C,43.45,0.0495,1.0,2,1553823991784,16931612,386
2019-03-29 02:03:46.389,0.5,buy,4016.46,BTC-26APR19-4000-C,43.94,0.0505,0.5,0,1553825026389,16931757,387
2019-03-29 02:33:13.912,0.2,sell,4014.33,BTC-26APR19-4000-C,43.22,0.0495,0.2,2,1553826793912,16931848,388
2019-03-29 04:57:08.900,5.0,buy,4019.19,BTC-26APR19-4000-C,44.93,0.052000000000000005,5.0,1,1553835428900,16936016,390
2019-03-29 04:57:08.900,1.0,buy,4019.19,BTC-26APR19-4000-C,44.93,0.052000000000000005,1.0,0,1553835428900,16936015,389
2019-03-29 07:48:42.682,1.0,buy,4041.42,BTC-26APR19-4000-C,43.41,0.053,1.0,0,1553845722682,16939589,391
2019-03-29 08:04:32.760,5.0,sell,4026.83,BTC-26APR19-4000-C,41.42,0.049,5.0,2,1553846672760,16940885,392
2019-03-29 08:07:50.260,5.1000000000000005,buy,4026.23,BTC-26APR19-4000-C,41.95,0.0495,5.1000000000000005,0,1553846870260,16941151,393
2019-03-29 08:08:06.669,5.3,buy,4028.26,BTC-26APR19-4000-C,41.72,0.0495,5.3,1,1553846886669,16941169,394
2019-03-29 08:08:11.954,1.0,buy,4027.88,BTC-26APR19-4000-C,41.31,0.049,1.0,2,1553846891954,16941173,395
2019-03-29 08:08:29.819,20.6,buy,4027.93,BTC-26APR19-4000-C,41.76,0.0495,20.6,0,1553846909819,16941216,396
2019-03-29 08:27:26.814,0.5,sell,4029.04,BTC-26APR19-4000-C,43.92,0.052000000000000005,0.5,0,1553848046814,16941654,397
2019-03-29 08:43:30.396,0.3,sell,4028.77,BTC-26APR19-4000-C,42.14,0.05,0.3,2,1553849010396,16941889,398
2019-03-29 08:53:31.430,0.2,sell,4030.44,BTC-26APR19-4000-C,42.41,0.0505,0.2,0,1553849611430,16941995,399
2019-03-29 09:14:38.916,1.0,sell,4052.95,BTC-26APR19-4000-C,42.59,0.0535,1.0,0,1553850878916,16942716,400
2019-03-29 09:14:38.964,1.0,sell,4053.06,BTC-26APR19-4000-C,42.57,0.0535,1.0,1,1553850878964,16942719,401
2019-03-29 09:14:39.226,1.0,sell,4053.06,BTC-26APR19-4000-C,42.57,0.0535,1.0,1,1553850879226,16942729,402
2019-03-29 09:14:39.350,0.1,sell,4053.06,BTC-26APR19-4000-C,42.57,0.0535,0.1,1,1553850879350,16942735,403
2019-03-29 09:14:39.350,0.9,sell,4053.06,BTC-26APR19-4000-C,42.11,0.053,0.9,2,1553850879350,16942736,404
2019-03-29 09:14:39.422,1.0,sell,4053.06,BTC-26APR19-4000-C,42.11,0.053,1.0,3,1553850879422,16942740,405
2019-03-29 09:14:39.625,1.0,sell,4053.06,BTC-26APR19-4000-C,42.11,0.053,1.0,3,1553850879625,16942745,406
2019-03-29 09:14:39.651,1.0,sell,4053.06,BTC-26APR19-4000-C,42.11,0.053,1.0,3,1553850879651,16942752,407
2019-03-29 09:14:39.693,1.0,sell,4053.06,BTC-26APR19-4000-C,42.11,0.053,1.0,3,1553850879693,16942756,408
2019-03-29 09:14:39.858,0.9,sell,4053.06,BTC-26APR19-4000-C,42.11,0.053,0.9,3,1553850879858,16942772,410
2019-03-29 09:14:39.858,0.1,sell,4053.06,BTC-26APR19-4000-C,42.11,0.053,0.1,3,1553850879858,16942771,409
2019-03-29 09:14:39.903,1.0,sell,4053.06,BTC-26APR19-4000-C,41.65,0.0525,1.0,2,1553850879903,16942778,411
2019-03-29 09:14:39.995,1.0,buy,4053.06,BTC-26APR19-4000-C,42.11,0.053,1.0,0,1553850879995,16942784,412
2019-03-29 09:14:45.344,0.8,buy,4055.63,BTC-26APR19-4000-C,45.49,0.057,0.8,0,1553850885344,16942864,414
2019-03-29 09:14:45.344,0.2,buy,4055.63,BTC-26APR19-4000-C,44.11,0.0555,0.2,0,1553850885344,16942863,413
2019-03-29 09:14:45.558,1.0,buy,4055.63,BTC-26APR19-4000-C,45.49,0.057,1.0,1,1553850885558,16942871,415
2019-03-29 09:14:46.012,1.0,buy,4055.63,BTC-26APR19-4000-C,45.49,0.057,1.0,1,1553850886012,16942881,416
2019-03-29 09:14:46.110,0.7000000000000001,buy,4055.63,BTC-26APR19-4000-C,46.87,0.0585,0.7000000000000001,0,1553850886110,16942889,418
2019-03-29 09:14:46.110,0.3,buy,4055.63,BTC-26APR19-4000-C,45.49,0.057,0.3,1,1553850886110,16942888,417
2019-03-29 09:14:46.233,1.0,buy,4055.63,BTC-26APR19-4000-C,46.87,0.0585,1.0,1,1553850886233,16942895,419
2019-03-29 09:14:46.448,1.0,buy,4055.63,BTC-26APR19-4000-C,46.87,0.0585,1.0,1,1553850886448,16942906,420
2019-03-29 09:14:47.342,1.0,buy,4055.63,BTC-26APR19-4000-C,48.71,0.0605,1.0,0,1553850887342,16942923,421
2019-03-29 09:14:47.887,1.0,buy,4055.63,BTC-26APR19-4000-C,46.87,0.0585,1.0,2,1553850887887,16942941,422
2019-03-29 09:25:45.077,3.0,sell,4060.14,BTC-26APR19-4000-C,43.13,0.055,3.0,3,1553851545077,16945162,424
2019-03-29 09:25:45.077,1.0,sell,4060.14,BTC-26APR19-4000-C,43.13,0.055,1.0,2,1553851545077,16945161,423
2019-03-29 09:31:51.995,5.0,buy,4061.43,BTC-26APR19-4000-C,42.98,0.055,5.0,3,1553851911995,16945595,425
2019-03-29 09:34:59.845,1.0,buy,4065.59,BTC-26APR19-4000-C,42.49,0.055,1.0,3,1553852099845,16945780,426
2019-03-29 09:38:18.807,0.2,sell,4063.71,BTC-26APR19-4000-C,41.79,0.054000000000000006,0.2,2,1553852298807,16945850,427
2019-03-29 09:55:45.111,0.2,buy,4072.76,BTC-26APR19-4000-C,43.03,0.0565,0.2,0,1553853345111,16946324,428
2019-03-29 09:57:37.002,6.0,sell,4073.16,BTC-26APR19-4000-C,42.52,0.055999999999999994,6.0,2,1553853457002,16946380,429
2019-03-29 09:57:55.326,6.0,buy,4073.54,BTC-26APR19-4000-C,42.48,0.055999999999999994,6.0,3,1553853475326,16946383,430
2019-03-29 09:58:01.778,18.0,buy,4073.88,BTC-26APR19-4000-C,42.44,0.055999999999999994,18.0,3,1553853481778,16946384,431
2019-03-29 10:09:05.440,0.1,buy,4084.19,BTC-26APR19-4000-C,42.59,0.0575,0.1,0,1553854145440,16947095,432
2019-03-29 10:34:34.229,0.2,buy,4094.88,BTC-26APR19-4000-C,42.22,0.0585,0.2,0,1553855674229,16951257,433
2019-03-29 12:42:02.913,1.0,buy,4073.93,BTC-26APR19-4000-C,42.05,0.0555,1.0,2,1553863322913,16957361,434
2019-03-29 13:19:46.972,1.0,sell,4082.28,BTC-26APR19-4000-C,42.45,0.057,1.0,0,1553865586972,16958066,435
2019-03-29 14:23:14.303,1.0,buy,4076.03,BTC-26APR19-4000-C,42.32,0.055999999999999994,1.0,2,1553869394303,16958781,436
2019-03-29 14:24:42.616,1.0,sell,4077.79,BTC-26APR19-4000-C,42.1,0.055999999999999994,1.0,3,1553869482616,16958803,437
2019-03-29 14:38:21.764,1.0,sell,4074.34,BTC-26APR19-4000-C,42.06,0.0555,1.0,2,1553870301764,16958945,438
2019-03-29 16:41:30.158,1.0,buy,4078.93,BTC-26APR19-4000-C,42.5,0.0565,1.0,0,1553877690158,16960006,439
2019-03-29 17:00:50.631,0.5,buy,4081.75,BTC-26APR19-4000-C,42.64,0.057,0.5,0,1553878850631,16960179,440
2019-03-29 17:33:54.224,0.3,buy,4082.37,BTC-26APR19-4000-C,43.52,0.057999999999999996,0.3,0,1553880834224,16960377,441
2019-03-29 23:05:05.389,0.1,sell,4080.0,BTC-26APR19-4000-C,42.11,0.055999999999999994,0.1,2,1553900705389,16962659,442
2019-03-30 00:26:09.172,0.1,buy,4107.76,BTC-26APR19-4000-C,41.97,0.0595,0.1,0,1553905569172,16964132,443
2019-03-30 03:32:00.635,1.0,buy,4091.89,BTC-26APR19-4000-C,41.24,0.0565,1.0,2,1553916720635,16968611,444
2019-03-30 03:33:13.536,1.0,sell,4091.92,BTC-26APR19-4000-C,39.81,0.055,1.0,2,1553916793536,16968643,445
2019-03-30 04:10:53.706,0.3,sell,4049.91,BTC-26APR19-4000-C,38.9,0.0485,0.3,2,1553919053706,16971590,446
2019-03-30 04:10:55.170,0.3,buy,4050.02,BTC-26APR19-4000-C,38.42,0.048,0.3,2,1553919055170,16971669,447
2019-03-30 04:10:56.120,0.3,buy,4049.44,BTC-26APR19-4000-C,38.96,0.0485,0.3,0,1553919056120,16971707,448
2019-03-30 05:11:06.431,1.0,buy,4077.48,BTC-26APR19-4000-C,41.67,0.055,1.0,0,1553922666431,16974717,449
2019-03-30 06:00:20.754,1.0,buy,4091.52,BTC-26APR19-4000-C,39.94,0.055,1.0,1,1553925620754,16975563,450
2019-03-30 06:01:48.362,0.3,buy,4093.2,BTC-26APR19-4000-C,39.72,0.055,0.3,1,1553925708362,16975611,451
2019-03-30 06:01:58.728,0.3,buy,4093.57,BTC-26APR19-4000-C,39.67,0.055,0.3,1,1553925718728,16975620,452
2019-03-30 06:02:00.923,0.3,buy,4093.57,BTC-26APR19-4000-C,39.67,0.055,0.3,1,1553925720923,16975628,453
2019-03-30 06:02:02.911,1.0,buy,4094.05,BTC-26APR19-4000-C,39.61,0.055,1.0,1,1553925722911,16975631,454
2019-03-30 06:10:04.383,0.3,buy,4095.7,BTC-26APR19-4000-C,39.4,0.055,0.3,1,1553926204383,16975796,455
2019-03-30 06:24:53.287,0.3,sell,4088.87,BTC-26APR19-4000-C,38.86,0.0535,0.3,2,1553927093287,16976049,456
2019-03-30 08:05:10.369,1.0,buy,4084.99,BTC-26APR19-4000-C,42.25,0.0565,1.0,0,1553933110369,16976931,457
2019-03-30 08:05:10.369,0.3,buy,4084.99,BTC-26APR19-4000-C,42.25,0.0565,0.3,1,1553933110369,16976932,458
2019-03-30 09:37:09.014,1.0,buy,4082.29,BTC-26APR19-4000-C,42.64,0.0565,1.0,1,1553938629014,16977539,459
2019-03-30 12:29:51.849,0.1,sell,4082.36,BTC-26APR19-4000-C,44.15,0.057999999999999996,0.1,0,1553948991849,16979031,460
2019-03-30 13:22:56.687,0.2,sell,4081.92,BTC-26APR19-4000-C,41.38,0.055,0.2,2,1553952176687,16979287,461
2019-03-30 21:17:05.475,1.0,buy,4081.46,BTC-26APR19-4000-C,42.18,0.0555,1.0,0,1553980625475,16983326,462
2019-03-30 21:17:05.475,0.7000000000000001,buy,4081.46,BTC-26APR19-4000-C,43.61,0.057,0.7000000000000001,0,1553980625475,16983328,464
2019-03-30 21:17:05.475,0.3,buy,4081.46,BTC-26APR19-4000-C,42.66,0.055999999999999994,0.3,0,1553980625475,16983327,463
2019-03-31 02:50:23.896,0.2,sell,4076.99,BTC-26APR19-4000-C,42.45,0.055,0.2,2,1554000623896,16986217,465
2019-03-31 03:45:34.910,0.4,buy,4083.68,BTC-26APR19-4000-C,43.56,0.057,0.4,0,1554003934910,16986394,466
2019-03-31 11:11:29.783,1.0,buy,4092.11,BTC-26APR19-4000-C,42.25,0.0565,1.0,2,1554030689783,16988011,467
2019-03-31 11:16:53.366,0.7000000000000001,buy,4091.18,BTC-26APR19-4000-C,42.86,0.057,0.7000000000000001,1,1554031013366,16988040,469
2019-03-31 11:16:53.366,0.3,buy,4091.18,BTC-26APR19-4000-C,42.86,0.057,0.3,0,1554031013366,16988039,468
2019-03-31 18:14:27.809,1.0,buy,4091.16,BTC-26APR19-4000-C,42.61,0.0565,1.0,2,1554056067809,16990659,470
2019-04-01 00:24:45.438,0.3,sell,4071.05,BTC-26APR19-4000-C,42.49,0.0535,0.3,2,1554078285438,16993083,471
2019-04-01 00:24:46.647,0.3,sell,4071.01,BTC-26APR19-4000-C,42.49,0.0535,0.3,3,1554078286647,16993090,472
2019-04-01 00:25:13.082,1.0,sell,4058.54,BTC-26APR19-4000-C,43.09,0.0525,1.0,2,1554078313082,16993422,473
2019-04-01 00:43:45.165,2.5,buy,4111.46,BTC-26APR19-4000-C,41.62,0.057999999999999996,2.5,0,1554079425165,16996260,474
2019-04-01 01:07:18.003,1.0,buy,4133.83,BTC-26APR19-4000-C,43.05,0.0625,1.0,0,1554080838003,16997569,475
2019-04-01 01:07:37.977,1.0,buy,4132.39,BTC-26APR19-4000-C,42.75,0.062,1.0,2,1554080857977,16997746,476
2019-04-01 01:22:41.027,1.0,buy,4119.93,BTC-26APR19-4000-C,40.97,0.0585,1.0,2,1554081761027,16998404,477
2019-04-01 03:40:24.057,1.0,buy,4125.27,BTC-26APR19-4000-C,43.83,0.062,1.0,0,1554090024057,16999708,478
2019-04-01 03:45:39.104,1.0,buy,4131.58,BTC-26APR19-4000-C,41.44,0.0605,1.0,2,1554090339104,16999784,479
2019-04-01 08:32:53.701,5.0,sell,4114.39,BTC-26APR19-4000-C,41.48,0.057999999999999996,5.0,2,1554107573701,17002824,480
2019-04-01 08:32:53.701,1.0,sell,4114.39,BTC-26APR19-4000-C,41.48,0.057999999999999996,1.0,3,1554107573701,17002825,481
2019-04-01 08:32:53.758,1.0,buy,4114.39,BTC-26APR19-4000-C,41.48,0.057999999999999996,1.0,3,1554107573758,17002826,482
2019-04-01 08:32:55.407,2.5,buy,4114.39,BTC-26APR19-4000-C,41.48,0.057999999999999996,2.5,3,1554107575407,17002827,483
2019-04-01 08:33:01.498,2.5,buy,4115.38,BTC-26APR19-4000-C,41.34,0.057999999999999996,2.5,3,1554107581498,17002831,484
2019-04-01 08:33:03.130,1.0,buy,4115.55,BTC-26APR19-4000-C,41.32,0.057999999999999996,1.0,3,1554107583130,17002832,485
2019-04-01 09:23:47.991,1.0,buy,4123.45,BTC-26APR19-4000-C,42.78,0.0605,1.0,0,1554110627991,17003035,486
2019-04-01 11:34:59.078,1.0,sell,4114.87,BTC-26APR19-4000-C,43.03,0.0595,1.0,2,1554118499078,17004140,487
2019-04-01 14:01:53.004,0.3,buy,4136.27,BTC-26APR19-4000-C,42.66,0.062,0.3,0,1554127313004,17005867,488
2019-04-01 14:01:53.004,1.0,buy,4136.27,BTC-26APR19-4000-C,42.66,0.062,1.0,1,1554127313004,17005868,489
2019-04-01 15:29:50.930,0.2,sell,4136.92,BTC-26APR19-4000-C,41.59,0.061,0.2,2,1554132590930,17008059,490
2019-04-01 16:02:59.192,0.2,buy,4139.99,BTC-26APR19-4000-C,41.68,0.0615,0.2,0,1554134579192,17008539,491
2019-04-01 18:24:06.720,1.0,sell,4128.7,BTC-26APR19-4000-C,40.82,0.059000000000000004,1.0,2,1554143046720,17009751,492
2019-04-01 19:37:06.944,1.0,sell,4132.19,BTC-26APR19-4000-C,40.36,0.059000000000000004,1.0,3,1554147426944,17010364,493
2019-04-01 22:06:30.692,1.0,buy,4133.74,BTC-26APR19-4000-C,42.28,0.061,1.0,0,1554156390692,17011387,494
2019-04-01 22:07:43.205,4.5,buy,4134.01,BTC-26APR19-4000-C,42.76,0.0615,4.5,0,1554156463205,17011388,495
2019-04-01 23:14:14.436,1.0,sell,4144.77,BTC-26APR19-4000-C,40.18,0.0605,1.0,2,1554160454436,17011952,496
2019-04-01 23:14:14.436,4.5,sell,4144.77,BTC-26APR19-4000-C,40.18,0.0605,4.5,3,1554160454436,17011953,497
2019-04-02 03:47:14.921,1.0,buy,4171.33,BTC-26APR19-4000-C,42.12,0.066,1.0,0,1554176834921,17017935,498
2019-04-02 03:49:32.646,1.0,buy,4169.01,BTC-26APR19-4000-C,41.95,0.0655,1.0,2,1554176972646,17017984,499
2019-04-02 03:57:59.699,1.0,buy,4170.96,BTC-26APR19-4000-C,42.18,0.066,1.0,0,1554177479699,17018173,500
2019-04-02 04:32:45.333,1.0,buy,4222.81,BTC-26APR19-4000-C,43.15,0.0745,1.0,0,1554179565333,17020152,501
2019-04-02 04:32:57.117,5.0,sell,4239.62,BTC-26APR19-4000-C,41.96,0.076,5.0,1,1554179577117,17020882,503
2019-04-02 04:32:57.117,1.0,sell,4239.62,BTC-26APR19-4000-C,41.96,0.076,1.0,0,1554179577117,17020881,502
2019-04-02 04:32:58.349,1.0,buy,4240.96,BTC-26APR19-4000-C,41.14,0.0755,1.0,2,1554179578349,17020945,504
2019-04-02 04:32:58.685,1.0,buy,4240.96,BTC-26APR19-4000-C,41.14,0.0755,1.0,3,1554179578685,17020960,505
2019-04-02 04:32:58.841,1.0,buy,4240.96,BTC-26APR19-4000-C,41.14,0.0755,1.0,3,1554179578841,17020964,506
2019-04-02 04:32:58.952,1.0,buy,4240.96,BTC-26APR19-4000-C,41.14,0.0755,1.0,3,1554179578952,17020992,507
2019-04-02 04:32:59.136,1.0,buy,4240.96,BTC-26APR19-4000-C,41.14,0.0755,1.0,3,1554179579136,17021007,508
2019-04-02 04:32:59.244,1.0,buy,4240.96,BTC-26APR19-4000-C,41.14,0.0755,1.0,3,1554179579244,17021014,509
2019-04-02 04:32:59.275,1.0,buy,4240.96,BTC-26APR19-4000-C,41.14,0.0755,1.0,3,1554179579275,17021016,510
2019-04-02 04:32:59.302,1.0,buy,4240.96,BTC-26APR19-4000-C,41.14,0.0755,1.0,3,1554179579302,17021018,511
2019-04-02 04:32:59.474,1.0,buy,4240.96,BTC-26APR19-4000-C,41.14,0.0755,1.0,3,1554179579474,17021029,512
2019-04-02 04:32:59.608,1.0,buy,4240.96,BTC-26APR19-4000-C,41.14,0.0755,1.0,3,1554179579608,17021034,513
2019-04-02 04:32:59.690,1.0,buy,4240.96,BTC-26APR19-4000-C,41.14,0.0755,1.0,3,1554179579690,17021042,514
2019-04-02 04:32:59.759,1.0,buy,4240.96,BTC-26APR19-4000-C,41.14,0.0755,1.0,3,1554179579759,17021046,515
2019-04-02 04:32:59.842,1.0,buy,4240.96,BTC-26APR19-4000-C,41.14,0.0755,1.0,3,1554179579842,17021050,516
2019-04-02 04:32:59.888,1.0,buy,4240.96,BTC-26APR19-4000-C,41.14,0.0755,1.0,3,1554179579888,17021055,517
2019-04-02 04:32:59.954,1.0,buy,4240.96,BTC-26APR19-4000-C,41.14,0.0755,1.0,3,1554179579954,17021061,518
2019-04-02 04:33:00.035,1.0,buy,4240.96,BTC-26APR19-4000-C,41.14,0.0755,1.0,3,1554179580035,17021064,519
2019-04-02 04:33:00.077,1.0,buy,4241.47,BTC-26APR19-4000-C,41.04,0.0755,1.0,3,1554179580077,17021066,520
2019-04-02 04:33:16.069,1.0,sell,4255.29,BTC-26APR19-4000-C,43.84,0.08,1.0,0,1554179596069,17021771,521
2019-04-02 04:33:20.718,1.0,sell,4259.62,BTC-26APR19-4000-C,43.06,0.08,1.0,1,1554179600718,17021874,522
2019-04-02 04:33:20.844,1.0,sell,4259.62,BTC-26APR19-4000-C,43.06,0.08,1.0,1,1554179600844,17021876,523
2019-04-02 04:33:28.599,1.0,sell,4277.62,BTC-26APR19-4000-C,43.93,0.0835,1.0,0,1554179608599,17022264,524
2019-04-02 04:33:28.693,1.0,sell,4277.62,BTC-26APR19-4000-C,43.93,0.0835,1.0,1,1554179608693,17022270,525
2019-04-02 04:33:33.855,1.0,sell,4285.85,BTC-26APR19-4000-C,46.02,0.0865,1.0,0,1554179613855,17022465,526
2019-04-02 04:33:33.990,1.0,sell,4285.85,BTC-26APR19-4000-C,46.02,0.0865,1.0,1,1554179613990,17022483,527
2019-04-02 04:33:34.106,1.0,sell,4287.45,BTC-26APR19-4000-C,45.73,0.0865,1.0,1,1554179614106,17022498,528
2019-04-02 04:33:34.700,0.4,buy,4287.45,BTC-26APR19-4000-C,48.12,0.0885,0.4,0,1554179614700,17022550,529
2019-04-02 04:33:34.738,1.0,buy,4287.45,BTC-26APR19-4000-C,48.12,0.0885,1.0,1,1554179614738,17022552,530
2019-04-02 04:33:36.522,1.0,sell,4293.5,BTC-26APR19-4000-C,46.42,0.08800000000000001,1.0,2,1554179616522,17022624,531
2019-04-02 04:33:46.942,1.0,sell,4298.52,BTC-26APR19-4000-C,46.71,0.08900000000000001,1.0,0,1554179626942,17023034,532
2019-04-02 04:34:20.046,0.9,buy,4327.55,BTC-26APR19-4000-C,48.63,0.095,0.9,0,1554179660046,17024219,533
2019-04-02 04:34:48.729,1.0,buy,4331.29,BTC-26APR19-4000-C,40.78,0.0895,1.0,2,1554179688729,17024714,534
2019-04-02 04:34:56.792,1.0,sell,4334.87,BTC-26APR19-4000-C,40.67,0.09,1.0,0,1554179696792,17024868,535
2019-04-02 04:34:56.872,1.0,sell,4334.87,BTC-26APR19-4000-C,40.67,0.09,1.0,1,1554179696872,17024869,536
2019-04-02 04:34:57.214,0.5,sell,4336.06,BTC-26APR19-4000-C,40.41,0.09,0.5,1,1554179697214,17024878,537
2019-04-02 04:35:52.659,1.0,buy,4359.54,BTC-26APR19-4000-C,42.05,0.095,1.0,0,1554179752659,17025715,538
2019-04-02 04:36:44.079,1.0,buy,4381.3,BTC-26APR19-4000-C,46.21,0.1015,1.0,0,1554179804079,17026400,539
2019-04-02 04:36:44.151,1.0,buy,4381.3,BTC-26APR19-4000-C,46.21,0.1015,1.0,1,1554179804151,17026401,540
2019-04-02 04:36:44.224,1.1,buy,4381.3,BTC-26APR19-4000-C,46.21,0.1015,1.1,1,1554179804224,17026406,541
2019-04-02 04:36:44.260,1.0,buy,4381.3,BTC-26APR19-4000-C,46.21,0.1015,1.0,1,1554179804260,17026411,542
2019-04-02 04:36:44.454,1.0,buy,4381.3,BTC-26APR19-4000-C,47.57,0.1025,1.0,0,1554179804454,17026414,543
2019-04-02 04:36:44.667,1.0,buy,4381.3,BTC-26APR19-4000-C,47.57,0.1025,1.0,1,1554179804667,17026420,544
2019-04-02 04:36:44.897,1.0,buy,4381.3,BTC-26APR19-4000-C,47.57,0.1025,1.0,1,1554179804897,17026421,545
2019-04-02 04:36:45.034,1.0,buy,4381.3,BTC-26APR19-4000-C,47.57,0.1025,1.0,1,1554179805034,17026422,546
2019-04-02 04:36:45.151,1.0,buy,4384.05,BTC-26APR19-4000-C,46.99,0.1025,1.0,1,1554179805151,17026424,547
2019-04-02 04:36:52.173,1.0,sell,4386.28,BTC-26APR19-4000-C,41.51,0.099,1.0,2,1554179812173,17026556,548
2019-04-02 04:36:52.195,1.0,sell,4386.28,BTC-26APR19-4000-C,41.51,0.099,1.0,3,1554179812195,17026557,549
2019-04-02 04:36:52.405,1.0,sell,4386.28,BTC-26APR19-4000-C,41.51,0.099,1.0,3,1554179812405,17026558,550
2019-04-02 04:36:52.465,1.0,sell,4386.28,BTC-26APR19-4000-C,41.51,0.099,1.0,3,1554179812465,17026559,551
2019-04-02 04:36:52.526,1.0,sell,4386.28,BTC-26APR19-4000-C,41.51,0.099,1.0,3,1554179812526,17026560,552
2019-04-02 04:36:55.013,1.0,buy,4387.46,BTC-26APR19-4000-C,38.14,0.097,1.0,2,1554179815013,17026592,553
2019-04-02 04:36:55.081,1.0,sell,4387.46,BTC-26APR19-4000-C,38.93,0.0975,1.0,0,1554179815081,17026596,554
2019-04-02 04:36:57.459,1.0,buy,4387.39,BTC-26APR19-4000-C,29.05,0.092,1.0,2,1554179817459,17026633,555
2019-04-02 04:36:57.513,1.0,sell,4387.39,BTC-26APR19-4000-C,38.95,0.0975,1.0,0,1554179817513,17026640,556
2019-04-02 04:36:57.642,0.5,sell,4387.39,BTC-26APR19-4000-C,38.95,0.0975,0.5,1,1554179817642,17026644,557
2019-04-02 04:36:59.935,1.0,buy,4387.64,BTC-26APR19-4000-C,32.97,0.094,1.0,2,1554179819935,17026688,558
2019-04-02 04:37:00.687,1.0,buy,4390.14,BTC-26APR19-4000-C,35.74,0.096,1.0,0,1554179820687,17026709,559
2019-04-02 04:37:00.872,1.0,buy,4390.14,BTC-26APR19-4000-C,37.41,0.097,1.0,0,1554179820872,17026713,560
2019-04-02 04:37:02.861,1.0,sell,4390.6,BTC-26APR19-4000-C,46.94,0.1035,1.0,0,1554179822861,17026738,561
2019-04-02 04:37:03.574,1.0,sell,4393.45,BTC-26APR19-4000-C,46.31,0.1035,1.0,1,1554179823574,17026745,562
2019-04-02 04:37:04.520,1.0,sell,4393.45,BTC-26APR19-4000-C,47.01,0.104,1.0,0,1554179824520,17026752,563
2019-04-02 04:37:04.649,1.0,sell,4393.45,BTC-26APR19-4000-C,47.01,0.10400000000000001,1.0,1,1554179824649,17026754,564
2019-04-02 04:37:15.394,1.0,buy,4397.4,BTC-26APR19-4000-C,52.89,0.109,1.0,0,1554179835394,17026995,565
2019-04-02 04:37:15.487,1.0,buy,4397.4,BTC-26APR19-4000-C,52.89,0.109,1.0,1,1554179835487,17027004,566
2019-04-02 04:37:15.644,1.0,sell,4397.4,BTC-26APR19-4000-C,51.58,0.10800000000000001,1.0,2,1554179835644,17027009,567
2019-04-02 04:37:15.844,1.0,sell,4397.4,BTC-26APR19-4000-C,50.25,0.107,1.0,2,1554179835844,17027014,568
2019-04-02 04:37:16.103,1.0,sell,4397.4,BTC-26APR19-4000-C,50.92,0.1075,1.0,0,1554179836103,17027017,569
2019-04-02 04:37:16.889,0.2,sell,4397.4,BTC-26APR19-4000-C,47.53,0.105,0.2,2,1554179836889,17027039,570
2019-04-02 04:37:17.028,1.0,sell,4397.4,BTC-26APR19-4000-C,53.54,0.1095,1.0,0,1554179837028,17027044,571
2019-04-02 04:37:17.149,1.0,sell,4397.44,BTC-26APR19-4000-C,62.33,0.1165,1.0,0,1554179837149,17027049,572
2019-04-02 04:37:17.237,1.0,sell,4397.44,BTC-26APR19-4000-C,62.94,0.11699999999999999,1.0,0,1554179837237,17027053,573
2019-04-02 04:37:17.430,1.0,sell,4397.44,BTC-26APR19-4000-C,61.71,0.11599999999999999,1.0,2,1554179837430,17027059,574
2019-04-02 04:37:17.693,1.0,sell,4397.44,BTC-26APR19-4000-C,57.37,0.1125,1.0,2,1554179837693,17027066,575
2019-04-02 04:37:18.084,1.0,sell,4397.44,BTC-26APR19-4000-C,54.83,0.1105,1.0,2,1554179838084,17027074,576
2019-04-02 04:37:18.221,1.0,sell,4397.44,BTC-26APR19-4000-C,55.47,0.111,1.0,0,1554179838221,17027080,577
2019-04-02 04:37:18.394,0.1,sell,4397.44,BTC-26APR19-4000-C,52.89,0.109,0.1,2,1554179838394,17027086,578
2019-04-02 04:37:19.614,1.0,sell,4399.16,BTC-26APR19-4000-C,42.83,0.102,1.0,2,1554179839614,17027116,579
2019-04-02 04:37:19.783,1.0,sell,4399.16,BTC-26APR19-4000-C,42.83,0.102,1.0,3,1554179839783,17027121,580
2019-04-02 04:37:20.211,1.0,sell,4399.16,BTC-26APR19-4000-C,42.83,0.102,1.0,3,1554179840211,17027127,581
2019-04-02 04:37:20.485,1.0,sell,4399.16,BTC-26APR19-4000-C,42.83,0.102,1.0,3,1554179840485,17027129,582
2019-04-02 04:37:20.734,1.0,sell,4399.16,BTC-26APR19-4000-C,42.83,0.102,1.0,3,1554179840734,17027132,583
2019-04-02 04:37:20.881,1.0,sell,4399.16,BTC-26APR19-4000-C,36.5,0.098,1.0,2,1554179840881,17027135,584
2019-04-02 04:37:21.058,1.0,sell,4400.19,BTC-26APR19-4000-C,36.19,0.098,1.0,3,1554179841058,17027138,585
2019-04-02 04:37:21.187,0.5,sell,4400.19,BTC-26APR19-4000-C,36.19,0.098,0.5,3,1554179841187,17027141,586
2019-04-02 04:37:25.192,1.0,buy,4401.99,BTC-26APR19-4000-C,32.88,0.0965,1.0,2,1554179845192,17027185,587
2019-04-02 04:37:25.258,1.0,sell,4401.99,BTC-26APR19-4000-C,36.52,0.0985,1.0,0,1554179845258,17027191,588
2019-04-02 04:37:25.376,0.5,sell,4401.99,BTC-26APR19-4000-C,36.52,0.0985,0.5,1,1554179845376,17027195,589
2019-04-02 04:37:27.879,4.2,buy,4404.88,BTC-26APR19-4000-C,47.97,0.1065,4.2,0,1554179847879,17027269,590
2019-04-02 04:38:08.232,1.0,buy,4421.72,BTC-26APR19-4000-C,48.46,0.1095,1.0,0,1554179888232,17028022,591
2019-04-02 04:38:08.453,1.0,sell,4421.72,BTC-26APR19-4000-C,43.3,0.106,1.0,2,1554179888453,17028025,592
2019-04-02 04:38:09.527,1.0,buy,4421.15,BTC-26APR19-4000-C,49.29,0.11,1.0,0,1554179889527,17028053,593
2019-04-02 04:38:09.707,1.0,buy,4421.15,BTC-26APR19-4000-C,49.29,0.11,1.0,1,1554179889707,17028058,594
2019-04-02 04:38:09.932,1.0,sell,4421.15,BTC-26APR19-4000-C,43.44,0.106,1.0,2,1554179889932,17028065,595
2019-04-02 04:38:11.121,1.0,sell,4421.57,BTC-26APR19-4000-C,43.34,0.106,1.0,3,1554179891121,17028076,596
2019-04-02 04:38:13.997,1.0,sell,4423.01,BTC-26APR19-4000-C,42.97,0.106,1.0,3,1554179893997,17028125,597
2019-04-02 04:38:14.197,1.0,sell,4423.01,BTC-26APR19-4000-C,42.97,0.106,1.0,3,1554179894197,17028132,598
2019-04-02 04:38:28.634,1.0,buy,4425.66,BTC-26APR19-4000-C,43.07,0.1065,1.0,0,1554179908634,17028411,599
2019-04-02 04:44:33.971,1.0,buy,4457.75,BTC-26APR19-4000-C,48.15,0.115,1.0,0,1554180273971,17033075,600
2019-04-02 04:44:33.971,2.5,buy,4457.75,BTC-26APR19-4000-C,49.65,0.116,2.5,0,1554180273971,17033076,601
2019-04-02 04:44:33.974,1.5,sell,4457.75,BTC-26APR19-4000-C,51.11,0.11699999999999999,1.5,0,1554180273974,17033077,602
2019-04-02 04:53:56.609,1.0,sell,4754.98,BTC-26APR19-4000-C,87.66,0.185,1.0,0,1554180836609,17039280,603
2019-04-02 04:54:39.650,1.0,sell,4759.07,BTC-26APR19-4000-C,68.91,0.1735,1.0,2,1554180879650,17040619,604
2019-04-02 04:54:46.092,1.0,sell,4767.22,BTC-26APR19-4000-C,66.83,0.1735,1.0,3,1554180886092,17040784,605
2019-04-02 04:54:52.264,1.0,sell,4778.82,BTC-26APR19-4000-C,65.57,0.1745,1.0,0,1554180892264,17040986,606
2019-04-02 04:54:58.150,1.0,sell,4778.92,BTC-26APR19-4000-C,63.64,0.1735,1.0,2,1554180898150,17041106,607
2019-04-02 04:55:03.423,1.0,sell,4785.14,BTC-26APR19-4000-C,57.59,0.1715,1.0,2,1554180903423,17041186,608
2019-04-02 04:55:08.669,0.3,sell,4777.58,BTC-26APR19-4000-C,60.05,0.1715,0.3,3,1554180908669,17041308,609
2019-04-02 04:55:08.756,0.3,sell,4777.58,BTC-26APR19-4000-C,60.05,0.1715,0.3,3,1554180908756,17041310,610
2019-04-02 04:55:08.822,0.2,sell,4777.58,BTC-26APR19-4000-C,61.07,0.172,0.2,0,1554180908822,17041311,611
2019-04-02 04:55:08.973,0.2,sell,4777.58,BTC-26APR19-4000-C,62.07,0.1725,0.2,0,1554180908973,17041312,612
2019-04-02 04:55:14.674,0.2,sell,4775.45,BTC-26APR19-4000-C,64.62,0.1735,0.2,0,1554180914674,17041369,613
2019-04-02 04:55:15.265,0.3,sell,4775.24,BTC-26APR19-4000-C,65.61,0.174,0.3,0,1554180915265,17041373,614
2019-04-02 04:55:15.433,0.5,sell,4775.24,BTC-26APR19-4000-C,66.53,0.1745,0.5,0,1554180915433,17041374,615
2019-04-02 04:55:18.328,1.0,sell,4768.44,BTC-26APR19-4000-C,64.67,0.1725,1.0,2,1554180918328,17041410,616
2019-04-02 04:55:30.923,1.0,sell,4766.3,BTC-26APR19-4000-C,63.38,0.1715,1.0,2,1554180930923,17041588,617
2019-04-02 04:55:48.749,1.0,sell,4768.6,BTC-26APR19-4000-C,60.76,0.1705,1.0,2,1554180948749,17041736,618
2019-04-02 04:58:33.478,0.3,sell,4676.85,BTC-26APR19-4000-C,0.0,0.063,0.3,2,1554181113478,17044088,619
2019-04-02 05:07:39.129,0.2,sell,4707.01,BTC-26APR19-4000-C,48.82,0.1555,0.2,0,1554181659129,17048980,620
2019-04-02 05:15:01.109,4.0,buy,4723.34,BTC-26APR19-4000-C,59.44,0.163,4.0,0,1554182101109,17051897,621
2019-04-02 05:19:27.549,1.0,buy,4900.26,BTC-26APR19-4000-C,125.18,0.23,1.0,0,1554182367549,17056710,622
2019-04-02 05:19:47.021,1.0,sell,4940.32,BTC-26APR19-4000-C,61.97,0.1965,1.0,2,1554182387021,17057147,623
2019-04-02 05:19:49.947,1.0,buy,4939.17,BTC-26APR19-4000-C,55.21,0.19399999999999998,1.0,2,1554182389947,17057250,624
2019-04-02 05:19:52.966,1.0,buy,4945.32,BTC-26APR19-4000-C,53.74,0.1945,1.0,0,1554182392966,17057324,625
2019-04-02 05:19:57.484,1.0,buy,4954.48,BTC-26APR19-4000-C,64.38,0.1995,1.0,0,1554182397484,17057405,626
2019-04-02 05:20:02.009,0.5,buy,4963.48,BTC-26APR19-4000-C,54.63,0.1975,0.5,2,1554182402009,17057510,627
2019-04-02 05:20:02.168,0.5,buy,4964.86,BTC-26APR19-4000-C,55.64,0.198,0.5,0,1554182402168,17057513,628
2019-04-02 05:21:23.664,1.0,buy,5018.81,BTC-26APR19-4000-C,120.34,0.24,1.0,0,1554182483664,17058965,629
2019-04-02 05:21:36.746,1.0,buy,5018.96,BTC-26APR19-4000-C,120.32,0.24,1.0,1,1554182496746,17059227,630
2019-04-02 05:21:42.673,1.0,buy,5021.49,BTC-26APR19-4000-C,82.35,0.217,1.0,2,1554182502673,17059323,631
2019-04-02 05:21:50.495,1.0,sell,5031.7,BTC-26APR19-4000-C,91.05,0.223,1.0,0,1554182510495,17059508,632
2019-04-02 05:21:57.054,0.7000000000000001,buy,5019.21,BTC-26APR19-4000-C,91.22,0.2215,0.7000000000000001,2,1554182517054,17059679,633
2019-04-02 05:21:57.272,0.3,buy,5019.21,BTC-26APR19-4000-C,92.09,0.222,0.3,0,1554182517272,17059685,634
2019-04-02 05:22:04.346,0.5,sell,5027.15,BTC-26APR19-4000-C,92.95,0.2235,0.5,0,1554182524346,17059755,635
2019-04-02 05:22:04.434,0.5,sell,5027.15,BTC-26APR19-4000-C,92.95,0.2235,0.5,1,1554182524434,17059756,636
2019-04-02 05:22:10.927,0.2,sell,5023.38,BTC-26APR19-4000-C,91.16,0.222,0.2,2,1554182530927,17059829,637
2019-04-02 05:22:10.951,0.7000000000000001,sell,5023.38,BTC-26APR19-4000-C,91.16,0.222,0.7000000000000001,3,1554182530951,17059830,638
2019-04-02 05:22:10.984,0.1,sell,5023.38,BTC-26APR19-4000-C,91.16,0.222,0.1,3,1554182530984,17059835,639
2019-04-02 05:22:19.941,0.5,sell,5039.58,BTC-26APR19-4000-C,100.48,0.2295,0.5,0,1554182539941,17060031,640
2019-04-02 05:22:28.305,1.0,buy,5054.33,BTC-26APR19-4000-C,91.27,0.226,1.0,2,1554182548305,17060199,641
2019-04-02 05:22:36.295,1.0,buy,5050.42,BTC-26APR19-4000-C,99.1,0.23,1.0,0,1554182556295,17060434,642
2019-04-02 05:22:53.511,1.0,sell,5062.87,BTC-26APR19-4000-C,91.12,0.22699999999999998,1.0,2,1554182573511,17060828,643
2019-04-02 05:23:51.778,1.0,sell,5066.43,BTC-26APR19-4000-C,0.0,0.2055,1.0,2,1554182631778,17061815,644
2019-04-02 05:24:17.601,1.0,sell,5043.06,BTC-26APR19-4000-C,76.37,0.217,1.0,0,1554182657601,17062277,645
2019-04-02 06:04:27.550,0.1,sell,4713.59,BTC-26APR19-4000-C,0.0,0.063,0.1,2,1554185067550,17076711,646
2019-04-02 06:04:57.357,0.1,sell,4684.76,BTC-26APR19-4000-C,45.35,0.1505,0.1,0,1554185097357,17077076,647
2019-04-02 06:11:42.988,1.0,sell,4729.2,BTC-26APR19-4000-C,0.0,0.152,1.0,0,1554185502988,17080073,648
2019-04-02 06:25:14.159,0.1,sell,4696.73,BTC-26APR19-4000-C,34.64,0.1495,0.1,2,1554186314159,17083715,649
2019-04-02 06:43:24.713,0.2,buy,4686.48,BTC-26APR19-4000-C,40.0,0.149,0.2,2,1554187404713,17086349,650
2019-04-02 07:16:25.730,1.0,sell,4722.14,BTC-26APR19-4000-C,41.74,0.1555,1.0,0,1554189385730,17090882,651
2019-04-02 07:54:02.548,4.0,sell,4693.56,BTC-26APR19-4000-C,45.56,0.152,4.0,2,1554191642548,17092896,652
2019-04-02 07:57:25.955,1.0,sell,4689.88,BTC-26APR19-4000-C,47.13,0.152,1.0,3,1554191845955,17092991,653
2019-04-02 08:13:09.734,17.2,sell,4694.91,BTC-26APR19-4000-C,46.32,0.1525,17.2,0,1554192789734,17093911,654
2019-04-02 08:24:46.632,0.1,buy,4710.85,BTC-26APR19-4000-C,53.33,0.158,0.1,0,1554193486632,17094471,655
2019-04-02 10:22:40.948,0.1,sell,4759.14,BTC-26APR19-4000-C,61.87,0.1695,0.1,0,1554200560948,17104326,656
2019-04-02 10:25:20.965,0.1,sell,4762.28,BTC-26APR19-4000-C,59.93,0.16899999999999998,0.1,2,1554200720965,17104539,657
2019-04-02 10:26:31.703,1.8,sell,4764.11,BTC-26APR19-4000-C,48.57,0.1645,1.8,3,1554200791703,17104601,659
2019-04-02 10:26:31.703,4.9,sell,4764.11,BTC-26APR19-4000-C,48.57,0.1645,4.9,2,1554200791703,17104600,658
2019-04-02 12:18:38.699,1.0,sell,4792.4,BTC-26APR19-4000-C,45.19,0.168,1.0,0,1554207518699,17108465,660
2019-04-02 13:22:44.260,1.0,buy,4795.89,BTC-26APR19-4000-C,49.95,0.17,1.0,0,1554211364260,17111619,661
2019-04-02 14:03:52.600,1.0,sell,4797.16,BTC-26APR19-4000-C,50.85,0.1705,1.0,0,1554213832600,17112640,662
2019-04-02 14:10:05.130,0.1,sell,4717.78,BTC-26APR19-4000-C,65.1,0.165,0.1,2,1554214205130,17113940,663
2019-04-02 14:10:18.098,0.9,sell,4703.64,BTC-26APR19-4000-C,65.24,0.163,0.9,2,1554214218098,17114043,664
2019-04-02 14:10:25.232,1.0,sell,4694.08,BTC-26APR19-4000-C,67.59,0.163,1.0,3,1554214225232,17114120,665
2019-04-02 14:10:39.774,0.1,sell,4681.56,BTC-26APR19-4000-C,70.48,0.163,0.1,3,1554214239774,17114420,666
2019-04-02 14:21:35.729,1.0,sell,4704.86,BTC-26APR19-4000-C,51.24,0.156,1.0,2,1554214895729,17117236,667
2019-04-02 15:22:38.007,0.1,buy,4729.3,BTC-26APR19-4000-C,60.15,0.16399999999999998,0.1,0,1554218558007,17120963,668
2019-04-02 15:31:19.483,14.0,buy,4738.71,BTC-26APR19-4000-C,55.09,0.163,14.0,2,1554219079483,17121108,669
2019-04-02 15:32:25.039,0.6,buy,4737.34,BTC-26APR19-4000-C,55.56,0.163,0.6,3,1554219145039,17121122,670
2019-04-02 18:24:48.647,1.0,sell,4728.1,BTC-26APR19-4000-C,52.16,0.16,1.0,2,1554229488647,17126437,671
2019-04-02 19:29:41.757,0.5,buy,4741.61,BTC-26APR19-4000-C,58.62,0.165,0.5,0,1554233381757,17127373,672
2019-04-02 23:39:30.670,1.0,buy,4943.66,BTC-26APR19-4000-C,70.32,0.2,1.0,0,1554248370670,17149323,673
2019-04-03 00:25:04.920,10.0,buy,4964.3,BTC-26APR19-4000-C,79.09,0.207,10.0,0,1554251104920,17156488,674
2019-04-03 01:11:04.044,1.0,buy,4945.88,BTC-26APR19-4000-C,0.0,0.19,1.0,2,1554253864044,17163822,675
2019-04-03 01:39:51.235,5.0,sell,4943.06,BTC-26APR19-4000-C,41.14,0.1915,5.0,0,1554255591235,17165538,676
2019-04-03 05:30:58.252,0.5,sell,4958.87,BTC-26APR19-4000-C,0.0,0.0375,0.5,2,1554269458252,17188337,677
2019-04-03 05:39:27.644,0.5,buy,4950.34,BTC-26APR19-4000-C,0.0,0.19,0.5,0,1554269967644,17188668,678
2019-04-03 08:33:10.802,0.1,buy,4936.73,BTC-26APR19-4000-C,75.15,0.201,0.1,0,1554280390802,17192177,679
2019-04-03 09:57:08.915,1.0,buy,4970.97,BTC-26APR19-4000-C,71.3,0.204,1.0,0,1554285428915,17193115,680
2019-04-03 11:17:26.062,0.5,buy,4953.17,BTC-26APR19-4000-C,78.89,0.205,0.5,0,1554290246062,17194285,681
2019-04-03 12:11:43.073,1.0,buy,4990.01,BTC-26APR19-4000-C,67.19,0.205,1.0,1,1554293503073,17195292,682
2019-04-03 12:14:27.163,5.3,buy,5008.48,BTC-26APR19-4000-C,58.98,0.205,5.3,1,1554293667163,17195675,683
2019-04-03 12:14:32.517,0.3,buy,5008.8,BTC-26APR19-4000-C,58.81,0.205,0.3,1,1554293672517,17195706,684
2019-04-03 12:22:53.626,2.4,buy,5011.12,BTC-26APR19-4000-C,57.54,0.205,2.4,1,1554294173626,17197674,685
2019-04-03 12:22:53.626,1.0,buy,5011.12,BTC-26APR19-4000-C,57.54,0.205,1.0,1,1554294173626,17197675,686
2019-04-03 12:22:53.626,1.0,buy,5011.12,BTC-26APR19-4000-C,57.54,0.205,1.0,1,1554294173626,17197676,687
2019-04-03 12:23:20.609,0.1,buy,5019.13,BTC-26APR19-4000-C,56.79,0.20600000000000002,0.1,0,1554294200609,17197768,688
2019-04-03 16:45:17.265,0.5,sell,5116.18,BTC-26APR19-4000-C,95.54,0.2345,0.5,0,1554309917265,17213777,689
2019-04-03 16:54:43.102,0.2,sell,5120.16,BTC-26APR19-4000-C,83.93,0.2295,0.2,2,1554310483102,17214563,690
2019-04-03 17:16:52.425,0.5,sell,5090.99,BTC-26APR19-4000-C,71.04,0.2205,0.5,2,1554311812425,17218094,691
2019-04-03 17:54:32.529,0.1,buy,5142.5,BTC-26APR19-4000-C,0.0,0.21,0.1,2,1554314072529,17220964,692
2019-04-03 18:37:27.134,0.1,sell,5159.21,BTC-26APR19-4000-C,0.0,0.2,0.1,2,1554316647134,17222616,693
2019-04-03 20:09:48.112,0.3,buy,5168.66,BTC-26APR19-4000-C,67.01,0.23,0.3,0,1554322188112,17228183,694
2019-04-03 20:14:45.548,1.0,sell,5197.3,BTC-26APR19-4000-C,80.09,0.23800000000000002,1.0,0,1554322485548,17229171,695
2019-04-03 20:15:24.180,0.3,buy,5232.74,BTC-26APR19-4000-C,71.58,0.24,0.3,0,1554322524180,17229838,696
2019-04-03 20:15:24.180,0.5,buy,5232.74,BTC-26APR19-4000-C,71.58,0.24,0.5,1,1554322524180,17229839,697
2019-04-03 21:02:00.006,0.4,buy,5314.5,BTC-26APR19-4000-C,67.45,0.25,0.4,0,1554325320006,17238338,698
2019-04-04 18:19:20.234,2.0,buy,4831.62,BTC-26APR19-4000-C,64.43,0.18,2.0,2,1554401960234,17322558,699
2019-04-05 00:11:20.996,0.5,buy,4946.39,BTC-26APR19-4000-C,72.65,0.2,0.5,0,1554423080996,17342236,700
2019-04-05 18:02:11.770,0.1,buy,5038.57,BTC-26APR19-4000-C,64.31,0.21,0.1,0,1554487331770,17376885,701
2019-04-06 15:43:18.061,4.4,buy,5050.8,BTC-26APR19-4000-C,81.88,0.217,4.4,0,1554565398061,17399826,702
2019-04-06 15:43:34.082,4.4,buy,5054.38,BTC-26APR19-4000-C,81.91,0.2175,4.4,0,1554565414082,17399830,703
2019-04-06 15:45:57.082,4.2,buy,5057.96,BTC-26APR19-4000-C,81.94,0.218,4.2,0,1554565557082,17399929,704
2019-04-06 16:26:52.210,1.0,buy,5162.74,BTC-26APR19-4000-C,0.0,0.225,1.0,0,1554568012210,17405779,705
2019-04-06 16:27:06.236,1.0,buy,5163.46,BTC-26APR19-4000-C,0.0,0.225,1.0,1,1554568026236,17405801,706
2019-04-06 16:27:31.438,1.0,buy,5160.51,BTC-26APR19-4000-C,41.9,0.225,1.0,1,1554568051438,17405836,707
2019-04-06 16:28:06.146,2.0,buy,5161.95,BTC-26APR19-4000-C,0.0,0.225,2.0,1,1554568086146,17405892,708
2019-04-06 16:33:31.828,5.0,buy,5190.18,BTC-26APR19-4000-C,0.0,0.225,5.0,1,1554568411828,17406463,709
2019-04-06 16:33:33.043,5.0,buy,5190.58,BTC-26APR19-4000-C,0.0,0.225,5.0,1,1554568413043,17406474,710
2019-04-07 22:52:22.011,4.2,buy,5152.9,BTC-26APR19-4000-C,82.06,0.23,4.2,0,1554677542011,17489431,711
2019-04-08 01:11:04.403,1.5,buy,5300.02,BTC-26APR19-4000-C,83.63,0.25,1.5,0,1554685864403,17500765,712
2019-04-10 21:08:26.197,0.5,buy,5302.6,BTC-26APR19-4000-C,0.0,0.245,0.5,2,1554930506197,17643053,713
2019-04-10 21:11:05.615,0.5,buy,5302.5,BTC-26APR19-4000-C,66.56,0.2465,0.5,0,1554930665615,17643257,714
2019-04-10 21:12:51.612,0.5,buy,5294.13,BTC-26APR19-4000-C,72.86,0.24600000000000002,0.5,2,1554930771612,17643411,715
2019-04-11 07:23:51.003,0.1,buy,5211.09,BTC-26APR19-4000-C,95.13,0.239,0.1,2,1554967431003,17671537,716
2019-04-11 12:29:03.322,1.1,buy,5029.32,BTC-26APR19-4000-C,95.63,0.2145,1.1,2,1554985743322,17698383,717
2019-04-12 20:50:12.837,1.0,sell,5036.11,BTC-26APR19-4000-C,81.11,0.21,1.0,2,1555102212837,17760259,718
2019-04-16 21:49:23.561,0.1,buy,5206.49,BTC-26APR19-4000-C,94.89,0.23399999999999999,0.1,0,1555451363561,17880843,719
2019-04-16 21:51:53.509,0.1,buy,5205.5,BTC-26APR19-4000-C,95.98,0.23399999999999999,0.1,1,1555451513509,17880877,720
2019-04-16 22:51:46.186,0.1,buy,5195.28,BTC-26APR19-4000-C,95.69,0.2325,0.1,2,1555455106186,17881804,721
2019-04-16 23:18:51.777,0.1,buy,5201.46,BTC-26APR19-4000-C,96.79,0.2335,0.1,0,1555456731777,17882179,722
