date_utc,amount,direction,indexPrice,instrument,iv,price,quantity,tickDirection,timeStamp,tradeId,tradeSeq
2019-02-16 01:08:40.137,0.5,sell,3575.45,BTC-26APR19-4000-C,54.31,0.0505,0.5,1,1550279320137,15404130,1
2019-02-16 02:58:32.675,0.5,sell,3580.88,BTC-26APR19-4000-C,55.51,0.0525,0.5,0,1550285912675,15405404,2
2019-02-16 03:01:20.150,1.0,sell,3582.18,BTC-26APR19-4000-C,55.17,0.052000000000000005,1.0,2,1550286080150,15405464,3
2019-02-16 15:17:09.980,3.0,buy,3599.08,BTC-26APR19-4000-C,55.07,0.054000000000000006,3.0,0,1550330229980,15419532,4
2019-02-18 01:07:48.145,2.0,buy,3705.8,BTC-26APR19-4000-C,54.03,0.062,2.0,0,1550452068145,15469761,5
2019-02-18 12:39:23.107,3.0,buy,3716.88,BTC-26APR19-4000-C,55.43,0.064,3.0,0,1550493563107,15516740,6
2019-02-18 13:41:49.873,0.5,buy,3783.37,BTC-26APR19-4000-C,53.26,0.0665,0.5,0,1550497309873,15529520,7
2019-02-19 08:50:46.215,0.9,buy,3886.42,BTC-26APR19-4000-C,60.44,0.091,0.9,0,1550566246215,15615365,9
2019-02-19 08:50:46.215,4.1,buy,3886.42,BTC-26APR19-4000-C,59.85,0.09,4.1,0,1550566246215,15615364,8
2019-02-19 18:47:01.501,0.5,sell,3927.15,BTC-26APR19-4000-C,58.5,0.091,0.5,1,1550602021501,15658873,10
2019-02-19 23:41:20.862,3.0,sell,3892.34,BTC-26APR19-4000-C,58.03,0.087,3.0,2,1550619680862,15668904,11
2019-02-19 23:47:02.896,1.0,sell,3893.43,BTC-26APR19-4000-C,57.83,0.0865,1.0,2,1550620022896,15669221,12
2019-02-20 00:37:42.516,3.3000000000000003,sell,3866.51,BTC-26APR19-4000-C,57.25,0.083,3.3000000000000003,2,1550623062516,15671291,13
2019-02-20 00:37:42.516,4.7,sell,3866.51,BTC-26APR19-4000-C,57.25,0.083,4.7,3,1550623062516,15671292,14
2019-02-20 19:58:14.760,3.0,buy,3924.0,BTC-26APR19-4000-C,59.83,0.0925,3.0,0,1550692694760,15709389,15
2019-02-20 19:58:21.149,6.0,buy,3924.21,BTC-26APR19-4000-C,55.62,0.0855,6.0,2,1550692701149,15709506,16
2019-02-20 23:50:56.833,4.0,buy,3934.96,BTC-26APR19-4000-C,60.14,0.0945,4.0,0,1550706656833,15714736,17
2019-02-21 11:57:06.622,0.5,sell,3891.91,BTC-26APR19-4000-C,55.41,0.08199999999999999,0.5,2,1550750226622,15741754,18
2019-02-22 02:12:37.643,5.1000000000000005,buy,3916.43,BTC-26APR19-4000-C,55.46,0.0845,5.1000000000000005,0,1550801557643,15753869,19
2019-02-22 02:14:29.871,6.0,buy,3916.85,BTC-26APR19-4000-C,55.08,0.084,6.0,2,1550801669871,15753884,20
2019-02-22 07:19:41.455,5.0,buy,3894.78,BTC-26APR19-4000-C,56.08,0.083,5.0,2,1550819981455,15758443,21
2019-02-22 08:02:47.579,1.0,sell,3894.82,BTC-26APR19-4000-C,54.65,0.08,1.0,2,1550822567579,15760109,22
2019-02-22 08:02:51.022,1.0,sell,3894.73,BTC-26APR19-4000-C,54.66,0.08,1.0,3,1550822571022,15760110,23
2019-02-22 08:58:38.414,0.5,buy,3925.82,BTC-26APR19-4000-C,57.15,0.0875,0.5,0,1550825918414,15764534,24
2019-02-22 13:25:57.177,0.5,sell,3941.03,BTC-26APR19-4000-C,55.52,0.0875,0.5,1,1550841957177,15773540,25
2019-02-22 13:50:47.208,3.0,buy,3953.91,BTC-26APR19-4000-C,56.08,0.09,3.0,0,1550843447208,15774893,26
2019-02-22 13:50:48.364,0.6,buy,3953.66,BTC-26APR19-4000-C,56.1,0.09,0.6,1,1550843448364,15774898,27
2019-02-22 13:51:05.235,2.4,sell,3951.07,BTC-26APR19-4000-C,56.24,0.09,2.4,1,1550843465235,15775004,28
2019-02-22 13:51:19.514,1.2,buy,3950.37,BTC-26APR19-4000-C,55.91,0.0895,1.2,2,1550843479514,15775055,29
2019-02-22 17:29:15.089,0.1,buy,3928.15,BTC-26APR19-4000-C,57.8,0.08900000000000001,0.1,2,1550856555089,15784689,30
2019-02-22 21:22:14.369,4.4,buy,3936.67,BTC-26APR19-4000-C,57.45,0.08900000000000001,4.4,3,1550870534369,15787704,31
2019-02-22 21:22:14.369,1.6,buy,3936.67,BTC-26APR19-4000-C,57.45,0.08900000000000001,1.6,3,1550870534369,15787705,32
2019-02-23 07:00:48.559,3.7,buy,3928.97,BTC-26APR19-4000-C,58.3,0.0885,3.7,2,1550905248559,15797112,33
2019-02-23 07:19:09.209,3.7,buy,3926.1,BTC-26APR19-4000-C,58.72,0.08900000000000001,3.7,0,1550906349209,15797211,34
2019-02-23 07:29:15.497,3.7,buy,3926.04,BTC-26APR19-4000-C,59.05,0.0895,3.7,0,1550906955497,15797298,35
2019-02-23 07:39:20.752,3.7,buy,3926.23,BTC-26APR19-4000-C,59.29,0.09,3.7,0,1550907560752,15797332,36
2019-02-23 08:19:50.840,3.0,sell,3926.95,BTC-26APR19-4000-C,59.9,0.091,3.0,0,1550909990840,15797608,37
2019-02-23 08:29:54.579,3.7,buy,3926.72,BTC-26APR19-4000-C,60.22,0.0915,3.7,0,1550910594579,15797673,38
2019-02-23 08:35:52.373,3.7,sell,3923.7,BTC-26APR19-4000-C,60.28,0.0915,3.7,1,1550910952373,15797739,39
2019-02-23 12:18:48.743,2.0,sell,3932.64,BTC-26APR19-4000-C,59.83,0.091,2.0,2,1550924328743,15802338,40
2019-02-23 18:48:55.408,4.0,buy,4101.12,BTC-26APR19-4000-C,59.83,0.11,4.0,0,1550947735408,15838544,41
2019-02-24 14:20:53.603,5.8,sell,3828.16,BTC-26APR19-4000-C,59.03,0.071,5.8,2,1551018053603,15907477,42
2019-02-24 15:08:22.175,2.0,buy,3805.54,BTC-26APR19-4000-C,61.38,0.0755,2.0,0,1551020902175,15931465,43
2019-02-24 17:36:07.712,1.0,buy,3779.38,BTC-26APR19-4000-C,61.01,0.073,1.0,2,1551029767712,15951739,44
2019-02-24 21:18:18.392,1.0,buy,3798.06,BTC-26APR19-4000-C,58.85,0.071,1.0,2,1551043098392,15957863,45
2019-02-24 21:44:57.793,1.0,sell,3782.98,BTC-26APR19-4000-C,57.44,0.067,1.0,2,1551044697793,15959430,46
2019-02-25 10:21:15.041,5.6000000000000005,sell,3755.73,BTC-26APR19-4000-C,60.27,0.0695,5.6000000000000005,0,1551090075041,15982533,47
2019-02-25 10:21:15.102,4.4,buy,3755.73,BTC-26APR19-4000-C,60.27,0.0695,4.4,1,1551090075102,15982534,48
2019-02-25 10:21:30.129,5.0,sell,3755.59,BTC-26APR19-4000-C,60.33,0.0695,5.0,1,1551090090129,15982655,49
2019-02-25 12:16:26.919,5.0,buy,3782.61,BTC-26APR19-4000-C,59.63,0.071,5.0,0,1551096986919,15986414,50
2019-02-25 12:16:40.438,4.8,buy,3784.83,BTC-26APR19-4000-C,60.37,0.0725,4.8,0,1551097000438,15986425,51
2019-02-26 08:20:22.308,0.1,sell,3787.06,BTC-26APR19-4000-C,58.38,0.069,0.1,2,1551169222308,16024168,52
2019-02-26 15:44:21.101,4.2,sell,3811.5,BTC-26APR19-4000-C,59.2,0.07200000000000001,4.2,0,1551195861101,16034928,53
2019-02-26 15:46:10.109,5.6000000000000005,buy,3810.98,BTC-26APR19-4000-C,59.38,0.07200000000000001,5.6000000000000005,1,1551195970109,16035003,54
2019-02-26 15:46:37.281,5.0,buy,3811.32,BTC-26APR19-4000-C,59.37,0.07200000000000001,5.0,1,1551195997281,16035020,55
2019-02-26 15:55:58.034,6.0,sell,3809.62,BTC-26APR19-4000-C,59.18,0.0715,6.0,2,1551196558034,16035172,56
2019-02-26 20:18:23.390,1.0,sell,3806.11,BTC-26APR19-4000-C,57.91,0.0695,1.0,2,1551212303390,16041288,57
2019-02-27 16:32:41.722,50.0,buy,3802.75,BTC-26APR19-4000-C,57.67,0.068,50.0,2,1551285161722,16062773,58
2019-02-28 06:25:31.387,1.1,sell,3806.26,BTC-26APR19-4000-C,56.51,0.0665,1.1,2,1551335131387,16094748,59
2019-02-28 15:32:57.168,0.1,buy,3777.8,BTC-26APR19-4000-C,56.62,0.0645,0.1,2,1551367977168,16109775,60
2019-02-28 15:32:57.248,0.1,buy,3777.8,BTC-26APR19-4000-C,56.62,0.0645,0.1,3,1551367977248,16109776,61
2019-02-28 15:32:57.465,5.4,buy,3777.8,BTC-26APR19-4000-C,56.62,0.0645,5.4,3,1551367977465,16109778,62
2019-02-28 15:32:59.241,0.4,buy,3777.78,BTC-26APR19-4000-C,56.59,0.0645,0.4,3,1551367979241,16109798,63
2019-03-01 15:31:55.716,1.0,sell,3815.86,BTC-26APR19-4000-C,54.67,0.064,1.0,2,1551454315716,16151471,64
2019-03-02 21:19:01.330,0.1,buy,3808.15,BTC-26APR19-4000-C,55.86,0.064,0.1,3,1551561541330,16181539,65
2019-03-03 11:14:40.841,0.2,buy,3812.68,BTC-26APR19-4000-C,55.78,0.064,0.2,3,1551611680841,16188196,66
2019-03-04 06:43:16.390,1.0,buy,3727.55,BTC-26APR19-4000-C,56.21,0.056,1.0,2,1551681796390,16220804,67
2019-03-04 16:33:08.528,0.1,buy,3711.15,BTC-26APR19-4000-C,54.3,0.0515,0.1,2,1551717188528,16239783,68
2019-03-04 17:13:18.637,0.5,buy,3716.36,BTC-26APR19-4000-C,54.29,0.0515,0.5,3,1551719598637,16240280,69
2019-03-04 17:58:22.304,0.4,buy,3719.08,BTC-26APR19-4000-C,54.1,0.0515,0.4,3,1551722302304,16240573,70
2019-03-04 18:36:32.520,1.0,sell,3708.76,BTC-26APR19-4000-C,53.45,0.0495,1.0,2,1551724592520,16242119,71
2019-03-05 07:28:02.866,1.0,buy,3712.39,BTC-26APR19-4000-C,54.07,0.051,1.0,0,1551770882866,16250780,72
2019-03-05 08:48:19.625,1.0,buy,3729.94,BTC-26APR19-4000-C,55.71,0.055,1.0,0,1551775699625,16252630,73
2019-03-05 15:15:12.291,0.1,sell,3825.23,BTC-26APR19-4000-C,53.48,0.061,0.1,0,1551798912291,16279971,74
2019-03-06 16:44:33.424,1.0,buy,3849.66,BTC-26APR19-4000-C,54.48,0.0645,1.0,0,1551890673424,16325237,75
2019-03-06 16:45:56.534,0.5,buy,3850.7,BTC-26APR19-4000-C,54.34,0.0645,0.5,1,1551890756534,16325292,76
2019-03-07 09:46:25.335,0.1,sell,3849.18,BTC-26APR19-4000-C,51.27,0.059,0.1,2,1551951985335,16347114,77
2019-03-08 04:19:39.052,0.1,buy,3857.75,BTC-26APR19-4000-C,52.31,0.061,0.1,0,1552018779052,16367082,78
2019-03-08 06:08:21.573,1.0,sell,3873.84,BTC-26APR19-4000-C,49.35,0.058,1.0,2,1552025301573,16368930,79
2019-03-08 15:00:43.372,0.1,buy,3893.06,BTC-26APR19-4000-C,51.71,0.063,0.1,0,1552057243372,16387631,80
2019-03-08 22:08:24.885,1.0,buy,3805.04,BTC-26APR19-4000-C,53.34,0.055999999999999994,1.0,2,1552082904885,16402177,81
2019-03-08 22:08:35.121,1.0,sell,3802.85,BTC-26APR19-4000-C,52.79,0.055,1.0,2,1552082915121,16402206,82
2019-03-08 22:08:37.883,1.0,sell,3802.56,BTC-26APR19-4000-C,52.83,0.055,1.0,3,1552082917883,16402218,83
2019-03-09 16:55:39.136,0.1,buy,3912.02,BTC-26APR19-4000-C,51.59,0.063,0.1,0,1552150539136,16440458,84
2019-03-10 16:59:48.982,0.3,buy,3878.65,BTC-26APR19-4000-C,52.17,0.06,0.3,2,1552237188982,16464792,85
2019-03-10 20:34:12.922,0.1,buy,3893.53,BTC-26APR19-4000-C,52.16,0.0615,0.1,0,1552250052922,16466304,86
2019-03-10 21:06:51.291,0.1,buy,3898.13,BTC-26APR19-4000-C,51.9,0.0615,0.1,1,1552252011291,16466687,87
2019-03-11 04:35:41.723,0.5,sell,3895.79,BTC-26APR19-4000-C,51.38,0.0605,0.5,2,1552278941723,16472130,88
2019-03-11 05:00:10.682,0.1,sell,3886.26,BTC-26APR19-4000-C,51.47,0.0595,0.1,2,1552280410682,16472849,89
2019-03-11 06:53:59.215,0.5,buy,3874.84,BTC-26APR19-4000-C,51.56,0.0585,0.5,2,1552287239215,16478928,90
2019-03-11 09:04:57.749,0.1,sell,3869.05,BTC-26APR19-4000-C,49.63,0.055,0.1,2,1552295097749,16480934,91
2019-03-12 12:47:57.743,1.5,buy,3869.88,BTC-26APR19-4000-C,50.56,0.0555,1.5,0,1552394877743,16519296,92
2019-03-12 13:39:15.650,2.0,buy,3868.22,BTC-26APR19-4000-C,49.67,0.054000000000000006,2.0,2,1552397955650,16520620,93
2019-03-12 14:25:51.506,1.0,buy,3865.73,BTC-26APR19-4000-C,50.12,0.054000000000000006,1.0,3,1552400751506,16521110,94
2019-03-12 14:58:51.201,1.0,buy,3865.82,BTC-26APR19-4000-C,49.12,0.0525,1.0,2,1552402731201,16521639,95
2019-03-13 19:28:53.048,1.0,sell,3857.66,BTC-26APR19-4000-C,48.88,0.05,1.0,2,1552505333048,16544552,96
2019-03-13 19:45:40.424,1.0,sell,3854.23,BTC-26APR19-4000-C,48.04,0.0485,1.0,2,1552506340424,16544700,97
2019-03-13 22:41:16.688,2.0,buy,3851.63,BTC-26APR19-4000-C,49.24,0.05,2.0,0,1552516876688,16546174,98
2019-03-14 10:42:23.294,1.0,buy,3847.87,BTC-26APR19-4000-C,49.61,0.05,1.0,1,1552560143294,16552298,99
2019-03-14 11:03:13.593,0.1,sell,3846.95,BTC-26APR19-4000-C,48.41,0.0485,0.1,2,1552561393593,16552408,100
