date_utc,amount,direction,indexPrice,instrument,iv,price,quantity,tickDirection,timeStamp,tradeId,tradeSeq
2019-03-25 23:34:05.322,86.0,sell,133.1,ETH-28JUN19-260-C,77.07,0.01,86.0,1,1553556845322,149424,1
2019-03-26 17:13:22.111,20.0,buy,132.55,ETH-28JUN19-260-C,79.49,0.011,20.0,0,1553620402111,158366,2
2019-03-26 20:40:36.109,11.0,sell,133.42,ETH-28JUN19-260-C,76.01,0.009000000000000001,11.0,2,1553632836109,160542,3
2019-03-26 20:40:36.109,139.0,sell,133.42,ETH-28JUN19-260-C,76.01,0.009000000000000001,139.0,3,1553632836109,160543,4
2019-03-28 20:41:44.892,100.0,sell,136.94,ETH-28JUN19-260-C,70.71,0.006999999999999999,100.0,2,1553805704892,188405,5
2019-03-30 21:33:32.125,1.0,sell,141.72,ETH-28JUN19-260-C,69.42,0.008,1.0,0,1553981612125,220748,6
2019-04-01 10:36:26.638,90.0,buy,141.65,ETH-28JUN19-260-C,70.35,0.008,90.0,1,1554114986638,243218,7
2019-04-01 10:36:38.219,86.0,sell,141.64,ETH-28JUN19-260-C,70.36,0.008,86.0,1,1554114998219,243224,8
2019-04-01 10:36:45.696,90.0,sell,141.65,ETH-28JUN19-260-C,70.36,0.008,90.0,1,1554115005696,243225,9
2019-04-01 10:36:55.207,91.0,sell,141.64,ETH-28JUN19-260-C,70.36,0.008,91.0,1,1554115015207,243230,10
2019-04-01 18:13:57.738,15.0,sell,140.68,ETH-28JUN19-260-C,69.3,0.006999999999999999,15.0,2,1554142437738,247008,11
2019-04-02 05:47:52.620,88.0,sell,150.92,ETH-28JUN19-260-C,73.35,0.014,88.0,0,1554184072620,271276,12
2019-04-02 05:47:53.185,5.0,sell,150.92,ETH-28JUN19-260-C,73.35,0.014,5.0,1,1554184073185,271281,13
2019-04-02 05:47:54.868,50.0,sell,151.07,ETH-28JUN19-260-C,73.26,0.014,50.0,1,1554184074868,271286,14
2019-04-02 08:16:12.551,15.0,buy,152.9,ETH-28JUN19-260-C,73.28,0.015,15.0,0,1554192972551,278788,15
2019-04-02 09:01:03.780,2.0,buy,151.73,ETH-28JUN19-260-C,80.31,0.021,2.0,0,1554195663780,281173,16
2019-04-02 18:46:04.518,50.0,sell,158.21,ETH-28JUN19-260-C,74.17,0.02,50.0,2,1554230764518,312657,17
2019-04-03 11:29:59.100,1.0,buy,167.27,ETH-28JUN19-260-C,83.72,0.04,1.0,0,1554290999100,370151,18
2019-04-04 04:22:53.106,20.0,sell,161.95,ETH-28JUN19-260-C,82.67,0.032,20.0,2,1554351773106,433094,19
2019-04-04 12:48:56.988,5.0,sell,161.88,ETH-28JUN19-260-C,83.74,0.033,5.0,0,1554382136988,442450,20
2019-04-04 15:15:06.204,1.0,sell,160.56,ETH-28JUN19-260-C,85.31,0.034,1.0,0,1554390906204,443759,21
2019-04-04 22:16:50.096,30.0,sell,158.21,ETH-28JUN19-260-C,86.63,0.034,30.0,1,1554416210096,460167,22
2019-04-06 19:53:08.711,48.0,buy,170.9,ETH-28JUN19-260-C,85.52,0.043,48.0,0,1554580388711,513841,23
2019-04-06 19:53:08.711,154.0,buy,170.9,ETH-28JUN19-260-C,85.52,0.043,154.0,1,1554580388711,513842,24
2019-04-06 20:02:08.583,16.0,buy,170.52,ETH-28JUN19-260-C,85.97,0.043,16.0,1,1554580928583,515083,25
2019-04-08 02:49:55.812,48.0,buy,183.73,ETH-28JUN19-260-C,83.83,0.059,48.0,0,1554691795812,601733,26
2019-04-08 02:49:59.119,48.0,sell,183.74,ETH-28JUN19-260-C,82.57,0.057,48.0,2,1554691799119,601747,27
2019-04-08 02:59:42.853,48.0,buy,182.66,ETH-28JUN19-260-C,86.45,0.063,48.0,0,1554692382853,602891,28
2019-04-08 02:59:43.257,48.0,buy,182.66,ETH-28JUN19-260-C,86.45,0.063,48.0,1,1554692383257,602907,29
2019-04-08 07:13:59.710,48.0,buy,179.91,ETH-28JUN19-260-C,83.82,0.053,48.0,2,1554707639710,616030,30
2019-04-08 07:27:00.220,4.0,buy,179.63,ETH-28JUN19-260-C,84.03,0.054000000000000006,4.0,0,1554708420220,617234,31
2019-04-08 11:10:03.741,70.0,sell,177.95,ETH-28JUN19-260-C,81.28,0.047,70.0,2,1554721803741,625946,32
2019-04-08 11:47:35.460,48.0,buy,176.25,ETH-28JUN19-260-C,81.64,0.046,48.0,2,1554724055460,629101,33
2019-04-09 15:26:39.517,72.0,buy,177.84,ETH-28JUN19-260-C,77.21,0.04,72.0,2,1554823599517,702603,34
2019-04-09 15:26:41.566,72.0,sell,177.9,ETH-28JUN19-260-C,77.91,0.041,72.0,0,1554823601566,702613,35
2019-04-09 15:26:42.356,68.0,sell,177.89,ETH-28JUN19-260-C,77.88,0.041,68.0,1,1554823602356,702623,36
2019-04-09 15:32:19.567,72.0,buy,177.7,ETH-28JUN19-260-C,77.9,0.041,72.0,1,1554823939567,702858,37
2019-04-10 12:00:29.521,30.0,sell,179.98,ETH-28JUN19-260-C,72.87,0.036000000000000004,30.0,2,1554897629521,731755,38
2019-04-11 10:55:03.977,124.0,buy,165.8,ETH-28JUN19-260-C,80.85,0.03,124.0,2,1554980103977,819484,39
2019-04-11 19:03:49.666,67.0,buy,166.29,ETH-28JUN19-260-C,76.06,0.023,67.0,2,1555009429666,841709,40
2019-04-11 19:04:52.052,3.0,sell,166.35,ETH-28JUN19-260-C,76.01,0.023,3.0,3,1555009492052,841726,41
2019-04-11 19:05:04.565,3.0,sell,166.33,ETH-28JUN19-260-C,76.03,0.023,3.0,3,1555009504565,841728,42
2019-04-11 19:05:17.448,1.0,sell,166.32,ETH-28JUN19-260-C,76.04,0.023,1.0,3,1555009517448,841733,43
2019-04-11 20:37:24.359,5.0,buy,165.49,ETH-28JUN19-260-C,80.18,0.027000000000000003,5.0,0,1555015044359,845640,44
2019-04-11 21:51:41.423,100.0,buy,163.96,ETH-28JUN19-260-C,80.38,0.026,100.0,2,1555019501423,847086,45
2019-04-12 06:23:03.393,5.0,buy,164.04,ETH-28JUN19-260-C,86.41,0.033,5.0,0,1555050183393,865019,46
2019-04-12 06:26:05.872,2.0,buy,164.1,ETH-28JUN19-260-C,86.5,0.033,2.0,1,1555050365872,865054,47
2019-04-12 08:25:36.794,60.0,sell,163.73,ETH-28JUN19-260-C,80.8,0.026,60.0,2,1555057536794,867866,48
2019-04-12 09:32:55.272,65.0,buy,162.8,ETH-28JUN19-260-C,77.31,0.022,65.0,2,1555061575272,871991,49
2019-04-12 09:32:55.278,60.0,buy,162.8,ETH-28JUN19-260-C,77.31,0.022,60.0,3,1555061575278,871992,50
2019-04-12 09:32:57.232,49.0,buy,162.8,ETH-28JUN19-260-C,78.29,0.023,49.0,0,1555061577232,872012,51
2019-04-12 23:02:39.422,2.0,buy,165.37,ETH-28JUN19-260-C,76.41,0.022,2.0,2,1555110159422,899461,52
2019-04-13 18:23:17.001,89.0,buy,163.57,ETH-28JUN19-260-C,76.87,0.02,89.0,2,1555179797001,914599,53
2019-04-13 18:23:36.967,89.0,buy,163.6,ETH-28JUN19-260-C,77.87,0.021,89.0,0,1555179816967,914600,54
2019-04-13 18:24:16.704,90.0,buy,163.6,ETH-28JUN19-260-C,78.88,0.022,90.0,0,1555179856704,914601,55
2019-04-13 18:28:32.212,40.0,buy,163.62,ETH-28JUN19-260-C,79.87,0.023,40.0,0,1555180112212,914605,56
2019-04-13 18:28:44.164,1.0,buy,163.62,ETH-28JUN19-260-C,80.83,0.024,1.0,0,1555180124164,914606,57
2019-04-14 22:16:02.989,1.0,buy,167.18,ETH-28JUN19-260-C,76.27,0.022,1.0,2,1555280162989,932195,58
2019-04-14 22:17:29.387,60.0,buy,167.78,ETH-28JUN19-260-C,78.64,0.025,60.0,0,1555280249387,932411,59
2019-04-14 22:17:40.873,60.0,buy,167.79,ETH-28JUN19-260-C,78.65,0.025,60.0,1,1555280260873,932432,60
2019-04-14 22:17:51.166,102.0,buy,167.86,ETH-28JUN19-260-C,79.56,0.026,102.0,0,1555280271166,932436,61
2019-04-14 22:18:53.889,50.0,buy,166.87,ETH-28JUN19-260-C,78.61,0.024,50.0,2,1555280333889,932703,62
2019-04-14 22:19:22.037,15.0,buy,167.26,ETH-28JUN19-260-C,78.22,0.024,15.0,3,1555280362037,932751,63
2019-04-15 21:11:19.235,1.0,buy,159.91,ETH-28JUN19-260-C,80.95,0.021,1.0,2,1555362679235,982515,64
2019-04-15 21:11:19.235,125.0,buy,159.91,ETH-28JUN19-260-C,80.95,0.021,125.0,3,1555362679235,982516,65
2019-04-15 21:21:53.692,113.0,buy,160.25,ETH-28JUN19-260-C,81.69,0.022,113.0,1,1555363313692,982661,67
2019-04-15 21:21:53.692,60.0,buy,160.25,ETH-28JUN19-260-C,81.69,0.022,60.0,0,1555363313692,982660,66
2019-04-15 21:24:29.499,40.0,buy,160.21,ETH-28JUN19-260-C,82.82,0.023,40.0,0,1555363469499,982666,68
2019-04-15 21:24:41.715,4.0,buy,160.21,ETH-28JUN19-260-C,82.82,0.023,4.0,1,1555363481715,982667,69
2019-04-17 21:50:56.213,1.0,buy,167.01,ETH-28JUN19-260-C,75.72,0.02,1.0,2,1555537856213,1046878,70
2019-04-18 15:48:44.243,1.0,buy,172.84,ETH-28JUN19-260-C,75.55,0.024,1.0,0,1555602524243,1065805,71
2019-04-19 22:30:17.825,4.0,buy,172.27,ETH-28JUN19-260-C,80.47,0.027999999999999997,4.0,0,1555713017825,1103610,72
2019-04-22 11:01:51.661,1.0,sell,172.13,ETH-28JUN19-260-C,75.4,0.021,1.0,2,1555930911661,1155730,73
2019-04-22 12:04:15.527,1.0,sell,171.6,ETH-28JUN19-260-C,75.83,0.021,1.0,3,1555934655527,1156136,74
2019-04-22 12:05:16.824,1.0,sell,171.6,ETH-28JUN19-260-C,75.81,0.021,1.0,3,1555934716824,1156137,75
2019-04-23 16:28:23.216,86.0,buy,173.35,ETH-28JUN19-260-C,77.17,0.023,86.0,0,1556036903216,1187393,76
2019-04-24 10:28:05.969,1.0,sell,164.84,ETH-28JUN19-260-C,76.84,0.016,1.0,2,1556101685969,1210156,77
2019-04-25 02:15:23.158,1.0,buy,165.06,ETH-28JUN19-260-C,74.71,0.013999999999999999,1.0,2,1556158523158,1225159,78
2019-04-25 06:29:26.681,1.0,buy,163.07,ETH-28JUN19-260-C,76.36,0.013999999999999999,1.0,3,1556173766681,1227253,79
2019-04-27 12:55:12.513,51.0,sell,153.16,ETH-28JUN19-260-C,80.54,0.011000000000000001,51.0,2,1556369712513,1287119,80
2019-04-28 07:33:18.381,80.0,buy,155.45,ETH-28JUN19-260-C,81.29,0.012,80.0,1,1556436798381,1304655,82
2019-04-28 07:33:18.381,20.0,buy,155.45,ETH-28JUN19-260-C,81.29,0.012,20.0,0,1556436798381,1304654,81
2019-05-01 14:31:28.598,1.0,sell,158.58,ETH-28JUN19-260-C,78.48,0.01,1.0,2,1556721088598,1378927,83
2019-05-02 00:59:35.704,1.0,sell,157.76,ETH-28JUN19-260-C,79.52,0.01,1.0,3,1556758775704,1387593,84
2019-05-02 03:49:07.059,100.0,buy,158.45,ETH-28JUN19-260-C,80.64,0.011000000000000001,100.0,1,1556768947059,1388580,86
2019-05-02 03:49:07.059,10.0,buy,158.45,ETH-28JUN19-260-C,80.64,0.011000000000000001,10.0,0,1556768947059,1388579,85
2019-05-02 03:49:07.075,54.0,sell,158.45,ETH-28JUN19-260-C,80.64,0.011000000000000001,54.0,1,1556768947075,1388582,87
2019-05-02 14:27:25.377,1.0,buy,157.43,ETH-28JUN19-260-C,81.55,0.011000000000000001,1.0,1,1556807245377,1397088,88
2019-05-03 13:55:57.158,1.0,sell,166.83,ETH-28JUN19-260-C,79.62,0.013999999999999999,1.0,0,1556891757158,1441763,89
2019-05-03 15:24:02.877,1.0,sell,166.17,ETH-28JUN19-260-C,78.59,0.013000000000000001,1.0,2,1556897042877,1443630,90
2019-05-03 16:07:40.947,1.0,buy,166.28,ETH-28JUN19-260-C,78.33,0.013000000000000001,1.0,3,1556899660947,1444398,91
2019-05-04 14:42:34.090,100.0,buy,160.21,ETH-28JUN19-260-C,82.29,0.012,100.0,2,1556980954090,1468222,92
2019-05-05 08:38:58.929,1.0,sell,161.03,ETH-28JUN19-260-C,82.19,0.012,1.0,3,1557045538929,1485276,93
2019-05-06 16:01:39.983,10.0,buy,170.98,ETH-28JUN19-260-C,79.05,0.015,10.0,0,1557158499983,1519690,94
2019-05-07 00:11:31.380,50.0,sell,178.3,ETH-28JUN19-260-C,82.21,0.023,50.0,0,1557187891380,1541916,95
2019-05-08 16:58:17.448,1.0,sell,167.81,ETH-28JUN19-260-C,88.49,0.018000000000000002,1.0,2,1557334697448,1626816,96
2019-05-09 18:16:13.845,1.0,sell,165.73,ETH-28JUN19-260-C,90.03,0.017,1.0,2,1557425773845,1663052,97
2019-05-10 00:47:49.402,50.0,sell,169.07,ETH-28JUN19-260-C,88.84,0.018000000000000002,50.0,0,1557449269402,1670933,98
2019-05-10 00:48:02.360,50.0,sell,169.03,ETH-28JUN19-260-C,88.88,0.018000000000000002,50.0,1,1557449282360,1670946,99
2019-05-10 02:46:09.470,70.0,sell,170.7,ETH-28JUN19-260-C,89.03,0.019,70.0,0,1557456369470,1674266,100
2019-05-11 03:02:40.102,1.0,buy,176.11,ETH-28JUN19-260-C,89.86,0.022000000000000002,1.0,0,1557543760102,1724433,101
2019-05-11 03:27:16.260,1.0,sell,175.59,ETH-28JUN19-260-C,87.77,0.02,1.0,2,1557545236260,1725046,102
2019-05-11 15:03:02.926,63.0,sell,189.45,ETH-28JUN19-260-C,92.04,0.037000000000000005,63.0,0,1557586982926,1785353,103
2019-05-11 15:20:46.294,51.0,sell,191.01,ETH-28JUN19-260-C,91.57,0.038,51.0,0,1557588046294,1786564,104
2019-05-11 15:29:40.029,55.0,sell,192.58,ETH-28JUN19-260-C,92.09,0.04,55.0,0,1557588580029,1788023,105
2019-05-11 15:30:38.488,50.0,sell,192.46,ETH-28JUN19-260-C,91.25,0.039,50.0,2,1557588638488,1788111,106
2019-05-11 15:53:33.234,14.0,buy,191.44,ETH-28JUN19-260-C,93.26,0.04,14.0,0,1557590013234,1789787,107
2019-05-11 16:00:42.392,53.0,sell,192.45,ETH-28JUN19-260-C,92.34,0.04,53.0,1,1557590442392,1790317,108
2019-05-11 18:38:05.508,200.0,buy,197.4,ETH-28JUN19-260-C,93.08,0.046,200.0,0,1557599885508,1807594,109
2019-05-11 19:35:02.144,160.0,buy,194.63,ETH-28JUN19-260-C,96.47,0.047,160.0,0,1557603302144,1810677,110
2019-05-12 11:39:13.044,42.0,sell,186.76,ETH-28JUN19-260-C,104.24,0.046,42.0,2,1557661153044,1947914,111
2019-05-12 15:28:13.367,5.0,buy,184.23,ETH-28JUN19-260-C,98.02,0.037000000000000005,5.0,2,1557674893367,1973720,112
2019-05-13 12:42:23.807,70.0,sell,193.75,ETH-28JUN19-260-C,98.25,0.045,70.0,0,1557751343807,2023296,113
2019-05-13 13:06:20.113,51.0,sell,194.64,ETH-28JUN19-260-C,96.61,0.044000000000000004,51.0,2,1557752780113,2024324,114
2019-05-13 14:58:26.411,5.0,sell,195.92,ETH-28JUN19-260-C,96.42,0.045,5.0,0,1557759506411,2029634,115
2019-05-13 16:15:23.155,160.0,buy,203.74,ETH-28JUN19-260-C,106.26,0.068,160.0,0,1557764123155,2045625,116
2019-05-14 05:19:23.315,52.0,buy,211.44,ETH-28JUN19-260-C,103.28,0.075,52.0,0,1557811163315,2096773,117
2019-05-14 05:39:02.204,10.0,buy,209.95,ETH-28JUN19-260-C,104.5,0.075,10.0,1,1557812342204,2098598,118
2019-05-14 06:05:08.139,60.0,sell,209.0,ETH-28JUN19-260-C,101.87,0.07,60.0,2,1557813908139,2100561,119
2019-05-14 06:32:28.981,5.0,buy,210.62,ETH-28JUN19-260-C,103.8,0.075,5.0,0,1557815548981,2101599,120
2019-05-14 06:35:28.244,5.0,buy,210.62,ETH-28JUN19-260-C,103.92,0.075,5.0,1,1557815728244,2101689,121
2019-05-14 07:03:09.833,428.0,buy,211.26,ETH-28JUN19-260-C,103.13,0.075,428.0,1,1557817389833,2102566,122
2019-05-14 08:54:16.244,20.0,sell,206.68,ETH-28JUN19-260-C,107.37,0.075,20.0,1,1557824056244,2114122,123
2019-05-14 10:25:11.471,2.0,sell,205.11,ETH-28JUN19-260-C,106.87,0.071,2.0,2,1557829511471,2123100,124
2019-05-14 10:26:35.676,1.0,sell,205.17,ETH-28JUN19-260-C,106.78,0.071,1.0,3,1557829595676,2123289,125
2019-05-14 11:35:29.011,2.0,sell,205.85,ETH-28JUN19-260-C,106.5,0.071,2.0,3,1557833729011,2126762,126
2019-05-14 16:27:16.922,20.0,buy,205.33,ETH-28JUN19-260-C,109.54,0.07400000000000001,20.0,0,1557851236922,2147126,127
2019-05-14 20:56:44.151,2.0,buy,203.99,ETH-28JUN19-260-C,102.2,0.063,2.0,2,1557867404151,2165403,128
2019-05-14 21:52:20.373,1.0,buy,208.46,ETH-28JUN19-260-C,108.96,0.077,1.0,0,1557870740373,2168300,129
2019-05-14 23:39:38.011,10.0,buy,218.26,ETH-28JUN19-260-C,108.27,0.09,10.0,0,1557877178011,2178727,130
2019-05-14 23:39:38.014,10.0,sell,218.26,ETH-28JUN19-260-C,108.27,0.09,10.0,1,1557877178014,2178728,131
2019-05-15 05:36:00.541,1.0,buy,229.04,ETH-28JUN19-260-C,113.83,0.115,1.0,0,1557898560541,2203257,132
2019-05-15 10:55:17.893,3.0,sell,233.27,ETH-28JUN19-260-C,102.17,0.103,3.0,2,1557917717893,2229615,133
2019-05-15 11:11:01.494,1.0,buy,234.33,ETH-28JUN19-260-C,116.57,0.125,1.0,0,1557918661494,2230076,134
2019-05-15 11:12:27.719,5.0,buy,233.62,ETH-28JUN19-260-C,117.13,0.125,5.0,1,1557918747719,2230140,135
2019-05-15 11:28:17.308,20.0,buy,231.42,ETH-28JUN19-260-C,117.63,0.122,20.0,2,1557919697308,2231235,136
2019-05-15 11:30:16.505,5.0,buy,232.28,ETH-28JUN19-260-C,117.48,0.12300000000000001,5.0,0,1557919816505,2231306,137
2019-05-15 11:42:30.189,5.0,buy,232.8,ETH-28JUN19-260-C,116.77,0.12300000000000001,5.0,1,1557920550189,2231813,138
2019-05-15 13:48:48.365,10.0,buy,230.65,ETH-28JUN19-260-C,110.52,0.111,10.0,2,1557928128365,2242330,139
2019-05-15 14:13:02.956,100.0,buy,232.22,ETH-28JUN19-260-C,102.22,0.102,100.0,2,1557929582956,2243669,140
2019-05-15 16:01:48.353,1.0,buy,241.96,ETH-28JUN19-260-C,109.67,0.128,1.0,0,1557936108353,2250934,141
2019-05-15 20:20:34.596,60.0,sell,240.17,ETH-28JUN19-260-C,96.59,0.105,60.0,2,1557951634596,2277949,142
2019-05-15 20:23:09.216,60.0,sell,240.26,ETH-28JUN19-260-C,96.61,0.105,60.0,3,1557951789216,2278177,143
2019-05-15 21:35:37.540,40.0,sell,238.71,ETH-28JUN19-260-C,97.38,0.10400000000000001,40.0,2,1557956137540,2283497,144
2019-05-15 22:54:53.163,2.0,buy,246.81,ETH-28JUN19-260-C,96.66,0.116,2.0,0,1557960893163,2288953,145
2019-05-16 04:13:24.399,50.0,buy,262.98,ETH-28JUN19-260-C,107.53,0.161,50.0,0,1557980004399,2329940,146
2019-05-16 04:23:39.997,50.0,buy,259.01,ETH-28JUN19-260-C,107.19,0.157,50.0,2,1557980619997,2333534,147
2019-05-16 04:24:17.854,100.0,buy,259.51,ETH-28JUN19-260-C,106.86,0.157,100.0,3,1557980657854,2334013,148
2019-05-16 04:25:05.192,100.0,buy,259.15,ETH-28JUN19-260-C,107.97,0.157,100.0,3,1557980705192,2334469,149
2019-05-16 04:34:27.116,150.0,buy,257.0,ETH-28JUN19-260-C,109.78,0.158,150.0,0,1557981267116,2339841,150
2019-05-16 08:05:13.295,20.0,sell,260.26,ETH-28JUN19-260-C,88.99,0.131,20.0,2,1557993913295,2378043,151
2019-05-16 10:17:36.493,2.0,buy,245.29,ETH-28JUN19-260-C,98.59,0.12,2.0,2,1558001856493,2400088,152
2019-05-16 16:23:20.742,5.0,sell,269.13,ETH-28JUN19-260-C,108.03,0.17300000000000001,5.0,0,1558023800742,2468049,153
2019-05-16 16:57:09.924,1.0,buy,266.6,ETH-28JUN19-260-C,110.93,0.171,1.0,2,1558025829924,2480172,154
2019-05-16 18:29:45.889,4.0,sell,267.25,ETH-28JUN19-260-C,104.82,0.163,4.0,2,1558031385889,2498901,155
2019-05-16 21:20:01.343,30.0,buy,261.69,ETH-28JUN19-260-C,104.62,0.154,30.0,2,1558041601343,2539001,156
2019-05-17 00:10:01.856,100.0,buy,267.57,ETH-28JUN19-260-C,106.43,0.166,100.0,0,1558051801856,2563623,157
2019-05-17 00:10:43.504,50.0,buy,268.55,ETH-28JUN19-260-C,106.8,0.168,50.0,0,1558051843504,2563764,158
2019-05-17 01:50:33.639,1.0,sell,254.32,ETH-28JUN19-260-C,99.4,0.133,1.0,2,1558057833639,2578110,159
2019-05-17 03:09:13.289,1.0,sell,230.47,ETH-28JUN19-260-C,110.65,0.12,1.0,2,1558062553289,2616861,160
2019-05-17 03:09:18.093,5.0,sell,230.2,ETH-28JUN19-260-C,87.48,0.08800000000000001,5.0,2,1558062558093,2617054,161
2019-05-17 05:15:41.922,20.0,buy,242.07,ETH-28JUN19-260-C,117.91,0.139,20.0,0,1558070141922,2667376,162
2019-05-17 05:24:07.460,1.0,sell,243.15,ETH-28JUN19-260-C,95.94,0.111,1.0,2,1558070647460,2668326,163
2019-05-17 06:02:26.253,50.0,sell,235.65,ETH-28JUN19-260-C,98.34,0.105,50.0,2,1558072946253,2674944,164
2019-05-17 11:11:36.426,7.0,sell,233.7,ETH-28JUN19-260-C,95.02,0.09300000000000001,7.0,2,1558091496426,2716266,165
2019-05-17 13:33:28.044,10.0,buy,236.28,ETH-28JUN19-260-C,109.31,0.11599999999999999,10.0,0,1558100008044,2751949,166
2019-05-17 14:10:45.097,5.0,buy,240.01,ETH-28JUN19-260-C,100.79,0.11,5.0,2,1558102245097,2757344,167
2019-05-17 14:11:04.864,5.0,buy,239.92,ETH-28JUN19-260-C,101.01,0.11,5.0,3,1558102264864,2757357,168
2019-05-17 15:01:38.105,60.0,buy,233.75,ETH-28JUN19-260-C,109.34,0.11199999999999999,60.0,0,1558105298105,2763508,169
2019-05-17 15:02:49.641,1.0,sell,234.11,ETH-28JUN19-260-C,102.23,0.10300000000000001,1.0,2,1558105369641,2763679,170
2019-05-17 16:09:20.702,50.0,sell,225.48,ETH-28JUN19-260-C,109.33,0.098,50.0,2,1558109360702,2774577,171
2019-05-17 19:24:35.958,50.0,buy,228.9,ETH-28JUN19-260-C,110.73,0.105,50.0,0,1558121075958,2814649,172
2019-05-19 02:12:47.268,50.0,sell,247.36,ETH-28JUN19-260-C,104.37,0.12,50.0,0,1558231967268,2977728,173
2019-05-19 04:12:36.746,100.0,buy,251.59,ETH-28JUN19-260-C,110.58,0.135,100.0,0,1558239156746,2992873,174
2019-05-19 06:45:17.529,50.0,buy,252.61,ETH-28JUN19-260-C,105.35,0.13,50.0,2,1558248317529,3005038,175
2019-05-19 09:23:20.151,4.0,buy,255.27,ETH-28JUN19-260-C,111.05,0.142,4.0,0,1558257800151,3015172,176
2019-05-20 00:02:49.386,50.0,sell,258.77,ETH-28JUN19-260-C,105.55,0.141,50.0,2,1558310569386,3075275,177
2019-05-20 12:36:52.170,1.0,sell,247.62,ETH-28JUN19-260-C,103.65,0.12,1.0,2,1558355812170,3132994,178
2019-05-20 16:01:09.148,9.0,buy,249.2,ETH-28JUN19-260-C,102.24,0.12,9.0,3,1558368069148,3148942,179
2019-05-21 09:46:25.783,19.0,sell,254.43,ETH-28JUN19-260-C,103.42,0.13,19.0,0,1558431985783,3209172,180
2019-05-21 18:30:55.958,30.0,buy,255.59,ETH-28JUN19-260-C,104.96,0.132,30.0,0,1558463455958,3238639,181
2019-05-22 15:26:32.533,11.0,buy,256.66,ETH-28JUN19-260-C,105.96,0.135,11.0,0,1558538792533,3302264,182
2019-05-22 23:11:04.404,15.0,buy,244.87,ETH-28JUN19-260-C,103.94,0.111,15.0,2,1558566664404,3343730,183
2019-05-22 23:46:15.984,1.0,sell,243.23,ETH-28JUN19-260-C,100.01,0.104,1.0,2,1558568775984,3345983,184
2019-05-23 00:50:56.492,120.0,sell,243.49,ETH-28JUN19-260-C,102.69,0.107,120.0,0,1558572656492,3351290,185
2019-05-23 00:59:20.188,10.0,buy,243.11,ETH-28JUN19-260-C,97.45,0.1,10.0,2,1558573160188,3351588,186
2019-05-23 06:07:42.711,2.0,sell,237.1,ETH-28JUN19-260-C,98.15,0.09,2.0,2,1558591662711,3365189,187
2019-05-23 06:19:36.070,2.0,sell,237.79,ETH-28JUN19-260-C,101.01,0.094,2.0,0,1558592376070,3368108,188
2019-05-23 09:08:43.931,50.0,buy,233.62,ETH-28JUN19-260-C,102.28,0.08800000000000001,50.0,2,1558602523931,3379677,189
2019-05-23 09:12:39.936,50.0,buy,232.4,ETH-28JUN19-260-C,102.17,0.086,50.0,2,1558602759936,3380327,190
2019-05-23 12:34:38.605,1.0,buy,236.68,ETH-28JUN19-260-C,103.14,0.093,1.0,0,1558614878605,3391801,191
2019-05-23 12:41:54.013,3.0,buy,237.55,ETH-28JUN19-260-C,103.54,0.095,3.0,0,1558615314013,3392148,192
2019-05-23 12:44:29.998,2.0,buy,237.3,ETH-28JUN19-260-C,103.79,0.095,2.0,1,1558615469998,3392274,193
2019-05-23 17:17:50.073,50.0,sell,242.56,ETH-28JUN19-260-C,96.0,0.092,50.0,2,1558631870073,3408693,194
2019-05-23 19:42:57.571,50.0,buy,240.04,ETH-28JUN19-260-C,102.63,0.096,50.0,0,1558640577571,3415751,195
2019-05-23 21:47:28.731,50.0,sell,245.96,ETH-28JUN19-260-C,101.34,0.103,50.0,0,1558648048731,3422664,196
2019-05-23 21:47:32.149,1.0,sell,245.86,ETH-28JUN19-260-C,101.57,0.103,1.0,1,1558648052149,3422684,197
2019-05-23 21:47:33.764,1.0,sell,245.87,ETH-28JUN19-260-C,101.54,0.103,1.0,1,1558648053764,3422688,198
2019-05-23 21:47:52.407,7.0,sell,245.84,ETH-28JUN19-260-C,101.59,0.103,7.0,1,1558648072407,3422808,199
2019-05-23 23:28:11.166,50.0,sell,245.54,ETH-28JUN19-260-C,95.74,0.095,50.0,2,1558654091166,3429454,200
2019-05-23 23:36:26.719,200.0,sell,247.32,ETH-28JUN19-260-C,96.76,0.099,200.0,0,1558654586719,3429955,201
2019-05-24 04:15:38.705,1.0,sell,244.33,ETH-28JUN19-260-C,98.73,0.097,1.0,2,1558671338705,3440864,202
2019-05-24 08:29:20.672,1.0,buy,251.98,ETH-28JUN19-260-C,100.65,0.113,1.0,0,1558686560672,3451568,203
2019-05-24 11:48:13.033,69.0,buy,252.91,ETH-28JUN19-260-C,103.31,0.118,69.0,0,1558698493033,3462032,205
2019-05-24 11:48:13.033,8.0,buy,252.91,ETH-28JUN19-260-C,129.47,0.15,8.0,0,1558698493033,3462033,206
2019-05-24 11:48:13.033,120.0,buy,252.91,ETH-28JUN19-260-C,100.06,0.114,120.0,0,1558698493033,3462031,204
2019-05-24 11:48:13.035,3.0,sell,252.91,ETH-28JUN19-260-C,129.47,0.15,3.0,1,1558698493035,3462034,207
2019-05-24 19:11:18.080,59.0,sell,250.66,ETH-28JUN19-260-C,95.16,0.105,59.0,2,1558725078080,3485494,208
2019-05-24 19:43:45.590,10.0,sell,250.73,ETH-28JUN19-260-C,93.31,0.103,10.0,2,1558727025590,3487612,209
2019-05-24 21:32:45.820,1.0,buy,252.7,ETH-28JUN19-260-C,100.84,0.116,1.0,0,1558733565820,3492184,210
2019-05-25 14:19:13.745,15.0,buy,251.52,ETH-28JUN19-260-C,102.81,0.115,15.0,2,1558793953745,3532308,211
2019-05-26 16:02:41.139,2.0,sell,250.04,ETH-28JUN19-260-C,101.43,0.11,2.0,2,1558886561139,3572934,212
2019-05-26 16:05:33.073,15.0,sell,249.63,ETH-28JUN19-260-C,101.35,0.109,15.0,2,1558886733073,3573044,213
2019-05-26 16:41:31.567,25.0,buy,249.16,ETH-28JUN19-260-C,99.0,0.105,25.0,2,1558888891567,3573697,214
2019-05-27 04:40:22.462,2.0,buy,267.98,ETH-28JUN19-260-C,106.25,0.153,2.0,0,1558932022462,3653478,215
2019-05-27 04:44:39.093,1.0,buy,268.05,ETH-28JUN19-260-C,105.93,0.153,1.0,1,1558932279093,3653707,216
2019-05-27 08:28:52.524,19.0,sell,267.93,ETH-28JUN19-260-C,95.63,0.141,19.0,2,1558945732524,3662110,217
2019-05-27 11:25:26.911,100.0,buy,265.08,ETH-28JUN19-260-C,100.21,0.142,100.0,0,1558956326911,3668916,218
2019-05-27 11:37:27.950,5.0,sell,265.87,ETH-28JUN19-260-C,99.79,0.142,5.0,1,1558957047950,3669402,219
2019-05-27 13:06:59.737,20.0,sell,270.8,ETH-28JUN19-260-C,100.14,0.152,20.0,2,1558962419737,3676280,221
2019-05-27 13:06:59.737,80.0,sell,270.8,ETH-28JUN19-260-C,101.98,0.154,80.0,0,1558962419737,3676279,220
2019-05-27 14:20:20.014,6.0,buy,269.5,ETH-28JUN19-260-C,110.74,0.16,6.0,0,1558966820014,3680466,222
2019-05-27 16:38:47.099,1.0,sell,279.17,ETH-28JUN19-260-C,101.21,0.171,1.0,0,1558975127099,3691851,223
2019-05-27 16:46:34.041,3.0,sell,270.93,ETH-28JUN19-260-C,104.09,0.156,3.0,2,1558975594041,3698146,224
2019-05-28 16:02:44.791,1.0,sell,270.79,ETH-28JUN19-260-C,101.19,0.14800000000000002,1.0,2,1559059364791,3768342,225
2019-05-29 05:38:26.655,2.0,sell,262.76,ETH-28JUN19-260-C,104.19,0.131,2.0,2,1559108306655,3808442,226
2019-05-29 06:21:42.153,51.0,sell,263.88,ETH-28JUN19-260-C,101.95,0.129,51.0,2,1559110902153,3815557,227
2019-05-29 08:05:15.911,60.0,sell,264.06,ETH-28JUN19-260-C,98.9,0.126,60.0,2,1559117115911,3820032,228
2019-05-29 08:44:32.976,30.0,buy,267.52,ETH-28JUN19-260-C,105.09,0.139,30.0,0,1559119472976,3821457,229
2019-05-29 11:39:25.397,6.0,sell,268.24,ETH-28JUN19-260-C,99.07,0.133,6.0,2,1559129965397,3828748,230
2019-05-29 16:00:15.332,1.0,buy,271.85,ETH-28JUN19-260-C,102.93,0.14400000000000002,1.0,0,1559145615332,3839153,231
2019-05-29 16:00:45.186,1.0,buy,271.57,ETH-28JUN19-260-C,103.34,0.14400000000000002,1.0,1,1559145645186,3839192,232
2019-05-30 02:07:16.657,80.0,sell,269.8,ETH-28JUN19-260-C,96.41,0.136,80.0,2,1559182036657,3874137,234
2019-05-30 02:07:16.657,120.0,sell,269.8,ETH-28JUN19-260-C,97.35,0.13699999999999998,120.0,2,1559182036657,3874136,233
2019-05-30 09:25:37.357,10.0,buy,282.8,ETH-28JUN19-260-C,96.42,0.161,10.0,0,1559208337357,3912883,235
2019-05-30 10:41:32.562,2.0,sell,284.42,ETH-28JUN19-260-C,96.78,0.165,2.0,0,1559212892562,3915773,236
2019-05-30 11:24:17.130,1.0,sell,283.92,ETH-28JUN19-260-C,99.94,0.16699999999999998,1.0,0,1559215457130,3916483,237
2019-05-30 11:33:00.202,40.0,sell,284.35,ETH-28JUN19-260-C,96.82,0.165,40.0,2,1559215980202,3916646,238
2019-05-30 16:16:56.819,54.0,sell,275.11,ETH-28JUN19-260-C,98.41,0.14400000000000002,54.0,2,1559233016819,3934361,239
2019-05-30 16:16:56.897,26.0,sell,275.11,ETH-28JUN19-260-C,98.41,0.14400000000000002,26.0,3,1559233016897,3934376,240
2019-05-30 21:26:59.176,20.0,buy,240.24,ETH-28JUN19-260-C,102.23,0.078,20.0,2,1559251619176,3991262,241
2019-05-30 21:41:25.666,3.0,buy,249.55,ETH-28JUN19-260-C,108.68,0.104,3.0,0,1559252485666,4005737,242
2019-05-30 22:06:58.248,68.0,buy,249.84,ETH-28JUN19-260-C,108.24,0.105,68.0,0,1559254018248,4014275,243
2019-05-30 23:13:59.890,30.0,sell,252.13,ETH-28JUN19-260-C,99.41,0.1,30.0,2,1559258039890,4021669,244
2019-05-31 00:05:27.315,30.0,buy,255.84,ETH-28JUN19-260-C,108.3,0.116,30.0,0,1559261127315,4025042,245
2019-05-31 01:53:04.386,40.0,buy,256.65,ETH-28JUN19-260-C,107.84,0.116,40.0,1,1559267584386,4028492,246
2019-05-31 02:04:41.056,30.0,sell,254.2,ETH-28JUN19-260-C,103.2,0.107,30.0,2,1559268281056,4028929,247
2019-05-31 08:12:47.998,30.0,sell,253.82,ETH-28JUN19-260-C,99.53,0.101,30.0,2,1559290367998,4048763,248
2019-05-31 12:43:59.247,1.0,buy,257.08,ETH-28JUN19-260-C,103.38,0.112,1.0,0,1559306639247,4055856,249
2019-05-31 12:45:33.750,1.0,buy,258.02,ETH-28JUN19-260-C,104.27,0.115,1.0,0,1559306733750,4056018,250
2019-05-31 23:10:49.026,1.0,buy,264.43,ETH-28JUN19-260-C,103.57,0.127,1.0,0,1559344249026,4086758,251
2019-06-01 15:23:46.027,100.0,sell,263.51,ETH-28JUN19-260-C,89.67,0.11,100.0,2,1559402626027,4135162,252
2019-06-01 15:24:23.688,120.0,sell,263.44,ETH-28JUN19-260-C,89.71,0.11,120.0,3,1559402663688,4135169,253
2019-06-01 22:42:28.161,6.0,buy,266.62,ETH-28JUN19-260-C,97.05,0.123,6.0,0,1559428948161,4150246,254
2019-06-03 12:07:14.309,30.0,sell,261.58,ETH-28JUN19-260-C,87.72,0.1,30.0,2,1559563634309,4238055,255
2019-06-04 01:38:13.003,1.0,buy,247.57,ETH-28JUN19-260-C,96.92,0.083,1.0,2,1559612293003,4295464,256
2019-06-04 01:39:02.466,1.0,buy,247.16,ETH-28JUN19-260-C,96.65,0.08199999999999999,1.0,2,1559612342466,4295568,257
2019-06-04 01:42:11.846,1.0,buy,247.16,ETH-28JUN19-260-C,96.5,0.08199999999999999,1.0,3,1559612531846,4295818,258
2019-06-04 06:56:27.710,7.0,sell,244.28,ETH-28JUN19-260-C,90.24,0.071,7.0,2,1559631387710,4314240,259
2019-06-04 19:10:00.577,6.0,sell,237.33,ETH-28JUN19-260-C,89.58,0.057999999999999996,6.0,2,1559675400577,4351591,260
2019-06-04 19:49:02.206,19.0,buy,236.42,ETH-28JUN19-260-C,98.3,0.065,19.0,0,1559677742206,4358455,261
2019-06-04 19:51:26.125,2.0,buy,236.35,ETH-28JUN19-260-C,98.37,0.065,2.0,1,1559677886125,4358690,262
2019-06-05 00:23:34.670,1.0,buy,241.6,ETH-28JUN19-260-C,99.33,0.07400000000000001,1.0,0,1559694214670,4374730,263
2019-06-05 00:25:37.684,1.0,buy,241.12,ETH-28JUN19-260-C,99.93,0.07400000000000001,1.0,1,1559694337684,4374839,264
2019-06-05 23:06:31.250,1.0,buy,246.8,ETH-28JUN19-260-C,94.03,0.07400000000000001,1.0,1,1559775991250,4419650,265
2019-06-06 00:46:40.306,1.0,buy,245.17,ETH-28JUN19-260-C,90.02,0.067,1.0,2,1559782000306,4422546,266
2019-06-06 14:51:50.822,2.0,buy,242.95,ETH-28JUN19-260-C,90.51,0.062,2.0,2,1559832710822,4445188,267
2019-06-06 16:57:48.667,2.0,sell,243.2,ETH-28JUN19-260-C,85.12,0.057,2.0,2,1559840268667,4448454,268
2019-06-06 20:46:45.758,149.0,buy,241.85,ETH-28JUN19-260-C,90.52,0.06,149.0,0,1559854005758,4462191,269
2019-06-06 20:47:46.662,8.0,buy,242.0,ETH-28JUN19-260-C,91.32,0.061,8.0,0,1559854066662,4462194,270
2019-06-06 21:32:41.823,1.0,buy,243.29,ETH-28JUN19-260-C,91.46,0.063,1.0,0,1559856761823,4462980,271
2019-06-07 15:46:08.774,30.0,buy,249.43,ETH-28JUN19-260-C,87.28,0.067,30.0,0,1559922368774,4496415,272
2019-06-07 16:52:30.182,1.0,buy,252.91,ETH-28JUN19-260-C,88.29,0.073,1.0,0,1559926350182,4499571,273
2019-06-07 17:24:34.149,1.0,buy,253.57,ETH-28JUN19-260-C,87.12,0.073,1.0,1,1559928274149,4500049,274
2019-06-08 08:59:32.120,1.0,sell,248.88,ETH-28JUN19-260-C,80.01,0.057,1.0,2,1559984372120,4515736,275
2019-06-08 10:06:03.130,3.0,sell,250.06,ETH-28JUN19-260-C,80.34,0.059000000000000004,3.0,0,1559988363130,4516762,276
2019-06-08 15:14:30.698,180.0,sell,246.78,ETH-28JUN19-260-C,80.18,0.053,180.0,2,1560006870698,4520310,277
2019-06-08 17:04:06.879,30.0,sell,242.85,ETH-28JUN19-260-C,78.21,0.045,30.0,2,1560013446879,4525216,278
2019-06-08 20:22:24.230,1.0,buy,243.07,ETH-28JUN19-260-C,79.87,0.046,1.0,0,1560025344230,4528995,279
2019-06-09 11:58:42.900,2.0,buy,243.01,ETH-28JUN19-260-C,80.79,0.047,2.0,0,1560081522900,4541958,280
2019-06-09 15:58:10.950,2.0,sell,236.55,ETH-28JUN19-260-C,73.94,0.031,2.0,2,1560095890950,4552319,281
2019-06-09 16:58:06.298,100.0,buy,232.01,ETH-28JUN19-260-C,79.68,0.03,100.0,2,1560099486298,4559415,282
2019-06-09 21:44:34.619,1.0,buy,230.92,ETH-28JUN19-260-C,81.79,0.03,1.0,3,1560116674619,4565564,283
2019-06-09 22:29:04.610,100.0,sell,226.94,ETH-28JUN19-260-C,80.66,0.025,100.0,2,1560119344610,4568300,284
2019-06-10 03:05:21.065,1.0,buy,234.18,ETH-28JUN19-260-C,81.86,0.034,1.0,0,1560135921065,4578724,285
2019-06-10 05:28:26.878,51.0,buy,233.38,ETH-28JUN19-260-C,80.76,0.032,51.0,2,1560144506878,4580190,286
2019-06-10 05:30:54.303,100.0,buy,233.37,ETH-28JUN19-260-C,80.78,0.032,100.0,3,1560144654303,4580191,287
2019-06-10 05:30:57.568,100.0,buy,233.35,ETH-28JUN19-260-C,80.87,0.032,100.0,3,1560144657568,4580194,288
2019-06-10 05:38:04.142,100.0,buy,233.5,ETH-28JUN19-260-C,81.82,0.033,100.0,0,1560145084142,4580280,289
2019-06-10 10:11:49.715,10.0,sell,235.14,ETH-28JUN19-260-C,82.22,0.035,10.0,0,1560161509715,4584221,290
2019-06-10 15:17:27.199,5.0,buy,242.6,ETH-28JUN19-260-C,85.46,0.048,5.0,0,1560179847199,4598320,291
2019-06-10 16:22:01.169,2.0,sell,245.36,ETH-28JUN19-260-C,79.07,0.047,2.0,2,1560183721169,4600514,292
2019-06-11 00:01:15.209,30.0,buy,248.69,ETH-28JUN19-260-C,83.1,0.055,30.0,0,1560211275209,4611033,293
2019-06-11 11:18:30.568,25.0,sell,242.75,ETH-28JUN19-260-C,78.68,0.040999999999999995,25.0,2,1560251910568,4626187,294
2019-06-11 13:07:55.418,15.0,sell,240.91,ETH-28JUN19-260-C,77.97,0.037000000000000005,15.0,2,1560258475418,4636216,295
2019-06-11 15:36:09.344,1.0,sell,239.17,ETH-28JUN19-260-C,80.1,0.036000000000000004,1.0,2,1560267369344,4641140,296
2019-06-12 02:50:30.324,1.0,buy,248.62,ETH-28JUN19-260-C,80.16,0.049,1.0,0,1560307830324,4658681,297
2019-06-12 12:26:33.215,1.0,buy,250.07,ETH-28JUN19-260-C,80.76,0.051,1.0,0,1560342393215,4670857,298
2019-06-12 16:20:34.468,3.0,buy,257.34,ETH-28JUN19-260-C,84.22,0.066,3.0,0,1560356434468,4680831,299
2019-06-12 16:24:51.786,5.0,buy,258.57,ETH-28JUN19-260-C,86.71,0.07,5.0,0,1560356691786,4681375,300
2019-06-12 16:53:45.437,1.0,sell,257.89,ETH-28JUN19-260-C,86.17,0.068,1.0,2,1560358425437,4683433,301
2019-06-12 17:43:58.329,1.0,buy,257.19,ETH-28JUN19-260-C,84.43,0.065,1.0,2,1560361438329,4686142,302
2019-06-12 21:00:10.932,1.0,buy,256.06,ETH-28JUN19-260-C,79.61,0.059000000000000004,1.0,2,1560373210932,4690169,303
2019-06-12 23:51:34.941,100.0,buy,261.76,ETH-28JUN19-260-C,84.76,0.073,100.0,0,1560383494941,4694153,304
2019-06-13 00:10:07.559,2.0,buy,262.6,ETH-28JUN19-260-C,80.44,0.071,2.0,2,1560384607559,4696854,305
2019-06-13 01:55:40.442,5.0,sell,260.11,ETH-28JUN19-260-C,76.69,0.064,5.0,2,1560390940442,4700559,306
2019-06-13 10:48:43.910,1.0,buy,257.49,ETH-28JUN19-260-C,87.22,0.067,1.0,0,1560422923910,4708141,307
2019-06-14 08:01:27.508,120.0,sell,256.4,ETH-28JUN19-260-C,78.14,0.055,120.0,3,1560499287508,4738939,309
2019-06-14 08:01:27.508,180.0,sell,256.4,ETH-28JUN19-260-C,78.14,0.055,180.0,2,1560499287508,4738938,308
2019-06-15 14:55:53.008,1.0,sell,265.28,ETH-28JUN19-260-C,75.95,0.07,1.0,0,1560610553008,4790635,310
2019-06-15 16:17:53.441,3.0,buy,268.14,ETH-28JUN19-260-C,79.81,0.078,3.0,0,1560615473441,4792919,311
2019-06-15 19:39:49.476,60.0,sell,269.84,ETH-28JUN19-260-C,76.04,0.079,60.0,0,1560627589476,4800340,312
2019-06-15 19:44:07.288,50.0,sell,270.22,ETH-28JUN19-260-C,74.95,0.079,50.0,1,1560627847288,4800361,313
2019-06-16 04:05:13.935,2.0,buy,271.87,ETH-28JUN19-260-C,82.47,0.087,2.0,0,1560657913935,4812441,314
2019-06-16 05:50:08.516,50.0,buy,276.56,ETH-28JUN19-260-C,77.03,0.095,50.0,0,1560664208516,4817211,315
2019-06-16 21:09:09.413,5.0,buy,267.28,ETH-28JUN19-260-C,93.98,0.086,5.0,2,1560719349413,4869967,316
2019-06-16 21:09:38.388,2.0,buy,267.35,ETH-28JUN19-260-C,94.04,0.086,2.0,3,1560719378388,4869987,317
2019-06-17 04:40:27.398,1.0,buy,269.52,ETH-28JUN19-260-C,92.72,0.087,1.0,0,1560746427398,4882614,318
2019-06-17 12:08:38.744,1.0,buy,273.52,ETH-28JUN19-260-C,86.04,0.09,1.0,0,1560773318744,4894634,319
2019-06-17 12:33:13.631,5.0,sell,272.32,ETH-28JUN19-260-C,84.2,0.086,5.0,2,1560774793631,4897808,320
2019-06-17 12:33:26.711,5.0,sell,272.26,ETH-28JUN19-260-C,84.44,0.086,5.0,3,1560774806711,4897809,321
2019-06-17 12:40:55.744,6.0,sell,271.6,ETH-28JUN19-260-C,85.23,0.085,6.0,2,1560775255744,4898181,322
2019-06-17 13:24:19.394,5.0,buy,272.64,ETH-28JUN19-260-C,89.16,0.09,5.0,0,1560777859394,4899331,323
2019-06-17 13:45:05.175,5.0,buy,273.5,ETH-28JUN19-260-C,88.21,0.091,5.0,0,1560779105175,4900019,324
2019-06-17 13:47:45.548,5.0,buy,273.12,ETH-28JUN19-260-C,90.14,0.092,5.0,0,1560779265548,4900132,325
2019-06-17 13:48:36.589,5.0,buy,273.02,ETH-28JUN19-260-C,92.57,0.09300000000000001,5.0,0,1560779316589,4900158,326
2019-06-17 13:48:38.754,5.0,buy,273.02,ETH-28JUN19-260-C,94.17,0.094,5.0,0,1560779318754,4900159,327
2019-06-17 13:50:23.168,5.0,buy,273.02,ETH-28JUN19-260-C,100.46,0.098,5.0,0,1560779423168,4900179,328
2019-06-17 17:19:11.602,1.0,buy,272.11,ETH-28JUN19-260-C,101.67,0.09699999999999999,1.0,2,1560791951602,4912642,329
2019-06-17 23:21:22.525,5.0,buy,275.4,ETH-28JUN19-260-C,94.5,0.1,5.0,0,1560813682525,4927744,330
2019-06-18 05:21:52.764,8.0,sell,269.09,ETH-28JUN19-260-C,91.62,0.083,8.0,2,1560835312764,4939448,331
2019-06-18 05:41:27.556,15.0,sell,268.49,ETH-28JUN19-260-C,91.89,0.08199999999999999,15.0,2,1560836487556,4940272,332
2019-06-18 09:26:07.222,1.0,buy,269.36,ETH-28JUN19-260-C,92.96,0.084,1.0,0,1560849967222,4948410,333
2019-06-18 12:26:13.124,25.0,sell,265.84,ETH-28JUN19-260-C,92.12,0.077,25.0,2,1560860773124,4951257,334
2019-06-19 22:11:16.043,88.0,buy,268.48,ETH-28JUN19-260-C,99.5,0.081,88.0,0,1560982276043,4992112,335
2019-06-20 07:18:51.927,20.0,sell,269.18,ETH-28JUN19-260-C,88.15,0.075,20.0,2,1561015131927,5000579,336
2019-06-20 11:25:05.252,120.0,sell,267.28,ETH-28JUN19-260-C,86.93,0.07,120.0,2,1561029905252,5003632,337
2019-06-20 11:25:09.706,37.0,buy,267.28,ETH-28JUN19-260-C,86.89,0.07,37.0,3,1561029909706,5003635,338
2019-06-20 11:26:31.683,1.0,buy,267.26,ETH-28JUN19-260-C,97.6,0.076,1.0,0,1561029991683,5003692,339
2019-06-20 11:26:58.188,1.0,buy,267.25,ETH-28JUN19-260-C,95.84,0.075,1.0,2,1561030018188,5003695,340
2019-06-20 11:29:48.326,2.0,buy,267.34,ETH-28JUN19-260-C,97.43,0.076,2.0,0,1561030188326,5003696,341
