date_utc,amount,direction,indexPrice,instrument,iv,price,quantity,tickDirection,timeStamp,tradeId,tradeSeq
2019-04-10 09:56:31.859,6.0,sell,5249.36,BTC-31MAY19-5250-P,60.15,0.0895,6.0,1,1554890191859,17596118,1
2019-04-10 10:32:23.941,4.6000000000000005,sell,5238.19,BTC-31MAY19-5250-P,62.07,0.0935,4.6000000000000005,0,1554892343941,17596358,2
2019-04-10 11:17:41.455,4.4,sell,5248.03,BTC-31MAY19-5250-P,59.07,0.08800000000000001,4.4,2,1554895061455,17597162,3
2019-04-10 15:31:53.809,6.0,buy,5264.64,BTC-31MAY19-5250-P,59.32,0.0865,6.0,2,1554910313809,17602774,4
2019-04-10 15:32:04.926,6.0,sell,5264.9,BTC-31MAY19-5250-P,59.0,0.086,6.0,2,1554910324926,17602782,5
2019-04-10 21:57:31.228,6.0,buy,5292.23,BTC-31MAY19-5250-P,64.44,0.091,6.0,0,1554933451228,17647385,6
2019-04-11 12:21:53.680,0.1,sell,5019.28,BTC-31MAY19-5250-P,59.59,0.1145,0.1,0,1554985313680,17698119,7
2019-04-12 14:52:33.096,2.0,sell,5079.44,BTC-31MAY19-5250-P,55.86,0.1005,2.0,2,1555080753096,17750535,8
2019-04-12 14:52:39.774,4.0,sell,5079.42,BTC-31MAY19-5250-P,55.17,0.0995,4.0,2,1555080759774,17750536,9
2019-04-12 21:42:44.717,1.0,sell,5060.31,BTC-31MAY19-5250-P,55.42,0.102,1.0,0,1555105364717,17760937,10
2019-04-13 04:49:03.260,1.0,sell,5116.26,BTC-31MAY19-5250-P,54.43,0.0935,1.0,2,1555130943260,17766579,11
2019-04-14 08:39:08.446,2.0,buy,5058.34,BTC-31MAY19-5250-P,54.7,0.1,2.0,1,1555231148446,17793928,13
2019-04-14 08:39:08.446,10.0,buy,5058.34,BTC-31MAY19-5250-P,54.7,0.1,10.0,0,1555231148446,17793927,12
2019-04-15 10:42:13.387,1.0,sell,5150.67,BTC-31MAY19-5250-P,55.75,0.0895,1.0,2,1555324933387,17816873,14
2019-04-15 10:44:05.563,1.0,buy,5149.45,BTC-31MAY19-5250-P,55.65,0.0895,1.0,3,1555325045563,17816907,15
2019-04-16 17:21:11.112,0.1,sell,5108.09,BTC-31MAY19-5250-P,56.2,0.094,0.1,0,1555435271112,17865141,16
2019-04-16 17:21:29.964,6.0,sell,5117.89,BTC-31MAY19-5250-P,57.03,0.094,6.0,1,1555435289964,17865278,17
2019-04-16 17:21:30.822,3.9,sell,5117.89,BTC-31MAY19-5250-P,57.03,0.094,3.9,1,1555435290822,17865307,18
2019-04-17 01:30:16.322,5.0,sell,5219.4,BTC-31MAY19-5250-P,53.93,0.078,5.0,2,1555464616322,17887889,19
2019-04-17 03:55:21.480,0.1,buy,5226.75,BTC-31MAY19-5250-P,55.27,0.079,0.1,0,1555473321480,17890938,20
2019-04-17 11:41:33.478,6.0,sell,5257.57,BTC-31MAY19-5250-P,54.88,0.075,6.0,2,1555501293478,17897101,21
2019-04-17 11:57:37.821,1.0,sell,5246.9,BTC-31MAY19-5250-P,51.56,0.0715,1.0,2,1555502257821,17897784,22
2019-04-17 12:17:15.423,0.4,buy,5211.16,BTC-31MAY19-5250-P,52.12,0.076,0.4,0,1555503435423,17899300,23
2019-04-17 16:40:45.510,4.5,sell,5214.42,BTC-31MAY19-5250-P,52.84,0.0765,4.5,0,1555519245510,17904886,24
2019-04-17 16:42:59.970,0.5,sell,5216.5,BTC-31MAY19-5250-P,52.28,0.0755,0.5,2,1555519379970,17904903,25
2019-04-18 02:55:01.085,0.1,sell,5263.17,BTC-31MAY19-5250-P,53.14,0.0715,0.1,2,1555556101085,17915436,26
2019-04-18 20:24:39.351,2.0,sell,5284.4,BTC-31MAY19-5250-P,51.82,0.067,2.0,2,1555619079351,17933809,27
2019-04-19 01:48:12.663,0.6,buy,5238.95,BTC-31MAY19-5250-P,52.64,0.0725,0.6,0,1555638492663,17940354,28
2019-04-20 05:05:33.099,0.1,sell,5320.66,BTC-31MAY19-5250-P,49.62,0.0595,0.1,2,1555736733099,17976067,29
2019-04-20 12:51:16.092,5.0,sell,5316.38,BTC-31MAY19-5250-P,49.51,0.0595,5.0,3,1555764676092,17983222,31
2019-04-20 12:51:16.092,5.0,sell,5316.38,BTC-31MAY19-5250-P,49.51,0.0595,5.0,3,1555764676092,17983221,30
2019-04-21 12:19:09.774,1.0,buy,5251.74,BTC-31MAY19-5250-P,52.95,0.0695,1.0,0,1555849149774,18011874,32
2019-04-21 14:23:08.222,1.0,sell,5259.73,BTC-31MAY19-5250-P,51.33,0.0665,1.0,2,1555856588222,18015791,33
2019-04-22 10:54:23.051,0.1,sell,5311.11,BTC-31MAY19-5250-P,49.56,0.0585,0.1,2,1555930463051,18035415,34
2019-04-22 18:06:21.300,0.1,sell,5373.44,BTC-31MAY19-5250-P,50.63,0.054000000000000006,0.1,2,1555956381300,18057621,35
2019-04-22 18:37:07.838,5.0,buy,5377.34,BTC-31MAY19-5250-P,52.5,0.056,5.0,0,1555958227838,18059139,36
2019-04-22 18:37:17.339,5.0,buy,5376.08,BTC-31MAY19-5250-P,52.41,0.056,5.0,1,1555958237339,18059140,37
2019-04-23 03:02:48.581,0.1,sell,5414.37,BTC-31MAY19-5250-P,52.85,0.053,0.1,2,1555988568581,18074397,38
2019-04-23 04:54:59.830,12.8,buy,5506.34,BTC-31MAY19-5250-P,55.53,0.049,12.8,2,1555995299830,18095263,39
2019-04-23 05:04:42.121,12.8,buy,5516.59,BTC-31MAY19-5250-P,55.74,0.0485,12.8,2,1555995882121,18096181,40
2019-04-23 05:04:42.121,0.5,buy,5516.59,BTC-31MAY19-5250-P,55.74,0.0485,0.5,3,1555995882121,18096182,41
2019-04-23 05:07:37.271,12.8,buy,5523.03,BTC-31MAY19-5250-P,56.14,0.0485,12.8,3,1555996057271,18096288,42
2019-04-23 05:10:52.589,12.8,buy,5529.5,BTC-31MAY19-5250-P,56.53,0.0485,12.8,3,1555996252589,18096493,43
2019-04-23 05:42:30.559,12.8,buy,5544.24,BTC-31MAY19-5250-P,57.02,0.048,12.8,2,1555998150559,18097540,44
2019-04-23 05:46:02.368,0.5,buy,5544.57,BTC-31MAY19-5250-P,56.62,0.0475,0.5,3,1555998362368,18097683,46
2019-04-23 05:46:02.368,7.8,buy,5544.57,BTC-31MAY19-5250-P,56.62,0.0475,7.8,2,1555998362368,18097682,45
2019-04-23 06:13:04.790,7.6,buy,5540.63,BTC-31MAY19-5250-P,57.24,0.0485,7.6,0,1555999984790,18098682,47
2019-04-23 06:16:15.709,12.0,buy,5537.83,BTC-31MAY19-5250-P,57.9,0.0495,12.0,0,1556000175709,18098731,48
2019-04-23 06:16:41.913,4.0,buy,5536.96,BTC-31MAY19-5250-P,58.27,0.05,4.0,0,1556000201913,18098737,49
2019-04-23 06:16:50.889,12.8,buy,5537.34,BTC-31MAY19-5250-P,58.29,0.05,12.8,1,1556000210889,18098738,50
2019-04-23 06:17:53.111,12.8,buy,5538.51,BTC-31MAY19-5250-P,58.78,0.0505,12.8,1,1556000273111,18098783,52
2019-04-23 06:17:53.111,8.4,buy,5538.51,BTC-31MAY19-5250-P,58.78,0.0505,8.4,0,1556000273111,18098782,51
2019-04-23 06:35:11.859,2.0,buy,5515.45,BTC-31MAY19-5250-P,59.03,0.0525,2.0,0,1556001311859,18099571,53
2019-04-23 06:36:24.964,0.5,buy,5512.52,BTC-31MAY19-5250-P,58.85,0.0525,0.5,1,1556001384964,18099655,54
2019-04-23 06:38:05.336,12.8,buy,5525.55,BTC-31MAY19-5250-P,59.24,0.052000000000000005,12.8,3,1556001485336,18099719,56
2019-04-23 06:38:05.336,8.1,buy,5525.55,BTC-31MAY19-5250-P,59.24,0.052000000000000005,8.1,2,1556001485336,18099718,55
2019-04-23 06:45:34.305,0.5,buy,5528.05,BTC-31MAY19-5250-P,59.4,0.052000000000000005,0.5,3,1556001934305,18099791,57
2019-04-23 06:51:12.653,1.0,sell,5537.2,BTC-31MAY19-5250-P,57.88,0.0495,1.0,2,1556002272653,18099913,58
2019-04-23 06:51:12.653,1.0,sell,5537.2,BTC-31MAY19-5250-P,57.88,0.0495,1.0,3,1556002272653,18099914,59
2019-04-23 06:56:45.238,0.5,buy,5534.72,BTC-31MAY19-5250-P,59.4,0.0515,0.5,1,1556002605238,18100068,61
2019-04-23 06:56:45.238,12.8,buy,5534.72,BTC-31MAY19-5250-P,59.4,0.0515,12.8,0,1556002605238,18100067,60
2019-04-23 07:03:46.858,3.6,buy,5541.48,BTC-31MAY19-5250-P,59.82,0.0515,3.6,1,1556003026858,18100170,64
2019-04-23 07:03:46.858,7.7,buy,5541.48,BTC-31MAY19-5250-P,59.82,0.0515,7.7,1,1556003026858,18100168,62
2019-04-23 07:03:46.858,0.5,buy,5541.48,BTC-31MAY19-5250-P,59.82,0.0515,0.5,1,1556003026858,18100169,63
2019-04-23 07:33:44.214,1.0,sell,5543.34,BTC-31MAY19-5250-P,57.86,0.049,1.0,2,1556004824214,18100704,65
2019-04-23 07:34:11.981,1.0,sell,5543.98,BTC-31MAY19-5250-P,57.9,0.049,1.0,3,1556004851981,18100729,66
2019-04-23 08:07:29.790,1.0,sell,5543.17,BTC-31MAY19-5250-P,57.87,0.049,1.0,3,1556006849790,18101113,67
2019-04-23 08:12:11.838,5.0,sell,5553.0,BTC-31MAY19-5250-P,58.46,0.049,5.0,3,1556007131838,18101217,68
2019-04-23 08:16:39.725,2.0,sell,5567.45,BTC-31MAY19-5250-P,59.33,0.049,2.0,3,1556007399725,18101584,70
2019-04-23 08:16:39.725,2.0,sell,5567.45,BTC-31MAY19-5250-P,59.33,0.049,2.0,3,1556007399725,18101583,69
2019-04-23 08:18:39.902,1.0,sell,5556.34,BTC-31MAY19-5250-P,58.24,0.0485,1.0,2,1556007519902,18101854,71
2019-04-23 08:19:33.468,2.0,buy,5563.4,BTC-31MAY19-5250-P,59.09,0.049,2.0,0,1556007573468,18101920,72
2019-04-23 08:21:57.203,1.0,sell,5567.13,BTC-31MAY19-5250-P,58.89,0.0485,1.0,2,1556007717203,18101990,73
2019-04-23 08:22:23.581,3.0,sell,5569.98,BTC-31MAY19-5250-P,59.06,0.0485,3.0,3,1556007743581,18102038,74
2019-04-23 08:25:14.828,5.0,sell,5567.11,BTC-31MAY19-5250-P,58.89,0.0485,5.0,3,1556007914828,18102310,75
2019-04-23 08:35:28.919,3.0,buy,5558.42,BTC-31MAY19-5250-P,58.38,0.0485,3.0,3,1556008528919,18102953,76
2019-04-23 08:54:32.365,0.1,sell,5556.18,BTC-31MAY19-5250-P,57.83,0.048,0.1,2,1556009672365,18103354,77
2019-04-23 10:03:22.443,10.0,sell,5535.75,BTC-31MAY19-5250-P,58.32,0.05,10.0,0,1556013802443,18105387,78
2019-04-23 10:48:10.819,7.0,sell,5545.24,BTC-31MAY19-5250-P,57.24,0.048,7.0,2,1556016490819,18106169,79
2019-04-23 11:53:52.214,1.0,buy,5558.67,BTC-31MAY19-5250-P,58.92,0.049,1.0,0,1556020432214,18107526,80
2019-04-23 12:30:35.710,1.0,sell,5571.91,BTC-31MAY19-5250-P,59.31,0.0485,1.0,2,1556022635710,18108173,81
2019-04-23 12:32:08.771,12.8,buy,5573.04,BTC-31MAY19-5250-P,59.37,0.0485,12.8,3,1556022728771,18108377,82
2019-04-23 12:32:54.465,5.2,buy,5576.2,BTC-31MAY19-5250-P,59.56,0.0485,5.2,3,1556022774465,18108421,83
2019-04-23 12:41:48.431,1.0,sell,5578.21,BTC-31MAY19-5250-P,59.26,0.048,1.0,2,1556023308431,18108853,84
2019-04-23 12:42:16.160,1.0,sell,5581.31,BTC-31MAY19-5250-P,59.44,0.048,1.0,3,1556023336160,18108884,85
2019-04-23 12:42:55.855,12.8,buy,5582.25,BTC-31MAY19-5250-P,59.92,0.0485,12.8,0,1556023375855,18108913,86
2019-04-23 12:43:09.108,0.9,sell,5581.94,BTC-31MAY19-5250-P,59.48,0.048,0.9,2,1556023389108,18108917,87
2019-04-23 12:43:09.108,0.1,sell,5581.94,BTC-31MAY19-5250-P,59.48,0.048,0.1,3,1556023389108,18108918,88
2019-04-23 13:06:33.503,0.7000000000000001,buy,5561.3,BTC-31MAY19-5250-P,59.54,0.0495,0.7000000000000001,0,1556024793503,18109838,89
2019-04-23 13:06:42.603,0.3,buy,5563.57,BTC-31MAY19-5250-P,60.52,0.0505,0.3,0,1556024802603,18109839,90
2019-04-23 13:19:33.099,0.9,sell,5568.0,BTC-31MAY19-5250-P,58.68,0.048,0.9,2,1556025573099,18110002,91
2019-04-23 13:19:33.099,2.9,sell,5568.0,BTC-31MAY19-5250-P,58.25,0.0475,2.9,2,1556025573099,18110004,93
2019-04-23 13:19:33.099,1.2,sell,5568.0,BTC-31MAY19-5250-P,58.68,0.048,1.2,3,1556025573099,18110003,92
2019-04-23 13:20:31.123,2.1,sell,5570.18,BTC-31MAY19-5250-P,58.38,0.0475,2.1,3,1556025631123,18110011,94
2019-04-23 13:20:31.123,2.9,sell,5570.18,BTC-31MAY19-5250-P,58.38,0.0475,2.9,3,1556025631123,18110012,95
2019-04-23 13:45:18.946,12.8,buy,5590.72,BTC-31MAY19-5250-P,60.03,0.048,12.8,0,1556027118946,18110792,96
2019-04-23 14:42:16.083,1.0,sell,5588.31,BTC-31MAY19-5250-P,59.49,0.0475,1.0,2,1556030536083,18112431,97
2019-04-23 14:46:47.976,1.1,sell,5587.86,BTC-31MAY19-5250-P,59.47,0.0475,1.1,3,1556030807976,18112535,98
2019-04-23 14:46:47.976,7.9,sell,5587.86,BTC-31MAY19-5250-P,59.47,0.0475,7.9,3,1556030807976,18112537,100
2019-04-23 14:46:47.976,1.0,sell,5587.86,BTC-31MAY19-5250-P,59.47,0.0475,1.0,3,1556030807976,18112536,99
2019-04-23 14:48:05.593,6.0,buy,5587.87,BTC-31MAY19-5250-P,60.32,0.0485,6.0,1,1556030885593,18112545,102
2019-04-23 14:48:05.593,5.0,buy,5587.87,BTC-31MAY19-5250-P,60.32,0.0485,5.0,0,1556030885593,18112544,101
2019-04-23 15:30:49.259,1.0,buy,5562.3,BTC-31MAY19-5250-P,59.25,0.049,1.0,0,1556033449259,18113607,103
2019-04-23 16:27:15.484,3.0,sell,5553.89,BTC-31MAY19-5250-P,57.94,0.048,3.0,2,1556036835484,18115317,104
2019-04-23 16:56:00.415,5.0,buy,5572.13,BTC-31MAY19-5250-P,59.46,0.0485,5.0,0,1556038560415,18116102,105
2019-04-23 17:18:39.405,2.0,sell,5589.92,BTC-31MAY19-5250-P,60.1,0.048,2.0,2,1556039919405,18116505,106
2019-04-23 17:18:39.405,3.0,sell,5589.92,BTC-31MAY19-5250-P,60.1,0.048,3.0,3,1556039919405,18116506,107
2019-04-23 17:19:27.709,1.0,sell,5590.12,BTC-31MAY19-5250-P,59.69,0.0475,1.0,2,1556039967709,18116533,108
2019-04-23 17:27:29.110,5.0,sell,5593.4,BTC-31MAY19-5250-P,60.31,0.048,5.0,0,1556040449110,18116708,109
2019-04-23 17:28:19.224,1.1,sell,5602.71,BTC-31MAY19-5250-P,60.43,0.0475,1.1,2,1556040499224,18116975,110
2019-04-23 17:28:19.224,5.0,sell,5602.71,BTC-31MAY19-5250-P,60.43,0.0475,5.0,3,1556040499224,18116976,111
2019-04-23 17:28:19.224,5.0,sell,5602.71,BTC-31MAY19-5250-P,60.43,0.0475,5.0,3,1556040499224,18116977,112
2019-04-23 17:29:31.294,1.0,buy,5599.23,BTC-31MAY19-5250-P,60.65,0.048,1.0,0,1556040571294,18117518,113
2019-04-23 17:39:18.039,0.1,sell,5603.31,BTC-31MAY19-5250-P,60.04,0.047,0.1,2,1556041158039,18118037,114
2019-04-23 17:44:45.526,1.0,sell,5607.96,BTC-31MAY19-5250-P,60.31,0.047,1.0,3,1556041485526,18118372,115
2019-04-23 17:46:29.009,1.0,sell,5613.46,BTC-31MAY19-5250-P,60.63,0.047,1.0,3,1556041589009,18118532,117
2019-04-23 17:46:29.009,3.9,sell,5613.46,BTC-31MAY19-5250-P,60.63,0.047,3.9,3,1556041589009,18118531,116
2019-04-23 18:57:35.990,5.0,sell,5610.63,BTC-31MAY19-5250-P,60.51,0.047,5.0,3,1556045855990,18120748,118
2019-04-23 21:33:35.790,5.0,sell,5584.73,BTC-31MAY19-5250-P,58.66,0.0465,5.0,3,1556055215790,18123910,120
2019-04-23 21:33:35.790,1.0,sell,5584.73,BTC-31MAY19-5250-P,58.66,0.0465,1.0,2,1556055215790,18123909,119
2019-04-23 21:33:35.790,5.0,sell,5584.73,BTC-31MAY19-5250-P,58.66,0.0465,5.0,3,1556055215790,18123911,121
2019-04-23 22:16:46.937,5.0,sell,5538.76,BTC-31MAY19-5250-P,56.79,0.0475,5.0,0,1556057806937,18126654,122
2019-04-23 22:17:38.007,5.0,sell,5527.23,BTC-31MAY19-5250-P,56.93,0.0485,5.0,0,1556057858007,18127112,123
2019-04-23 22:28:31.135,4.0,buy,5517.76,BTC-31MAY19-5250-P,56.77,0.049,4.0,0,1556058511135,18128639,124
2019-04-23 22:28:31.148,0.3,sell,5517.76,BTC-31MAY19-5250-P,56.77,0.049,0.3,1,1556058511148,18128640,125
2019-04-24 01:13:21.648,5.0,buy,5513.69,BTC-31MAY19-5250-P,57.03,0.0495,5.0,0,1556068401648,18135314,126
2019-04-24 01:16:56.260,5.0,buy,5507.51,BTC-31MAY19-5250-P,57.06,0.05,5.0,0,1556068616260,18135788,127
2019-04-24 01:17:02.114,5.0,buy,5502.9,BTC-31MAY19-5250-P,57.19,0.0505,5.0,0,1556068622114,18135939,128
2019-04-24 01:17:02.139,0.4,buy,5502.9,BTC-31MAY19-5250-P,57.19,0.0505,0.4,1,1556068622139,18135940,129
2019-04-24 01:19:56.281,5.0,buy,5490.8,BTC-31MAY19-5250-P,56.85,0.051,5.0,0,1556068796281,18136662,130
2019-04-24 03:04:33.457,1.0,sell,5562.55,BTC-31MAY19-5250-P,59.23,0.0485,1.0,2,1556075073457,18140881,131
2019-04-24 03:30:45.078,1.0,sell,5571.97,BTC-31MAY19-5250-P,59.38,0.048,1.0,2,1556076645078,18141203,132
2019-04-24 03:34:20.446,1.0,sell,5578.3,BTC-31MAY19-5250-P,59.33,0.0475,1.0,2,1556076860446,18141380,133
2019-04-24 04:16:58.914,1.0,sell,5588.39,BTC-31MAY19-5250-P,59.52,0.047,1.0,2,1556079418914,18142264,134
2019-04-24 04:17:33.296,1.0,sell,5596.22,BTC-31MAY19-5250-P,59.55,0.0465,1.0,2,1556079453296,18142488,135
2019-04-24 04:18:51.094,1.0,sell,5605.45,BTC-31MAY19-5250-P,59.66,0.046,1.0,3,1556079531094,18142748,137
2019-04-24 04:18:51.094,5.0,sell,5605.45,BTC-31MAY19-5250-P,59.66,0.046,5.0,2,1556079531094,18142747,136
2019-04-24 04:18:51.094,5.0,sell,5605.45,BTC-31MAY19-5250-P,59.66,0.046,5.0,3,1556079531094,18142749,138
2019-04-24 04:18:51.094,5.0,sell,5605.45,BTC-31MAY19-5250-P,59.66,0.046,5.0,3,1556079531094,18142750,139
2019-04-24 05:59:45.854,5.0,sell,5611.4,BTC-31MAY19-5250-P,59.63,0.0455,5.0,2,1556085585854,18145753,140
2019-04-24 06:27:16.234,1.0,sell,5609.54,BTC-31MAY19-5250-P,60.4,0.0465,1.0,0,1556087236234,18147535,141
2019-04-24 06:37:13.890,10.0,buy,5600.76,BTC-31MAY19-5250-P,59.89,0.0465,10.0,1,1556087833890,18147966,142
2019-04-24 06:37:33.451,10.0,buy,5602.74,BTC-31MAY19-5250-P,60.01,0.0465,10.0,1,1556087853451,18147970,143
2019-04-24 06:37:38.592,10.0,buy,5602.78,BTC-31MAY19-5250-P,60.01,0.0465,10.0,1,1556087858592,18147972,144
2019-04-24 06:37:44.209,10.0,buy,5602.83,BTC-31MAY19-5250-P,60.02,0.0465,10.0,1,1556087864209,18147976,145
2019-04-24 06:37:53.102,10.0,buy,5602.83,BTC-31MAY19-5250-P,60.02,0.0465,10.0,1,1556087873102,18147977,146
2019-04-24 06:39:48.193,12.8,buy,5606.48,BTC-31MAY19-5250-P,61.09,0.0475,12.8,0,1556087988193,18148024,147
2019-04-24 06:40:04.201,1.0,buy,5606.49,BTC-31MAY19-5250-P,61.53,0.048,1.0,0,1556088004201,18148026,148
2019-04-24 06:40:14.630,10.0,buy,5607.36,BTC-31MAY19-5250-P,61.15,0.0475,10.0,2,1556088014630,18148031,149
2019-04-24 06:40:56.973,1.5,buy,5607.42,BTC-31MAY19-5250-P,61.15,0.0475,1.5,3,1556088056973,18148043,150
2019-04-24 06:41:05.680,8.5,buy,5607.25,BTC-31MAY19-5250-P,61.14,0.0475,8.5,3,1556088065680,18148048,151
2019-04-24 06:41:14.058,10.0,buy,5606.43,BTC-31MAY19-5250-P,61.09,0.0475,10.0,3,1556088074058,18148051,152
2019-04-24 06:42:38.302,9.0,buy,5606.88,BTC-31MAY19-5250-P,61.55,0.048,9.0,0,1556088158302,18148056,153
2019-04-24 06:42:45.561,5.0,buy,5606.89,BTC-31MAY19-5250-P,61.55,0.048,5.0,1,1556088165561,18148059,154
2019-04-24 06:42:50.041,3.8,buy,5606.89,BTC-31MAY19-5250-P,61.98,0.0485,3.8,1,1556088170041,18148062,157
2019-04-24 06:42:50.041,1.0,buy,5606.89,BTC-31MAY19-5250-P,61.55,0.048,1.0,1,1556088170041,18148060,155
2019-04-24 06:42:50.041,0.2,buy,5606.89,BTC-31MAY19-5250-P,61.98,0.0485,0.2,0,1556088170041,18148061,156
2019-04-24 07:05:40.919,1.0,sell,5600.04,BTC-31MAY19-5250-P,60.3,0.047,1.0,2,1556089540919,18148912,158
2019-04-24 07:23:30.430,5.0,buy,5585.43,BTC-31MAY19-5250-P,60.74,0.0485,5.0,0,1556090610430,18149165,159
2019-04-24 07:41:09.133,3.0,buy,5537.29,BTC-31MAY19-5250-P,60.8,0.052000000000000005,3.0,0,1556091669133,18150595,160
2019-04-24 07:41:18.164,3.0,buy,5538.19,BTC-31MAY19-5250-P,61.7,0.053,3.0,0,1556091678164,18150630,161
2019-04-24 07:41:44.090,2.0,buy,5540.42,BTC-31MAY19-5250-P,62.26,0.0535,2.0,0,1556091704090,18150725,162
2019-04-24 08:05:55.399,1.0,sell,5480.83,BTC-31MAY19-5250-P,58.5,0.0535,1.0,1,1556093155399,18158700,163
2019-04-24 08:40:54.895,1.0,sell,5481.21,BTC-31MAY19-5250-P,58.96,0.054000000000000006,1.0,0,1556095254895,18162530,164
2019-04-24 09:54:59.411,0.1,buy,5469.03,BTC-31MAY19-5250-P,60.28,0.0565,0.1,0,1556099699411,18166007,165
2019-04-24 10:56:24.047,6.0,buy,5414.89,BTC-31MAY19-5250-P,58.72,0.059000000000000004,6.0,0,1556103384047,18170584,166
2019-04-24 11:28:59.008,2.0,buy,5434.38,BTC-31MAY19-5250-P,60.89,0.06,2.0,0,1556105339008,18174638,167
2019-04-24 13:12:31.156,5.0,sell,5470.28,BTC-31MAY19-5250-P,58.4,0.054000000000000006,5.0,2,1556111551156,18177097,168
2019-04-24 13:15:44.824,5.0,buy,5469.06,BTC-31MAY19-5250-P,58.74,0.0545,5.0,0,1556111744824,18177220,169
2019-04-24 14:02:36.790,0.1,sell,5447.06,BTC-31MAY19-5250-P,58.14,0.0555,0.1,0,1556114556790,18178776,170
2019-04-24 16:33:42.264,0.7000000000000001,buy,5430.84,BTC-31MAY19-5250-P,58.36,0.057,0.7000000000000001,0,1556123622264,18182639,171
2019-04-24 16:33:42.821,0.2,sell,5429.92,BTC-31MAY19-5250-P,58.3,0.057,0.2,1,1556123622821,18182652,172
2019-04-24 18:14:28.668,0.2,buy,5396.24,BTC-31MAY19-5250-P,58.08,0.0595,0.2,0,1556129668668,18188828,173
2019-04-24 19:04:34.347,5.0,sell,5423.64,BTC-31MAY19-5250-P,57.55,0.0565,5.0,2,1556132674347,18194882,174
2019-04-24 22:05:59.310,1.0,sell,5436.98,BTC-31MAY19-5250-P,58.96,0.057,1.0,0,1556143559310,18198913,175
2019-04-25 21:56:58.844,6.2,buy,5400.13,BTC-31MAY19-5250-P,58.05,0.058,6.2,0,1556229418844,18236834,176
2019-04-25 21:56:58.848,0.8,sell,5400.13,BTC-31MAY19-5250-P,58.46,0.0585,0.8,0,1556229418848,18236835,177
2019-04-25 21:57:13.657,3.0,sell,5398.7,BTC-31MAY19-5250-P,58.36,0.0585,3.0,1,1556229433657,18236907,178
2019-04-25 22:03:01.819,0.9,buy,5279.33,BTC-31MAY19-5250-P,60.0,0.0715,0.9,0,1556229781819,18241672,180
2019-04-25 22:03:01.819,4.1,buy,5279.33,BTC-31MAY19-5250-P,59.59,0.071,4.1,0,1556229781819,18241671,179
2019-04-25 22:09:38.372,1.0,sell,5089.14,BTC-31MAY19-5250-P,69.29,0.104,1.0,0,1556230178372,18251853,181
2019-04-25 22:10:02.655,1.0,sell,5065.39,BTC-31MAY19-5250-P,69.76,0.1075,1.0,0,1556230202655,18252833,182
2019-04-25 22:10:21.706,1.0,sell,5049.07,BTC-31MAY19-5250-P,72.14,0.1125,1.0,0,1556230221706,18253506,183
2019-04-25 22:10:53.244,1.0,sell,5017.93,BTC-31MAY19-5250-P,72.96,0.1175,1.0,0,1556230253244,18254515,184
2019-04-25 22:11:07.085,1.0,sell,5007.9,BTC-31MAY19-5250-P,70.69,0.116,1.0,2,1556230267085,18255146,185
2019-04-25 22:11:11.669,1.0,buy,5003.64,BTC-31MAY19-5250-P,60.49,0.104,1.0,2,1556230271669,18255375,186
2019-04-25 22:11:18.023,1.0,sell,4994.8,BTC-31MAY19-5250-P,71.31,0.1185,1.0,0,1556230278023,18255699,187
2019-04-25 22:11:28.205,0.3,sell,4977.05,BTC-31MAY19-5250-P,69.38,0.1185,0.3,1,1556230288205,18256119,188
2019-04-25 22:11:28.207,0.3,sell,4977.05,BTC-31MAY19-5250-P,69.38,0.1185,0.3,1,1556230288207,18256120,189
2019-04-25 22:12:06.787,1.0,buy,4999.51,BTC-31MAY19-5250-P,53.9,0.0965,1.0,2,1556230326787,18257439,190
2019-04-25 22:12:10.002,1.0,buy,4999.16,BTC-31MAY19-5250-P,56.32,0.0995,1.0,0,1556230330002,18257533,191
2019-04-25 22:12:11.278,1.0,buy,4998.05,BTC-31MAY19-5250-P,57.43,0.101,1.0,0,1556230331278,18257580,192
2019-04-25 22:14:27.197,1.0,sell,5095.74,BTC-31MAY19-5250-P,63.5,0.096,1.0,2,1556230467197,18262149,193
2019-04-25 22:14:50.800,5.0,buy,5097.58,BTC-31MAY19-5250-P,62.87,0.095,5.0,2,1556230490800,18262845,194
2019-04-25 23:27:38.819,0.2,sell,5136.14,BTC-31MAY19-5250-P,58.94,0.0855,0.2,2,1556234858819,18284443,195
2019-04-26 00:18:56.703,0.1,buy,5077.6,BTC-31MAY19-5250-P,59.76,0.0935,0.1,0,1556237936703,18289049,196
2019-04-26 01:40:18.539,1.0,sell,5159.62,BTC-31MAY19-5250-P,61.19,0.0855,1.0,3,1556242818539,18294936,198
2019-04-26 01:40:18.539,0.8,sell,5159.62,BTC-31MAY19-5250-P,61.19,0.0855,0.8,2,1556242818539,18294935,197
2019-04-26 02:39:29.481,14.4,sell,5278.96,BTC-31MAY19-5250-P,58.1,0.069,14.4,2,1556246369481,18300790,199
2019-04-26 02:39:29.483,1.6,buy,5278.96,BTC-31MAY19-5250-P,58.1,0.069,1.6,3,1556246369483,18300791,200
2019-04-26 02:39:33.188,16.0,buy,5281.07,BTC-31MAY19-5250-P,58.27,0.069,16.0,3,1556246373188,18300816,201
2019-04-26 02:40:24.778,5.0,buy,5247.6,BTC-31MAY19-5250-P,64.46,0.08,5.0,0,1556246424778,18301665,202
2019-04-26 02:40:24.778,11.0,buy,5247.6,BTC-31MAY19-5250-P,64.46,0.08,11.0,1,1556246424778,18301666,203
2019-04-26 04:55:41.313,0.7000000000000001,buy,5184.87,BTC-31MAY19-5250-P,58.33,0.079,0.7000000000000001,2,1556254541313,18311579,204
2019-04-26 04:55:41.372,0.2,sell,5184.87,BTC-31MAY19-5250-P,58.33,0.079,0.2,3,1556254541372,18311580,205
2019-04-26 07:01:57.042,1.0,buy,5174.25,BTC-31MAY19-5250-P,58.26,0.08,1.0,0,1556262117042,18316795,206
2019-04-26 08:41:26.448,0.2,buy,5189.92,BTC-31MAY19-5250-P,61.75,0.0825,0.2,0,1556268086448,18320486,207
2019-04-26 13:50:53.516,0.1,sell,5169.77,BTC-31MAY19-5250-P,58.5,0.0805,0.1,2,1556286653516,18330063,208
2019-04-26 13:52:00.781,0.4,buy,5170.95,BTC-31MAY19-5250-P,60.23,0.0825,0.4,0,1556286720781,18330101,209
2019-04-26 15:22:35.400,4.0,buy,5145.55,BTC-31MAY19-5250-P,63.64,0.0895,4.0,0,1556292155400,18332734,210
2019-04-26 15:23:21.186,0.3,sell,5148.34,BTC-31MAY19-5250-P,61.05,0.086,0.3,2,1556292201186,18332755,211
2019-04-26 15:23:36.269,1.7,sell,5149.56,BTC-31MAY19-5250-P,60.76,0.0855,1.7,2,1556292216269,18332768,212
2019-04-26 19:59:44.409,12.0,sell,5079.86,BTC-31MAY19-5250-P,59.88,0.0925,12.0,0,1556308784409,18346245,213
2019-04-26 21:50:28.643,2.0,sell,5123.49,BTC-31MAY19-5250-P,58.12,0.085,2.0,2,1556315428643,18349615,214
2019-04-26 22:05:04.195,1.0,sell,5138.69,BTC-31MAY19-5250-P,58.35,0.0835,1.0,2,1556316304195,18350095,215
2019-04-27 07:15:08.535,5.0,sell,5156.11,BTC-31MAY19-5250-P,58.27,0.081,5.0,2,1556349308535,18359919,216
2019-04-27 09:11:06.462,12.0,sell,5163.53,BTC-31MAY19-5250-P,58.2,0.08,12.0,2,1556356266462,18361624,217
2019-04-27 18:46:51.484,10.0,sell,5177.19,BTC-31MAY19-5250-P,58.16,0.078,10.0,2,1556390811484,18369017,218
2019-04-28 02:21:11.639,1.0,sell,5153.21,BTC-31MAY19-5250-P,57.85,0.08,1.0,0,1556418071639,18378583,219
2019-04-28 09:32:19.741,0.3,sell,5182.38,BTC-31MAY19-5250-P,58.34,0.077,0.3,2,1556443939741,18382094,220
2019-04-28 09:57:20.074,12.0,sell,5178.17,BTC-31MAY19-5250-P,58.39,0.0775,12.0,0,1556445440074,18382451,221
2019-04-28 12:02:35.394,0.3,buy,5201.72,BTC-31MAY19-5250-P,58.53,0.075,0.3,2,1556452955394,18384721,222
2019-04-28 19:25:15.788,0.3,buy,5138.56,BTC-31MAY19-5250-P,58.33,0.0815,0.3,0,1556479515788,18394649,223
2019-04-28 19:25:17.887,0.2,buy,5136.73,BTC-31MAY19-5250-P,58.15,0.0815,0.2,1,1556479517887,18394711,224
2019-04-29 10:58:51.556,1.0,buy,5145.3,BTC-31MAY19-5250-P,62.55,0.085,1.0,0,1556535531556,18415980,225
2019-04-29 22:55:38.672,2.5,buy,5128.94,BTC-31MAY19-5250-P,61.42,0.085,2.5,1,1556578538672,18441259,226
2019-04-30 00:27:33.837,0.3,sell,5154.17,BTC-31MAY19-5250-P,60.55,0.081,0.3,2,1556584053837,18444671,227
2019-04-30 02:28:38.506,1.8,sell,5150.31,BTC-31MAY19-5250-P,60.26,0.081,1.8,3,1556591318506,18446839,228
2019-04-30 15:27:03.178,0.3,buy,5255.5,BTC-31MAY19-5250-P,62.81,0.07200000000000001,0.3,2,1556638023178,18477198,229
2019-04-30 15:27:03.311,0.3,buy,5255.5,BTC-31MAY19-5250-P,62.81,0.07200000000000001,0.3,3,1556638023311,18477208,230
2019-04-30 15:27:04.347,0.3,buy,5255.78,BTC-31MAY19-5250-P,62.84,0.07200000000000001,0.3,3,1556638024347,18477229,231
2019-04-30 15:27:04.454,0.3,buy,5255.78,BTC-31MAY19-5250-P,63.27,0.0725,0.3,0,1556638024454,18477239,232
2019-04-30 15:27:04.515,0.3,buy,5255.78,BTC-31MAY19-5250-P,63.27,0.0725,0.3,1,1556638024515,18477250,233
2019-04-30 15:27:05.079,0.3,buy,5255.78,BTC-31MAY19-5250-P,63.27,0.0725,0.3,1,1556638025079,18477267,234
2019-04-30 15:27:05.142,0.3,buy,5255.78,BTC-31MAY19-5250-P,63.7,0.073,0.3,0,1556638025142,18477275,235
2019-04-30 15:27:05.705,0.3,buy,5255.76,BTC-31MAY19-5250-P,63.7,0.073,0.3,1,1556638025705,18477282,236
2019-04-30 15:27:05.765,0.3,buy,5255.76,BTC-31MAY19-5250-P,63.7,0.073,0.3,1,1556638025765,18477288,237
2019-05-01 02:09:11.238,6.9,sell,5313.26,BTC-31MAY19-5250-P,62.1,0.065,6.9,2,1556676551238,18493955,238
2019-05-01 03:20:55.128,0.1,buy,5312.12,BTC-31MAY19-5250-P,60.29,0.063,0.1,2,1556680855128,18496084,239
2019-05-01 03:20:55.200,0.1,sell,5312.12,BTC-31MAY19-5250-P,60.29,0.063,0.1,3,1556680855200,18496085,240
2019-05-01 08:23:33.958,0.1,buy,5291.48,BTC-31MAY19-5250-P,60.08,0.0645,0.1,0,1556699013958,18501313,241
2019-05-01 08:23:33.979,0.2,sell,5291.48,BTC-31MAY19-5250-P,60.08,0.0645,0.2,1,1556699013979,18501314,242
2019-05-01 11:33:53.555,6.9,sell,5315.08,BTC-31MAY19-5250-P,59.55,0.0615,6.9,2,1556710433555,18504773,243
2019-05-01 12:23:56.052,0.1,buy,5291.66,BTC-31MAY19-5250-P,59.38,0.0635,0.1,0,1556713436052,18505942,244
2019-05-01 12:30:54.421,12.0,sell,5293.27,BTC-31MAY19-5250-P,59.53,0.0635,12.0,1,1556713854421,18506396,245
2019-05-01 12:30:56.796,12.0,buy,5292.0,BTC-31MAY19-5250-P,58.97,0.063,12.0,2,1556713856796,18506399,246
2019-05-01 12:32:57.933,10.8,buy,5288.94,BTC-31MAY19-5250-P,58.71,0.063,10.8,3,1556713977933,18506521,247
2019-05-01 12:33:05.190,8.0,buy,5288.44,BTC-31MAY19-5250-P,58.67,0.063,8.0,3,1556713985190,18506523,248
2019-05-01 12:34:11.728,0.1,buy,5287.18,BTC-31MAY19-5250-P,58.56,0.063,0.1,3,1556714051728,18506546,249
2019-05-01 12:34:27.800,0.1,buy,5280.27,BTC-31MAY19-5250-P,58.41,0.0635,0.1,0,1556714067800,18506761,250
2019-05-01 12:34:27.819,0.3,sell,5280.27,BTC-31MAY19-5250-P,58.41,0.0635,0.3,1,1556714067819,18506762,251
2019-05-01 12:34:27.876,0.2,sell,5280.27,BTC-31MAY19-5250-P,58.41,0.0635,0.2,1,1556714067876,18506763,252
2019-05-01 13:53:59.487,1.0,sell,5285.66,BTC-31MAY19-5250-P,58.93,0.0635,1.0,1,1556718839487,18508466,253
2019-05-02 04:02:12.921,0.1,buy,5322.0,BTC-31MAY19-5250-P,61.28,0.062,0.1,2,1556769732921,18530473,254
2019-05-02 04:05:10.448,0.1,buy,5317.22,BTC-31MAY19-5250-P,61.78,0.063,0.1,0,1556769910448,18530845,255
2019-05-02 04:10:36.446,0.1,buy,5309.13,BTC-31MAY19-5250-P,61.55,0.0635,0.1,0,1556770236446,18531689,256
2019-05-02 05:09:18.336,0.5,sell,5322.78,BTC-31MAY19-5250-P,60.49,0.061,0.5,2,1556773758336,18532779,257
2019-05-02 07:22:42.757,0.1,buy,5339.13,BTC-31MAY19-5250-P,61.5,0.0605,0.1,2,1556781762757,18535919,258
2019-05-02 07:46:01.428,0.1,sell,5342.1,BTC-31MAY19-5250-P,61.31,0.06,0.1,2,1556783161428,18536988,259
2019-05-02 13:08:52.674,0.5,buy,5357.52,BTC-31MAY19-5250-P,62.81,0.06,0.5,3,1556802532674,18549063,260
2019-05-02 16:08:49.789,1.0,sell,5414.12,BTC-31MAY19-5250-P,60.07,0.052000000000000005,1.0,2,1556813329789,18560370,261
2019-05-02 23:34:59.678,0.1,sell,5396.84,BTC-31MAY19-5250-P,62.31,0.0555,0.1,0,1556840099678,18575126,262
2019-05-03 02:59:40.540,15.0,sell,5474.8,BTC-31MAY19-5250-P,59.42,0.046,15.0,2,1556852380540,18591847,263
2019-05-03 03:13:26.683,0.1,buy,5456.16,BTC-31MAY19-5250-P,61.86,0.05,0.1,0,1556853206683,18592658,264
2019-05-03 04:37:40.734,10.0,sell,5488.8,BTC-31MAY19-5250-P,60.97,0.0465,10.0,2,1556858260734,18595374,265
2019-05-03 04:37:53.001,5.0,sell,5493.89,BTC-31MAY19-5250-P,60.86,0.046,5.0,3,1556858273001,18595471,267
2019-05-03 04:37:53.001,5.0,sell,5493.89,BTC-31MAY19-5250-P,60.86,0.046,5.0,2,1556858273001,18595470,266
2019-05-03 04:58:46.658,5.0,sell,5482.7,BTC-31MAY19-5250-P,59.59,0.0455,5.0,2,1556859526658,18597412,268
2019-05-03 05:02:39.119,10.0,sell,5476.83,BTC-31MAY19-5250-P,59.65,0.046,10.0,0,1556859759119,18597569,269
2019-05-03 05:21:13.285,15.0,sell,5485.0,BTC-31MAY19-5250-P,60.25,0.046,15.0,1,1556860873285,18598245,271
2019-05-03 05:21:13.285,10.0,sell,5485.0,BTC-31MAY19-5250-P,60.25,0.046,10.0,1,1556860873285,18598244,270
2019-05-03 05:30:18.878,10.0,sell,5485.21,BTC-31MAY19-5250-P,60.28,0.046,10.0,1,1556861418878,18598529,272
2019-05-03 05:31:15.004,6.5,sell,5486.77,BTC-31MAY19-5250-P,60.39,0.046,6.5,1,1556861475004,18598555,274
2019-05-03 05:31:15.004,3.5,sell,5486.77,BTC-31MAY19-5250-P,60.39,0.046,3.5,1,1556861475004,18598554,273
2019-05-03 05:32:14.322,5.0,sell,5484.26,BTC-31MAY19-5250-P,60.21,0.046,5.0,1,1556861534322,18598596,275
2019-05-03 05:32:22.958,5.0,sell,5484.52,BTC-31MAY19-5250-P,60.23,0.046,5.0,1,1556861542958,18598615,276
2019-05-03 05:33:55.442,13.5,sell,5485.57,BTC-31MAY19-5250-P,60.31,0.046,13.5,1,1556861635442,18598633,277
2019-05-03 05:38:31.674,0.5,buy,5486.65,BTC-31MAY19-5250-P,61.34,0.047,0.5,0,1556861911674,18598671,279
2019-05-03 05:38:31.674,0.5,buy,5486.65,BTC-31MAY19-5250-P,60.87,0.0465,0.5,0,1556861911674,18598670,278
2019-05-03 05:40:09.546,5.0,sell,5484.32,BTC-31MAY19-5250-P,59.74,0.0455,5.0,2,1556862009546,18598719,280
2019-05-03 05:40:09.546,5.0,sell,5484.32,BTC-31MAY19-5250-P,59.74,0.0455,5.0,3,1556862009546,18598720,281
2019-05-03 05:41:06.133,1.8,buy,5484.22,BTC-31MAY19-5250-P,62.13,0.048,1.8,1,1556862066133,18598733,283
2019-05-03 05:41:06.133,0.2,buy,5484.22,BTC-31MAY19-5250-P,62.13,0.048,0.2,0,1556862066133,18598732,282
2019-05-03 05:41:26.098,5.0,sell,5484.34,BTC-31MAY19-5250-P,59.74,0.0455,5.0,2,1556862086098,18598736,284
2019-05-03 06:00:08.510,1.0,buy,5490.07,BTC-31MAY19-5250-P,61.61,0.047,1.0,0,1556863208510,18599235,285
2019-05-03 06:16:38.547,1.0,sell,5499.32,BTC-31MAY19-5250-P,60.84,0.0455,1.0,2,1556864198547,18599860,286
2019-05-03 06:18:42.429,4.0,sell,5509.24,BTC-31MAY19-5250-P,61.54,0.0455,4.0,3,1556864322429,18600671,287
2019-05-03 06:18:42.429,21.0,sell,5509.24,BTC-31MAY19-5250-P,61.54,0.0455,21.0,3,1556864322429,18600672,288
2019-05-03 06:18:43.439,4.0,sell,5508.39,BTC-31MAY19-5250-P,61.48,0.0455,4.0,3,1556864323439,18600680,289
2019-05-03 06:18:51.332,10.0,sell,5515.25,BTC-31MAY19-5250-P,61.48,0.045,10.0,3,1556864331332,18600760,291
2019-05-03 06:18:51.332,5.0,sell,5515.25,BTC-31MAY19-5250-P,61.48,0.045,5.0,2,1556864331332,18600759,290
2019-05-03 06:18:59.870,10.0,sell,5524.45,BTC-31MAY19-5250-P,61.64,0.0445,10.0,2,1556864339870,18600884,292
2019-05-03 06:25:24.096,10.0,sell,5536.26,BTC-31MAY19-5250-P,61.48,0.0435,10.0,2,1556864724096,18602590,293
2019-05-03 07:58:45.042,0.1,sell,5582.0,BTC-31MAY19-5250-P,58.16,0.037000000000000005,0.1,2,1556870325042,18616652,294
2019-05-03 08:18:46.940,0.2,buy,5573.97,BTC-31MAY19-5250-P,61.66,0.041,0.2,0,1556871526940,18618867,295
2019-05-03 08:18:47.051,6.9,sell,5573.97,BTC-31MAY19-5250-P,61.66,0.041,6.9,1,1556871527051,18618868,296
2019-05-03 08:18:48.624,8.2,sell,5574.21,BTC-31MAY19-5250-P,61.67,0.041,8.2,1,1556871528624,18618874,297
2019-05-03 08:18:49.158,25.0,sell,5574.38,BTC-31MAY19-5250-P,61.68,0.041,25.0,1,1556871529158,18618875,298
2019-05-03 08:49:38.694,0.9,sell,5632.46,BTC-31MAY19-5250-P,61.43,0.037000000000000005,0.9,2,1556873378694,18626026,299
2019-05-03 08:58:02.512,1.2,buy,5667.89,BTC-31MAY19-5250-P,58.94,0.0325,1.2,2,1556873882512,18635781,300
2019-05-03 09:35:57.993,0.4,buy,5721.88,BTC-31MAY19-5250-P,64.84,0.035,0.4,0,1556876157993,18645315,301
2019-05-03 09:35:57.993,2.1,buy,5721.88,BTC-31MAY19-5250-P,64.84,0.035,2.1,1,1556876157993,18645316,302
2019-05-03 09:49:30.246,0.1,buy,5752.55,BTC-31MAY19-5250-P,64.5,0.033,0.1,2,1556876970246,18651775,303
2019-05-03 09:52:13.468,5.0,sell,5768.16,BTC-31MAY19-5250-P,61.55,0.0295,5.0,2,1556877133468,18652119,304
2019-05-03 10:44:45.631,7.0,buy,5731.19,BTC-31MAY19-5250-P,64.92,0.0345,7.0,0,1556880285631,18663448,305
2019-05-03 11:52:06.361,0.1,buy,5714.86,BTC-31MAY19-5250-P,61.32,0.032,0.1,2,1556884326361,18672348,306
2019-05-03 13:55:33.267,1.0,sell,5742.42,BTC-31MAY19-5250-P,60.28,0.0295,1.0,2,1556891733267,18680736,307
2019-05-03 14:01:18.310,2.0,sell,5738.98,BTC-31MAY19-5250-P,60.09,0.0295,2.0,3,1556892078310,18680897,308
2019-05-03 15:02:51.804,0.3,buy,5692.57,BTC-31MAY19-5250-P,61.22,0.033,0.3,0,1556895771804,18686846,309
2019-05-03 16:41:45.347,50.0,sell,5720.05,BTC-31MAY19-5250-P,61.85,0.032,50.0,2,1556901705347,18693114,310
2019-05-03 17:11:03.690,5.0,buy,5673.91,BTC-31MAY19-5250-P,60.73,0.0335,5.0,0,1556903463690,18696681,311
2019-05-03 17:22:10.866,5.0,buy,5650.97,BTC-31MAY19-5250-P,60.38,0.0345,5.0,0,1556904130866,18698161,312
2019-05-03 17:50:30.084,1.0,sell,5652.38,BTC-31MAY19-5250-P,58.91,0.033,1.0,2,1556905830084,18700969,313
2019-05-03 17:50:56.998,1.0,buy,5655.15,BTC-31MAY19-5250-P,59.08,0.033,1.0,3,1556905856998,18700987,314
2019-05-03 17:52:10.030,1.0,sell,5658.33,BTC-31MAY19-5250-P,58.75,0.0325,1.0,2,1556905930030,18701055,315
2019-05-03 18:34:11.902,7.0,sell,5665.64,BTC-31MAY19-5250-P,59.23,0.0325,7.0,3,1556908451902,18702067,316
2019-05-04 00:32:11.555,12.8,sell,5748.93,BTC-31MAY19-5250-P,61.14,0.0295,12.8,2,1556929931555,18726595,317
2019-05-04 01:25:13.397,0.2,sell,5755.65,BTC-31MAY19-5250-P,62.13,0.03,0.2,0,1556933113397,18730548,318
2019-05-04 01:45:08.057,0.2,sell,5765.56,BTC-31MAY19-5250-P,62.15,0.0295,0.2,3,1556934308057,18731412,320
2019-05-04 01:45:08.057,9.2,sell,5765.56,BTC-31MAY19-5250-P,62.15,0.0295,9.2,2,1556934308057,18731411,319
2019-05-04 01:46:35.449,0.2,sell,5784.52,BTC-31MAY19-5250-P,62.66,0.029,0.2,2,1556934395449,18732353,321
2019-05-04 01:53:52.820,0.2,sell,5791.15,BTC-31MAY19-5250-P,62.46,0.0285,0.2,2,1556934832820,18733216,322
2019-05-04 01:54:51.537,0.2,sell,5799.79,BTC-31MAY19-5250-P,62.37,0.028,0.2,2,1556934891537,18733660,323
2019-05-04 01:55:00.691,0.2,sell,5810.73,BTC-31MAY19-5250-P,62.4,0.0275,0.2,2,1556934900691,18733833,324
2019-05-04 02:04:25.909,0.1,buy,5767.84,BTC-31MAY19-5250-P,60.03,0.0275,0.1,3,1556935465909,18736600,325
2019-05-04 03:23:00.087,8.0,sell,5762.13,BTC-31MAY19-5250-P,59.2,0.027000000000000003,8.0,2,1556940180087,18741142,326
2019-05-04 03:46:06.630,0.1,buy,5704.86,BTC-31MAY19-5250-P,58.74,0.0295,0.1,0,1556941566630,18742701,327
2019-05-04 04:07:26.809,0.1,buy,5707.83,BTC-31MAY19-5250-P,60.03,0.0305,0.1,0,1556942846809,18745034,328
2019-05-04 04:07:26.809,0.1,buy,5707.83,BTC-31MAY19-5250-P,60.03,0.0305,0.1,1,1556942846809,18745035,329
2019-05-04 04:07:41.283,0.4,buy,5691.49,BTC-31MAY19-5250-P,60.15,0.0315,0.4,0,1556942861283,18745257,330
2019-05-04 06:03:46.873,0.1,buy,5695.84,BTC-31MAY19-5250-P,60.5,0.0315,0.1,1,1556949826873,18751492,331
2019-05-04 06:03:46.873,0.1,buy,5695.84,BTC-31MAY19-5250-P,60.5,0.0315,0.1,1,1556949826873,18751493,332
2019-05-04 12:52:27.185,0.1,buy,5695.42,BTC-31MAY19-5250-P,61.34,0.032,0.1,0,1556974347185,18763222,333
2019-05-04 13:00:29.283,0.1,buy,5705.81,BTC-31MAY19-5250-P,62.51,0.0325,0.1,1,1556974829283,18763604,335
2019-05-04 13:00:29.283,0.1,buy,5705.81,BTC-31MAY19-5250-P,62.51,0.0325,0.1,0,1556974829283,18763603,334
2019-05-04 13:00:29.291,0.3,sell,5705.81,BTC-31MAY19-5250-P,62.51,0.0325,0.3,1,1556974829291,18763605,336
2019-05-04 13:13:11.444,2.0,sell,5711.47,BTC-31MAY19-5250-P,60.67,0.0305,2.0,2,1556975591444,18763901,337
2019-05-04 13:37:01.564,0.1,buy,5671.23,BTC-31MAY19-5250-P,60.98,0.033,0.1,0,1556977021564,18765407,338
2019-05-04 13:37:14.215,0.1,buy,5663.68,BTC-31MAY19-5250-P,61.05,0.0335,0.1,0,1556977034215,18765583,339
2019-05-04 13:47:51.271,0.1,buy,5632.12,BTC-31MAY19-5250-P,60.14,0.0345,0.1,0,1556977671271,18768132,340
2019-05-04 13:47:53.338,0.1,buy,5628.14,BTC-31MAY19-5250-P,60.42,0.035,0.1,0,1556977673338,18768162,341
2019-05-04 13:47:53.400,0.1,sell,5628.14,BTC-31MAY19-5250-P,60.42,0.035,0.1,1,1556977673400,18768163,342
2019-05-04 13:47:53.453,0.1,buy,5628.14,BTC-31MAY19-5250-P,60.42,0.035,0.1,1,1556977673453,18768164,343
2019-05-04 13:48:44.109,0.1,buy,5612.94,BTC-31MAY19-5250-P,60.49,0.036000000000000004,0.1,1,1556977724109,18769080,345
2019-05-04 13:48:44.109,0.1,buy,5612.94,BTC-31MAY19-5250-P,60.49,0.036000000000000004,0.1,0,1556977724109,18769079,344
2019-05-04 13:49:17.759,0.1,buy,5579.21,BTC-31MAY19-5250-P,59.83,0.0375,0.1,1,1556977757759,18770172,347
2019-05-04 13:49:17.759,0.1,buy,5579.21,BTC-31MAY19-5250-P,59.83,0.0375,0.1,0,1556977757759,18770171,346
2019-05-04 13:49:17.862,0.1,sell,5579.21,BTC-31MAY19-5250-P,59.83,0.0375,0.1,1,1556977757862,18770173,348
2019-05-04 13:49:17.955,0.1,sell,5579.21,BTC-31MAY19-5250-P,59.83,0.0375,0.1,1,1556977757955,18770175,349
2019-05-04 13:49:19.871,0.1,buy,5583.43,BTC-31MAY19-5250-P,60.62,0.038,0.1,0,1556977759871,18770267,350
2019-05-04 13:49:19.935,0.1,sell,5583.43,BTC-31MAY19-5250-P,60.62,0.038,0.1,1,1556977759935,18770270,351
2019-05-04 13:49:19.986,0.1,sell,5583.43,BTC-31MAY19-5250-P,60.62,0.038,0.1,1,1556977759986,18770273,352
2019-05-04 13:49:37.189,0.1,buy,5556.58,BTC-31MAY19-5250-P,60.35,0.0395,0.1,0,1556977777189,18771020,353
2019-05-04 13:50:27.811,0.5,sell,5573.38,BTC-31MAY19-5250-P,59.95,0.038,0.5,2,1556977827811,18772265,354
2019-05-04 14:12:53.200,0.1,buy,5535.29,BTC-31MAY19-5250-P,60.41,0.041,0.1,0,1556979173200,18779078,355
2019-05-04 14:12:53.289,0.1,sell,5535.29,BTC-31MAY19-5250-P,60.41,0.041,0.1,1,1556979173289,18779079,356
2019-05-04 14:13:00.555,0.1,buy,5528.0,BTC-31MAY19-5250-P,60.4,0.0415,0.1,0,1556979180555,18779249,357
2019-05-04 14:13:07.011,0.1,buy,5519.47,BTC-31MAY19-5250-P,60.3,0.042,0.1,1,1556979187011,18779461,359
2019-05-04 14:13:07.011,0.4,buy,5519.47,BTC-31MAY19-5250-P,60.3,0.042,0.4,0,1556979187011,18779460,358
2019-05-04 14:13:07.088,0.3,sell,5519.47,BTC-31MAY19-5250-P,60.3,0.042,0.3,1,1556979187088,18779465,360
2019-05-04 14:13:07.146,0.1,sell,5519.47,BTC-31MAY19-5250-P,60.3,0.042,0.1,1,1556979187146,18779466,361
2019-05-04 14:13:07.195,0.1,sell,5519.47,BTC-31MAY19-5250-P,60.3,0.042,0.1,1,1556979187195,18779467,362
2019-05-04 15:56:04.714,0.1,buy,5558.25,BTC-31MAY19-5250-P,62.08,0.041,0.1,2,1556985364714,18785679,363
2019-05-04 15:56:10.686,0.1,buy,5558.26,BTC-31MAY19-5250-P,63.1,0.042,0.1,0,1556985370686,18785680,364
2019-05-04 20:31:29.049,0.1,sell,5645.65,BTC-31MAY19-5250-P,61.85,0.035,0.1,2,1557001889049,18796522,365
2019-05-04 21:15:51.524,0.1,sell,5781.01,BTC-31MAY19-5250-P,62.84,0.0285,0.1,2,1557004551524,18806931,366
2019-05-04 21:21:02.912,0.1,sell,5804.39,BTC-31MAY19-5250-P,63.58,0.028,0.1,2,1557004862912,18809035,367
2019-05-04 21:21:16.007,0.1,sell,5819.35,BTC-31MAY19-5250-P,63.83,0.0275,0.1,2,1557004876007,18809388,368
2019-05-04 21:40:53.480,0.1,buy,5779.24,BTC-31MAY19-5250-P,61.6,0.0275,0.1,3,1557006053480,18815489,369
2019-05-04 22:05:01.411,0.1,buy,5774.42,BTC-31MAY19-5250-P,61.35,0.0275,0.1,3,1557007501411,18820126,370
2019-05-05 00:13:07.481,0.1,buy,5738.8,BTC-31MAY19-5250-P,59.41,0.0275,0.1,3,1557015187481,18836391,371
2019-05-05 04:00:26.196,0.1,buy,5747.56,BTC-31MAY19-5250-P,61.24,0.0285,0.1,0,1557028826196,18851573,372
2019-05-05 04:40:16.106,0.1,buy,5712.48,BTC-31MAY19-5250-P,60.91,0.03,0.1,0,1557031216106,18852964,373
2019-05-05 08:03:24.165,0.1,buy,5676.16,BTC-31MAY19-5250-P,60.54,0.0315,0.1,0,1557043404165,18861512,374
2019-05-05 17:18:17.093,0.1,buy,5694.71,BTC-31MAY19-5250-P,63.81,0.033,0.1,0,1557076697093,18883729,375
2019-05-05 17:18:17.093,0.9,buy,5694.71,BTC-31MAY19-5250-P,64.92,0.034,0.9,0,1557076697093,18883730,376
2019-05-05 20:56:43.208,2.0,sell,5750.73,BTC-31MAY19-5250-P,63.43,0.0295,2.0,2,1557089803208,18899430,377
2019-05-05 21:10:57.557,0.2,sell,5772.43,BTC-31MAY19-5250-P,62.97,0.028,0.2,2,1557090657557,18901241,378
2019-05-06 01:12:54.720,0.1,buy,5647.09,BTC-31MAY19-5250-P,62.85,0.0345,0.1,0,1557105174720,18916098,379
2019-05-06 01:20:17.168,5.0,buy,5594.88,BTC-31MAY19-5250-P,63.16,0.038,5.0,0,1557105617168,18918807,380
2019-05-06 01:27:07.971,0.1,buy,5576.62,BTC-31MAY19-5250-P,62.97,0.039,0.1,0,1557106027971,18921865,381
2019-05-06 01:28:56.162,4.9,buy,5567.42,BTC-31MAY19-5250-P,62.33,0.039,4.9,1,1557106136162,18922699,382
2019-05-06 02:20:25.928,0.1,sell,5618.45,BTC-31MAY19-5250-P,62.65,0.036000000000000004,0.1,2,1557109225928,18927798,383
2019-05-06 05:20:04.332,0.1,sell,5653.49,BTC-31MAY19-5250-P,62.38,0.0335,0.1,2,1557120004332,18933479,384
2019-05-06 06:24:40.566,1.5,buy,5632.63,BTC-31MAY19-5250-P,67.59,0.0395,1.5,0,1557123880566,18934796,385
2019-05-06 07:48:20.582,3.5,buy,5589.16,BTC-31MAY19-5250-P,64.7,0.0395,3.5,1,1557128900582,18939880,386
2019-05-06 13:05:57.453,3.0,buy,5619.71,BTC-31MAY19-5250-P,68.17,0.0405,3.0,0,1557147957453,18951365,387
2019-05-06 15:09:38.615,3.8,sell,5666.89,BTC-31MAY19-5250-P,67.65,0.037000000000000005,3.8,2,1557155378615,18956465,388
2019-05-06 19:13:13.808,1.0,buy,5730.98,BTC-31MAY19-5250-P,67.48,0.033,1.0,2,1557169993808,18973422,389
2019-05-06 19:28:25.729,1.0,buy,5719.7,BTC-31MAY19-5250-P,67.36,0.0335,1.0,0,1557170905729,18974727,390
2019-05-06 23:41:47.673,2.0,buy,5690.43,BTC-31MAY19-5250-P,64.6,0.0325,2.0,2,1557186107673,18986680,391
2019-05-07 02:27:16.120,0.1,sell,5809.54,BTC-31MAY19-5250-P,66.11,0.0275,0.1,2,1557196036120,18997859,392
2019-05-07 02:55:48.303,0.2,sell,5875.3,BTC-31MAY19-5250-P,66.74,0.025,0.2,3,1557197748303,19006763,394
2019-05-07 02:55:48.303,10.0,sell,5875.3,BTC-31MAY19-5250-P,66.74,0.025,10.0,2,1557197748303,19006762,393
2019-05-07 04:21:51.598,5.0,buy,5869.42,BTC-31MAY19-5250-P,66.5,0.025,5.0,3,1557202911598,19023631,395
2019-05-07 04:32:19.653,3.0,buy,5867.78,BTC-31MAY19-5250-P,67.69,0.026,3.0,0,1557203539653,19024835,396
2019-05-07 05:11:37.108,10.0,sell,5896.82,BTC-31MAY19-5250-P,65.45,0.023,10.0,2,1557205897108,19026477,397
2019-05-07 12:11:19.366,1.0,sell,5896.59,BTC-31MAY19-5250-P,67.16,0.024,1.0,0,1557231079366,19039770,398
2019-05-07 12:12:14.714,1.0,sell,5898.05,BTC-31MAY19-5250-P,67.24,0.024,1.0,1,1557231134714,19039797,399
2019-05-07 13:17:46.484,1.0,sell,5901.19,BTC-31MAY19-5250-P,66.15,0.023,1.0,2,1557235066484,19042436,400
2019-05-07 14:01:22.960,2.0,sell,5962.05,BTC-31MAY19-5250-P,68.1,0.022000000000000002,2.0,2,1557237682960,19045834,401
2019-05-07 14:13:22.505,2.0,buy,5826.85,BTC-31MAY19-5250-P,65.92,0.026000000000000002,2.0,0,1557238402505,19053141,402
2019-05-07 15:49:24.867,3.5,sell,5850.58,BTC-31MAY19-5250-P,65.46,0.0245,3.5,2,1557244164867,19064670,403
2019-05-07 15:49:24.867,5.8,sell,5850.58,BTC-31MAY19-5250-P,65.46,0.0245,5.8,3,1557244164867,19064671,404
2019-05-07 15:49:24.869,0.7000000000000001,buy,5850.58,BTC-31MAY19-5250-P,65.46,0.0245,0.7000000000000001,3,1557244164869,19064672,405
2019-05-07 16:39:19.267,1.8,buy,5878.68,BTC-31MAY19-5250-P,67.73,0.025,1.8,0,1557247159267,19067054,406
2019-05-07 23:57:25.341,0.1,buy,5765.37,BTC-31MAY19-5250-P,70.77,0.0325,0.1,0,1557273445341,19100016,407
2019-05-08 00:09:40.487,0.4,sell,5742.82,BTC-31MAY19-5250-P,67.58,0.031,0.4,2,1557274180487,19111051,408
2019-05-08 05:52:40.665,1.0,buy,5799.64,BTC-31MAY19-5250-P,69.62,0.0295,1.0,3,1557294760665,19131448,410
2019-05-08 05:52:40.665,1.0,buy,5799.64,BTC-31MAY19-5250-P,69.62,0.0295,1.0,2,1557294760665,19131447,409
2019-05-08 07:23:50.410,0.1,sell,5829.17,BTC-31MAY19-5250-P,65.79,0.025,0.1,2,1557300230410,19134249,411
2019-05-08 15:57:10.648,6.5,sell,5895.27,BTC-31MAY19-5250-P,66.06,0.022000000000000002,6.5,3,1557331030648,19155653,413
2019-05-08 15:57:10.648,3.5,sell,5895.27,BTC-31MAY19-5250-P,66.06,0.022000000000000002,3.5,2,1557331030648,19155652,412
2019-05-08 15:57:16.328,5.0,sell,5893.11,BTC-31MAY19-5250-P,65.94,0.022000000000000002,5.0,3,1557331036328,19155666,414
2019-05-08 17:41:29.286,1.0,sell,5880.37,BTC-31MAY19-5250-P,67.37,0.0235,1.0,0,1557337289286,19162145,415
2019-05-08 17:41:43.095,0.4,buy,5882.0,BTC-31MAY19-5250-P,68.13,0.024,0.4,0,1557337303095,19162168,416
2019-05-08 17:42:11.535,0.5,sell,5885.41,BTC-31MAY19-5250-P,68.33,0.024,0.5,1,1557337331535,19162185,418
2019-05-08 17:42:11.535,3.6,sell,5885.41,BTC-31MAY19-5250-P,68.33,0.024,3.6,1,1557337331535,19162184,417
2019-05-08 18:05:11.615,0.5,sell,5881.99,BTC-31MAY19-5250-P,68.16,0.024,0.5,1,1557338711615,19162836,420
2019-05-08 18:05:11.615,1.0,sell,5881.99,BTC-31MAY19-5250-P,68.16,0.024,1.0,1,1557338711615,19162835,419
2019-05-08 19:26:35.015,0.4,sell,5888.57,BTC-31MAY19-5250-P,67.27,0.023,0.4,2,1557343595015,19165752,421
2019-05-08 19:30:52.159,0.6,sell,5898.63,BTC-31MAY19-5250-P,67.83,0.023,0.6,3,1557343852159,19166091,422
2019-05-08 19:31:44.622,0.4,sell,5901.7,BTC-31MAY19-5250-P,64.55,0.0205,0.4,2,1557343904622,19166120,423
2019-05-08 19:31:44.622,0.6,sell,5901.7,BTC-31MAY19-5250-P,64.55,0.0205,0.6,3,1557343904622,19166121,424
2019-05-08 19:38:09.097,10.0,sell,5904.83,BTC-31MAY19-5250-P,65.43,0.021,10.0,0,1557344289097,19166686,425
2019-05-08 19:55:22.944,1.0,sell,5904.8,BTC-31MAY19-5250-P,64.74,0.0205,1.0,2,1557345322944,19167598,426
2019-05-09 00:44:15.548,1.0,sell,5959.46,BTC-31MAY19-5250-P,65.81,0.019,1.0,2,1557362655548,19197244,427
2019-05-09 02:18:23.366,1.0,sell,6048.63,BTC-31MAY19-5250-P,66.65,0.0165,1.0,2,1557368303366,19216044,428
2019-05-09 02:46:05.539,19.3,sell,6046.67,BTC-31MAY19-5250-P,67.37,0.017,19.3,0,1557369965539,19216922,429
2019-05-09 02:46:05.539,0.4,sell,6046.67,BTC-31MAY19-5250-P,66.59,0.0165,0.4,2,1557369965539,19216923,430
2019-05-09 02:46:33.471,19.3,sell,6046.38,BTC-31MAY19-5250-P,66.57,0.0165,19.3,3,1557369993471,19216962,431
2019-05-09 04:44:45.445,7.0,buy,6051.87,BTC-31MAY19-5250-P,66.17,0.016,7.0,2,1557377085445,19220159,432
2019-05-09 05:13:03.566,5.0,buy,6067.58,BTC-31MAY19-5250-P,66.97,0.016,5.0,3,1557378783566,19221950,433
2019-05-09 05:53:29.628,1.0,buy,6050.57,BTC-31MAY19-5250-P,70.1,0.0185,1.0,0,1557381209628,19223810,434
2019-05-09 06:07:28.673,19.3,sell,6037.38,BTC-31MAY19-5250-P,67.12,0.017,19.3,3,1557382048673,19224396,436
2019-05-09 06:07:28.673,0.4,sell,6037.38,BTC-31MAY19-5250-P,67.12,0.017,0.4,2,1557382048673,19224395,435
2019-05-09 06:14:26.287,0.4,sell,6033.88,BTC-31MAY19-5250-P,66.16,0.0165,0.4,3,1557382466287,19224706,438
2019-05-09 06:14:26.287,19.3,sell,6033.88,BTC-31MAY19-5250-P,66.16,0.0165,19.3,2,1557382466287,19224705,437
2019-05-09 07:34:56.628,3.0,buy,6060.17,BTC-31MAY19-5250-P,69.15,0.0175,3.0,0,1557387296628,19226608,439
2019-05-09 08:55:49.097,0.4,sell,6055.5,BTC-31MAY19-5250-P,67.41,0.0165,0.4,2,1557392149097,19229134,440
2019-05-09 08:56:13.868,0.6,sell,6055.09,BTC-31MAY19-5250-P,65.78,0.0155,0.6,2,1557392173868,19229135,441
2019-05-09 09:06:03.476,7.1000000000000005,buy,6039.92,BTC-31MAY19-5250-P,69.0,0.018000000000000002,7.1000000000000005,0,1557392763476,19231417,442
2019-05-09 09:07:04.453,1.0,buy,6036.24,BTC-31MAY19-5250-P,68.81,0.018000000000000002,1.0,1,1557392824453,19231621,443
2019-05-09 10:41:04.766,1.0,buy,6058.01,BTC-31MAY19-5250-P,69.24,0.0175,1.0,2,1557398464766,19234028,444
2019-05-09 11:30:33.178,0.2,buy,6027.18,BTC-31MAY19-5250-P,68.51,0.018000000000000002,0.2,0,1557401433178,19236187,445
2019-05-09 13:07:30.117,10.0,buy,5977.68,BTC-31MAY19-5250-P,66.04,0.018000000000000002,10.0,1,1557407250117,19244274,446
2019-05-09 13:08:00.328,10.0,buy,5967.8,BTC-31MAY19-5250-P,65.53,0.018000000000000002,10.0,1,1557407280328,19244517,447
2019-05-09 13:08:10.456,4.0,buy,5966.59,BTC-31MAY19-5250-P,65.46,0.018000000000000002,4.0,1,1557407290456,19244901,448
2019-05-09 13:08:14.912,5.3,buy,5963.04,BTC-31MAY19-5250-P,65.28,0.018000000000000002,5.3,1,1557407294912,19245005,449
2019-05-09 14:07:28.055,10.0,buy,6006.37,BTC-31MAY19-5250-P,69.13,0.019,10.0,0,1557410848055,19249227,450
2019-05-09 17:42:42.785,1.0,sell,6052.66,BTC-31MAY19-5250-P,67.84,0.0165,1.0,2,1557423762785,19256173,451
2019-05-09 18:46:59.931,0.2,sell,6049.89,BTC-31MAY19-5250-P,66.96,0.016,0.2,2,1557427619931,19258822,452
2019-05-09 20:47:55.187,0.8,sell,6074.86,BTC-31MAY19-5250-P,66.68,0.015,0.8,2,1557434875187,19263048,453
2019-05-09 20:47:55.187,19.2,sell,6074.86,BTC-31MAY19-5250-P,65.84,0.0145,19.2,2,1557434875187,19263049,454
2019-05-09 22:14:18.677,5.0,buy,6134.01,BTC-31MAY19-5250-P,66.13,0.013000000000000001,5.0,2,1557440058677,19272316,455
2019-05-09 22:29:24.573,5.0,buy,6135.74,BTC-31MAY19-5250-P,67.13,0.0135,5.0,0,1557440964573,19273261,456
2019-05-10 01:55:54.462,2.0,sell,6160.03,BTC-31MAY19-5250-P,69.39,0.013999999999999999,2.0,0,1557453354462,19287622,457
2019-05-10 01:56:19.817,1.0,sell,6161.28,BTC-31MAY19-5250-P,69.45,0.013999999999999999,1.0,1,1557453379817,19287700,458
2019-05-10 01:57:05.272,1.0,sell,6166.0,BTC-31MAY19-5250-P,69.68,0.013999999999999999,1.0,1,1557453425272,19287878,459
2019-05-10 01:59:16.739,6.0,sell,6170.55,BTC-31MAY19-5250-P,69.89,0.013999999999999999,6.0,1,1557453556739,19288228,460
2019-05-10 06:52:57.178,3.0,buy,6275.6,BTC-31MAY19-5250-P,74.19,0.0135,3.0,2,1557471177178,19327795,461
2019-05-10 09:30:14.983,10.0,buy,6265.17,BTC-31MAY19-5250-P,75.77,0.0145,10.0,0,1557480614983,19346056,462
2019-05-10 09:30:36.358,10.0,buy,6259.1,BTC-31MAY19-5250-P,75.49,0.0145,10.0,1,1557480636358,19346079,463
2019-05-10 10:05:50.148,5.0,sell,6308.7,BTC-31MAY19-5250-P,75.93,0.0135,5.0,2,1557482750148,19347538,464
2019-05-10 11:46:43.487,5.0,sell,6287.94,BTC-31MAY19-5250-P,74.16,0.013000000000000001,5.0,2,1557488803487,19351626,465
2019-05-10 16:12:12.610,1.0,sell,6343.21,BTC-31MAY19-5250-P,74.97,0.012,1.0,2,1557504732610,19370255,466
2019-05-10 16:52:55.228,0.5,sell,6427.01,BTC-31MAY19-5250-P,75.45,0.0105,0.5,2,1557507175228,19378113,467
2019-05-10 18:34:21.440,0.5,buy,6404.37,BTC-31MAY19-5250-P,77.83,0.012,0.5,0,1557513261440,19389666,468
2019-05-10 18:34:21.440,0.5,buy,6404.37,BTC-31MAY19-5250-P,77.83,0.012,0.5,1,1557513261440,19389667,469
2019-05-10 18:35:38.594,1.0,sell,6404.28,BTC-31MAY19-5250-P,76.78,0.0115,1.0,2,1557513338594,19389709,470
2019-05-10 18:36:25.401,1.0,sell,6403.16,BTC-31MAY19-5250-P,76.73,0.0115,1.0,3,1557513385401,19389742,471
2019-05-10 18:36:30.339,1.0,sell,6403.13,BTC-31MAY19-5250-P,76.73,0.0115,1.0,3,1557513390339,19389743,472
2019-05-10 20:08:36.305,0.1,buy,6368.04,BTC-31MAY19-5250-P,77.39,0.0125,0.1,0,1557518916305,19395693,473
2019-05-10 23:09:36.275,0.1,sell,6374.61,BTC-31MAY19-5250-P,73.7,0.0105,0.1,2,1557529776275,19414625,474
2019-05-11 01:56:22.019,0.1,buy,6465.2,BTC-31MAY19-5250-P,79.98,0.0115,0.1,0,1557539782019,19423824,475
2019-05-11 02:56:05.170,19.4,sell,6496.29,BTC-31MAY19-5250-P,79.15,0.0105,19.4,2,1557543365170,19431553,476
2019-05-11 02:56:05.170,5.6000000000000005,sell,6496.29,BTC-31MAY19-5250-P,79.15,0.0105,5.6000000000000005,3,1557543365170,19431554,477
2019-05-11 03:07:40.832,14.4,sell,6543.72,BTC-31MAY19-5250-P,81.13,0.0105,14.4,3,1557544060832,19435339,478
2019-05-11 03:07:40.861,5.0,sell,6543.72,BTC-31MAY19-5250-P,79.96,0.01,5.0,3,1557544060861,19435342,480
2019-05-11 03:07:40.861,20.0,sell,6543.72,BTC-31MAY19-5250-P,79.96,0.01,20.0,2,1557544060861,19435341,479
2019-05-11 03:07:42.187,15.0,sell,6543.72,BTC-31MAY19-5250-P,79.96,0.01,15.0,3,1557544062187,19435346,481
2019-05-11 03:11:13.289,20.0,sell,6544.12,BTC-31MAY19-5250-P,78.78,0.0095,20.0,2,1557544273289,19435865,482
2019-05-11 06:11:44.902,3.0,sell,6844.01,BTC-31MAY19-5250-P,86.67,0.008,3.0,2,1557555104902,19483308,483
2019-05-11 06:11:49.556,3.1,sell,6845.8,BTC-31MAY19-5250-P,86.74,0.008,3.1,3,1557555109556,19483451,484
2019-05-11 06:12:02.763,3.9,sell,6860.64,BTC-31MAY19-5250-P,87.28,0.008,3.9,3,1557555122763,19484078,485
2019-05-11 06:12:03.630,4.0,sell,6859.46,BTC-31MAY19-5250-P,87.24,0.008,4.0,3,1557555123630,19484092,486
2019-05-11 06:12:16.645,0.5,sell,6872.99,BTC-31MAY19-5250-P,87.74,0.008,0.5,3,1557555136645,19484579,487
2019-05-11 06:24:36.936,3.0,sell,6937.8,BTC-31MAY19-5250-P,90.12,0.008,3.0,3,1557555876936,19493765,488
2019-05-11 06:28:03.927,3.0,sell,6939.78,BTC-31MAY19-5250-P,90.19,0.008,3.0,3,1557556083927,19496786,489
2019-05-11 06:28:13.407,3.2,sell,6950.78,BTC-31MAY19-5250-P,90.59,0.008,3.2,3,1557556093407,19496969,490
2019-05-11 06:28:13.592,1.9,sell,6950.78,BTC-31MAY19-5250-P,90.59,0.008,1.9,3,1557556093592,19496973,492
2019-05-11 06:28:13.592,1.3,sell,6950.78,BTC-31MAY19-5250-P,90.59,0.008,1.3,3,1557556093592,19496972,491
2019-05-11 06:28:33.392,3.5,sell,6962.07,BTC-31MAY19-5250-P,91.0,0.008,3.5,3,1557556113392,19497506,493
2019-05-11 06:28:33.878,3.5,sell,6960.44,BTC-31MAY19-5250-P,90.94,0.008,3.5,3,1557556113878,19497517,494
2019-05-11 06:28:33.887,3.5,sell,6960.44,BTC-31MAY19-5250-P,90.94,0.008,3.5,3,1557556113887,19497518,495
2019-05-11 06:28:33.903,3.4,sell,6960.44,BTC-31MAY19-5250-P,90.94,0.008,3.4,3,1557556113903,19497519,496
2019-05-11 06:28:33.921,3.4,sell,6960.44,BTC-31MAY19-5250-P,90.94,0.008,3.4,3,1557556113921,19497522,497
2019-05-11 06:29:28.449,1.0,sell,6949.69,BTC-31MAY19-5250-P,90.55,0.008,1.0,3,1557556168449,19498291,498
2019-05-11 06:32:11.869,0.5,sell,6933.75,BTC-31MAY19-5250-P,89.98,0.008,0.5,3,1557556331869,19500221,499
2019-05-11 06:32:12.257,0.5,sell,6933.75,BTC-31MAY19-5250-P,89.98,0.008,0.5,3,1557556332257,19500223,500
2019-05-11 06:40:18.150,2.0,sell,6872.68,BTC-31MAY19-5250-P,87.77,0.008,2.0,3,1557556818150,19505794,501
2019-05-11 07:55:08.370,1.0,buy,6791.46,BTC-31MAY19-5250-P,92.78,0.011000000000000001,1.0,0,1557561308370,19529562,502
2019-05-11 07:56:00.315,0.9,sell,6798.8,BTC-31MAY19-5250-P,85.15,0.008,0.9,2,1557561360315,19529655,503
2019-05-11 10:22:53.580,5.9,sell,6831.26,BTC-31MAY19-5250-P,86.58,0.008,5.9,3,1557570173580,19549913,504
2019-05-11 11:21:58.787,5.0,buy,6808.24,BTC-31MAY19-5250-P,95.02,0.0115,5.0,0,1557573718787,19556271,505
2019-05-11 11:22:25.546,5.0,buy,6805.92,BTC-31MAY19-5250-P,96.14,0.012,5.0,0,1557573745546,19556323,506
2019-05-11 11:24:44.773,5.0,sell,6805.98,BTC-31MAY19-5250-P,94.94,0.0115,5.0,2,1557573884773,19556494,507
2019-05-11 12:35:35.460,8.700000000000001,sell,6763.56,BTC-31MAY19-5250-P,90.88,0.0105,8.700000000000001,2,1557578135460,19563858,508
2019-05-11 12:35:35.460,20.0,sell,6763.56,BTC-31MAY19-5250-P,90.88,0.0105,20.0,3,1557578135460,19563859,509
2019-05-11 13:01:58.631,0.1,buy,6782.46,BTC-31MAY19-5250-P,97.72,0.013000000000000001,0.1,0,1557579718631,19566332,510
2019-05-11 15:09:51.919,4.8,sell,6776.61,BTC-31MAY19-5250-P,86.37,0.0085,4.8,2,1557587391919,19577007,511
2019-05-11 15:13:11.469,0.5,sell,6783.31,BTC-31MAY19-5250-P,85.22,0.008,0.5,2,1557587591469,19577204,512
2019-05-11 15:13:11.538,0.5,sell,6783.31,BTC-31MAY19-5250-P,85.22,0.008,0.5,3,1557587591538,19577207,513
2019-05-11 15:13:11.591,0.5,sell,6783.31,BTC-31MAY19-5250-P,85.22,0.008,0.5,3,1557587591591,19577210,514
2019-05-11 15:13:11.669,0.5,sell,6783.31,BTC-31MAY19-5250-P,85.22,0.008,0.5,3,1557587591669,19577213,515
2019-05-11 15:56:59.353,5.0,sell,6921.89,BTC-31MAY19-5250-P,88.93,0.0075,5.0,2,1557590219353,19587961,516
2019-05-11 17:26:07.537,10.0,buy,6965.99,BTC-31MAY19-5250-P,96.53,0.0095,10.0,0,1557595567537,19615510,517
2019-05-11 20:11:06.922,0.5,buy,6969.48,BTC-31MAY19-5250-P,94.08,0.0085,0.5,2,1557605466922,19635209,518
2019-05-11 20:11:53.051,0.5,buy,6969.78,BTC-31MAY19-5250-P,95.55,0.009000000000000001,0.5,0,1557605513051,19635223,519
2019-05-11 20:57:10.765,20.0,sell,6968.04,BTC-31MAY19-5250-P,89.5,0.006999999999999999,20.0,2,1557608230765,19638061,520
2019-05-11 20:57:10.765,1.0,sell,6968.04,BTC-31MAY19-5250-P,89.5,0.006999999999999999,1.0,3,1557608230765,19638062,521
2019-05-11 22:17:40.628,0.5,buy,7124.47,BTC-31MAY19-5250-P,99.94,0.0085,0.5,0,1557613060628,19661576,522
2019-05-11 22:18:04.730,4.5,sell,7130.89,BTC-31MAY19-5250-P,100.17,0.0085,4.5,1,1557613084730,19661674,523
2019-05-11 22:20:49.226,5.0,sell,7151.11,BTC-31MAY19-5250-P,100.9,0.0085,5.0,1,1557613249226,19662433,524
2019-05-12 00:18:22.895,3.4,sell,7290.59,BTC-31MAY19-5250-P,110.67,0.01,3.4,0,1557620302895,19738414,525
2019-05-12 00:28:04.654,3.3000000000000003,sell,7213.71,BTC-31MAY19-5250-P,110.76,0.011000000000000001,3.3000000000000003,0,1557620884654,19742835,526
2019-05-12 01:41:14.399,0.2,sell,7174.48,BTC-31MAY19-5250-P,112.17,0.012,0.2,0,1557625274399,19778630,527
2019-05-12 01:48:02.882,0.5,sell,7200.18,BTC-31MAY19-5250-P,113.16,0.012,0.5,1,1557625682882,19781276,528
2019-05-12 01:48:16.165,0.5,sell,7200.98,BTC-31MAY19-5250-P,113.19,0.012,0.5,1,1557625696165,19781312,529
2019-05-12 01:48:16.222,0.5,sell,7200.98,BTC-31MAY19-5250-P,113.19,0.012,0.5,1,1557625696222,19781313,530
2019-05-12 01:48:16.254,0.5,sell,7200.98,BTC-31MAY19-5250-P,113.19,0.012,0.5,1,1557625696254,19781314,531
2019-05-12 01:48:16.275,0.5,sell,7200.98,BTC-31MAY19-5250-P,113.19,0.012,0.5,1,1557625696275,19781315,532
2019-05-12 01:49:00.407,0.5,sell,7194.03,BTC-31MAY19-5250-P,112.93,0.012,0.5,1,1557625740407,19781443,533
2019-05-12 01:54:24.502,0.5,sell,7200.28,BTC-31MAY19-5250-P,113.18,0.012,0.5,1,1557626064502,19782067,534
2019-05-12 01:54:32.367,0.5,sell,7200.59,BTC-31MAY19-5250-P,113.19,0.012,0.5,1,1557626072367,19782074,535
2019-05-12 01:55:07.258,0.5,sell,7200.11,BTC-31MAY19-5250-P,113.17,0.012,0.5,1,1557626107258,19782116,536
2019-05-12 01:55:07.287,0.5,sell,7200.11,BTC-31MAY19-5250-P,113.17,0.012,0.5,1,1557626107287,19782117,537
2019-05-12 01:55:07.320,0.5,sell,7200.11,BTC-31MAY19-5250-P,113.17,0.012,0.5,1,1557626107320,19782119,538
2019-05-12 01:55:07.335,0.5,sell,7200.11,BTC-31MAY19-5250-P,113.17,0.012,0.5,1,1557626107335,19782120,539
2019-05-12 01:55:59.530,0.5,sell,7196.96,BTC-31MAY19-5250-P,113.06,0.012,0.5,1,1557626159530,19782145,540
2019-05-12 01:55:59.569,0.5,sell,7196.96,BTC-31MAY19-5250-P,113.06,0.012,0.5,1,1557626159569,19782146,541
2019-05-12 01:59:51.751,10.0,sell,7193.94,BTC-31MAY19-5250-P,112.95,0.012,10.0,1,1557626391751,19783280,542
2019-05-12 02:15:56.067,1.0,sell,7223.15,BTC-31MAY19-5250-P,114.09,0.012,1.0,1,1557627356067,19786114,543
2019-05-12 02:26:11.918,0.1,sell,7258.2,BTC-31MAY19-5250-P,115.43,0.012,0.1,1,1557627971918,19787541,544
2019-05-12 02:28:34.068,5.0,sell,7253.41,BTC-31MAY19-5250-P,115.26,0.012,5.0,1,1557628114068,19787820,546
2019-05-12 02:28:34.068,6.7,sell,7253.41,BTC-31MAY19-5250-P,115.26,0.012,6.7,1,1557628114068,19787819,545
2019-05-12 02:30:33.153,3.0,sell,7247.61,BTC-31MAY19-5250-P,113.67,0.0115,3.0,2,1557628233153,19788115,547
2019-05-12 04:46:13.910,3.0,sell,7189.85,BTC-31MAY19-5250-P,113.13,0.012,3.0,0,1557636373910,19807414,548
2019-05-12 05:15:44.136,0.5,sell,7241.82,BTC-31MAY19-5250-P,115.17,0.012,0.5,1,1557638144136,19809373,549
2019-05-12 05:19:28.648,0.5,sell,7226.95,BTC-31MAY19-5250-P,114.61,0.012,0.5,1,1557638368648,19809632,550
2019-05-12 05:19:29.288,0.5,sell,7227.69,BTC-31MAY19-5250-P,114.64,0.012,0.5,1,1557638369288,19809637,551
2019-05-12 05:28:59.964,0.5,sell,7258.67,BTC-31MAY19-5250-P,115.83,0.012,0.5,1,1557638939964,19810137,552
2019-05-12 05:29:42.864,0.5,sell,7272.5,BTC-31MAY19-5250-P,116.35,0.012,0.5,1,1557638982864,19810687,553
2019-05-12 05:29:48.015,0.5,sell,7275.3,BTC-31MAY19-5250-P,116.46,0.012,0.5,1,1557638988015,19810717,554
2019-05-12 05:29:48.062,0.5,sell,7275.3,BTC-31MAY19-5250-P,116.46,0.012,0.5,1,1557638988062,19810718,555
2019-05-12 05:29:48.082,0.5,sell,7275.3,BTC-31MAY19-5250-P,116.46,0.012,0.5,1,1557638988082,19810719,556
2019-05-12 05:36:59.727,0.5,sell,7296.31,BTC-31MAY19-5250-P,117.26,0.012,0.5,1,1557639419727,19812404,557
2019-05-12 05:37:03.461,0.5,sell,7297.75,BTC-31MAY19-5250-P,117.32,0.012,0.5,1,1557639423461,19812415,558
2019-05-12 05:37:03.527,0.5,sell,7297.75,BTC-31MAY19-5250-P,117.32,0.012,0.5,1,1557639423527,19812416,559
2019-05-12 05:37:03.544,0.5,sell,7297.75,BTC-31MAY19-5250-P,117.32,0.012,0.5,1,1557639423544,19812417,560
2019-05-12 05:37:03.560,0.5,sell,7297.75,BTC-31MAY19-5250-P,117.32,0.012,0.5,1,1557639423560,19812418,561
2019-05-12 05:37:03.599,0.5,sell,7297.75,BTC-31MAY19-5250-P,117.32,0.012,0.5,1,1557639423599,19812419,562
2019-05-12 05:37:03.613,0.5,sell,7297.75,BTC-31MAY19-5250-P,117.32,0.012,0.5,1,1557639423613,19812420,563
2019-05-12 05:37:03.626,0.5,sell,7297.75,BTC-31MAY19-5250-P,117.32,0.012,0.5,1,1557639423626,19812421,564
2019-05-12 05:37:03.649,0.5,sell,7297.75,BTC-31MAY19-5250-P,117.32,0.012,0.5,1,1557639423649,19812422,565
2019-05-12 05:37:03.664,0.5,sell,7297.75,BTC-31MAY19-5250-P,117.32,0.012,0.5,1,1557639423664,19812423,566
2019-05-12 05:37:03.685,0.5,sell,7297.75,BTC-31MAY19-5250-P,117.32,0.012,0.5,1,1557639423685,19812424,567
2019-05-12 05:37:03.704,0.5,sell,7297.75,BTC-31MAY19-5250-P,117.32,0.012,0.5,1,1557639423704,19812425,568
2019-05-12 05:37:03.736,0.5,sell,7297.75,BTC-31MAY19-5250-P,117.32,0.012,0.5,1,1557639423736,19812426,569
2019-05-12 05:37:03.754,0.5,sell,7297.75,BTC-31MAY19-5250-P,117.32,0.012,0.5,1,1557639423754,19812427,570
2019-05-12 05:37:03.811,0.5,sell,7297.87,BTC-31MAY19-5250-P,117.32,0.012,0.5,1,1557639423811,19812428,571
2019-05-12 05:37:03.886,0.5,sell,7297.87,BTC-31MAY19-5250-P,117.32,0.012,0.5,1,1557639423886,19812429,572
2019-05-12 05:37:03.979,0.5,sell,7297.87,BTC-31MAY19-5250-P,117.32,0.012,0.5,1,1557639423979,19812430,573
2019-05-12 05:37:14.185,0.5,sell,7299.42,BTC-31MAY19-5250-P,117.38,0.012,0.5,1,1557639434185,19812527,574
2019-05-12 05:37:14.210,0.5,sell,7299.42,BTC-31MAY19-5250-P,117.38,0.012,0.5,1,1557639434210,19812529,575
2019-05-12 05:37:14.223,0.5,sell,7299.42,BTC-31MAY19-5250-P,117.38,0.012,0.5,1,1557639434223,19812530,576
2019-05-12 05:37:14.812,0.5,sell,7298.97,BTC-31MAY19-5250-P,117.36,0.012,0.5,1,1557639434812,19812536,577
2019-05-12 05:40:38.389,0.5,sell,7345.54,BTC-31MAY19-5250-P,119.11,0.012,0.5,1,1557639638389,19813779,578
2019-05-12 05:40:38.422,0.5,sell,7345.54,BTC-31MAY19-5250-P,119.11,0.012,0.5,1,1557639638422,19813780,579
2019-05-12 05:40:38.454,0.5,sell,7345.54,BTC-31MAY19-5250-P,119.11,0.012,0.5,1,1557639638454,19813782,580
2019-05-12 05:40:38.471,0.5,sell,7345.54,BTC-31MAY19-5250-P,119.11,0.012,0.5,1,1557639638471,19813783,581
2019-05-12 05:40:38.490,0.5,sell,7345.54,BTC-31MAY19-5250-P,119.11,0.012,0.5,1,1557639638490,19813784,582
2019-05-12 05:40:38.521,0.5,sell,7345.54,BTC-31MAY19-5250-P,119.11,0.012,0.5,1,1557639638521,19813785,583
2019-05-12 06:01:23.410,0.5,sell,7344.88,BTC-31MAY19-5250-P,119.13,0.012,0.5,1,1557640883410,19817711,584
2019-05-12 06:20:29.702,0.5,sell,7357.75,BTC-31MAY19-5250-P,119.65,0.012,0.5,1,1557642029702,19820203,585
2019-05-12 06:45:33.023,0.5,sell,7377.17,BTC-31MAY19-5250-P,120.42,0.012,0.5,1,1557643533023,19826184,586
2019-05-12 06:45:43.239,0.5,sell,7377.31,BTC-31MAY19-5250-P,120.43,0.012,0.5,1,1557643543239,19826186,587
2019-05-12 06:45:43.277,0.5,sell,7377.31,BTC-31MAY19-5250-P,120.43,0.012,0.5,1,1557643543277,19826187,588
2019-05-12 07:17:52.121,0.5,sell,7481.38,BTC-31MAY19-5250-P,124.31,0.012,0.5,1,1557645472121,19833729,589
2019-05-12 07:19:22.511,0.5,sell,7489.86,BTC-31MAY19-5250-P,124.62,0.012,0.5,1,1557645562511,19834140,590
2019-05-12 07:21:36.924,1.0,sell,7503.53,BTC-31MAY19-5250-P,125.12,0.012,1.0,1,1557645696924,19834451,591
2019-05-12 07:27:29.619,7.0,sell,7524.65,BTC-31MAY19-5250-P,124.43,0.0115,7.0,2,1557646049619,19835859,592
2019-05-12 07:29:13.712,20.0,sell,7519.71,BTC-31MAY19-5250-P,113.06,0.008,20.0,2,1557646153712,19836379,593
2019-05-12 07:46:40.927,1.0,sell,7510.84,BTC-31MAY19-5250-P,105.35,0.006,1.0,2,1557647200927,19840034,594
2019-05-12 07:46:40.927,0.5,sell,7510.84,BTC-31MAY19-5250-P,105.35,0.006,0.5,3,1557647200927,19840035,595
2019-05-12 07:46:51.011,0.5,sell,7513.53,BTC-31MAY19-5250-P,105.43,0.006,0.5,3,1557647211011,19840130,596
2019-05-12 07:47:26.518,0.5,sell,7521.96,BTC-31MAY19-5250-P,101.49,0.005,0.5,2,1557647246518,19840288,597
2019-05-12 07:47:34.733,0.5,sell,7523.03,BTC-31MAY19-5250-P,103.68,0.0055,0.5,0,1557647254733,19840305,598
2019-05-12 07:47:46.425,0.5,sell,7524.02,BTC-31MAY19-5250-P,101.56,0.005,0.5,2,1557647266425,19840324,599
2019-05-12 07:47:47.636,0.5,sell,7523.82,BTC-31MAY19-5250-P,101.55,0.005,0.5,3,1557647267636,19840330,600
2019-05-12 07:47:49.580,0.5,sell,7522.6,BTC-31MAY19-5250-P,96.83,0.004,0.5,2,1557647269580,19840372,601
2019-05-12 07:47:54.071,0.5,sell,7517.4,BTC-31MAY19-5250-P,101.35,0.005,0.5,0,1557647274071,19840395,602
2019-05-12 09:16:39.888,0.5,sell,7414.97,BTC-31MAY19-5250-P,100.42,0.0055,0.5,0,1557652599888,19872385,603
2019-05-12 09:51:11.791,0.5,sell,7360.79,BTC-31MAY19-5250-P,92.15,0.004,0.5,2,1557654671791,19890770,604
