date_utc,amount,direction,indexPrice,instrument,iv,price,quantity,tickDirection,timeStamp,tradeId,tradeSeq
2019-04-02 18:46:04.508,57.0,sell,158.21,ETH-28JUN19-280-C,76.4,0.015,57.0,1,1554230764508,312656,1
2019-04-04 03:06:39.910,1.0,sell,160.57,ETH-28JUN19-280-C,82.11,0.021,1.0,0,1554347199910,430958,2
2019-04-05 17:14:53.737,1.0,buy,164.93,ETH-28JUN19-280-C,82.32,0.024,1.0,0,1554484493737,484285,3
2019-04-06 14:13:49.881,1.0,buy,164.04,ETH-28JUN19-280-C,82.05,0.022,1.0,2,1554560029881,500180,4
2019-04-08 02:49:56.115,48.0,buy,183.73,ETH-28JUN19-280-C,85.45,0.046,48.0,0,1554691796115,601739,5
2019-04-08 02:49:56.372,48.0,buy,183.73,ETH-28JUN19-280-C,85.45,0.046,48.0,1,1554691796372,601743,6
2019-04-08 02:59:43.028,48.0,buy,182.66,ETH-28JUN19-280-C,88.3,0.05,48.0,0,1554692383028,602901,7
2019-04-08 02:59:43.342,48.0,buy,182.66,ETH-28JUN19-280-C,88.3,0.05,48.0,1,1554692383342,602917,8
2019-04-08 02:59:43.448,48.0,buy,182.66,ETH-28JUN19-280-C,88.3,0.05,48.0,1,1554692383448,602930,9
2019-04-08 02:59:43.499,10.0,buy,182.66,ETH-28JUN19-280-C,88.3,0.05,10.0,1,1554692383499,602935,10
2019-04-08 02:59:43.534,48.0,sell,182.66,ETH-28JUN19-280-C,88.3,0.05,48.0,1,1554692383534,602939,11
2019-04-08 07:14:00.344,48.0,buy,179.83,ETH-28JUN19-280-C,84.69,0.04,48.0,2,1554707640344,616032,12
2019-04-08 08:55:34.219,1.0,sell,179.99,ETH-28JUN19-280-C,76.67,0.03,1.0,2,1554713734219,621172,13
2019-04-08 11:10:04.372,54.0,sell,177.97,ETH-28JUN19-280-C,82.19,0.035,54.0,0,1554721804372,625953,14
2019-04-08 20:57:46.265,72.0,buy,181.85,ETH-28JUN19-280-C,84.73,0.041,72.0,0,1554757066265,660260,15
2019-04-09 15:21:11.394,72.0,sell,177.63,ETH-28JUN19-280-C,78.37,0.029,72.0,2,1554823271394,702329,16
2019-04-09 15:26:39.511,72.0,buy,177.84,ETH-28JUN19-280-C,78.96,0.03,72.0,0,1554823599511,702602,17
2019-04-11 10:58:23.827,120.0,buy,165.46,ETH-28JUN19-280-C,83.55,0.023,120.0,2,1554980303827,819565,18
2019-04-11 20:35:52.151,100.0,buy,165.31,ETH-28JUN19-280-C,82.14,0.02,100.0,2,1555014952151,845552,19
2019-04-11 21:43:22.483,99.0,buy,164.12,ETH-28JUN19-280-C,82.97,0.02,99.0,3,1555019002483,847000,20
2019-04-11 21:52:28.542,70.0,buy,164.02,ETH-28JUN19-280-C,83.93,0.021,70.0,0,1555019548542,847118,21
2019-04-11 21:55:04.452,2.0,sell,163.99,ETH-28JUN19-280-C,84.04,0.021,2.0,1,1555019704452,847165,22
2019-04-12 08:25:36.987,60.0,sell,163.73,ETH-28JUN19-280-C,81.19,0.018000000000000002,60.0,2,1555057536987,867868,23
2019-04-13 09:21:23.374,15.0,buy,164.38,ETH-28JUN19-280-C,84.24,0.02,15.0,0,1555147283374,906616,24
2019-04-18 17:35:59.945,60.0,buy,175.11,ETH-28JUN19-280-C,82.02,0.023,60.0,1,1555608959945,1069527,27
2019-04-18 17:35:59.945,150.0,buy,175.11,ETH-28JUN19-280-C,82.02,0.023,150.0,1,1555608959945,1069526,26
2019-04-18 17:35:59.945,150.0,buy,175.11,ETH-28JUN19-280-C,82.02,0.023,150.0,0,1555608959945,1069525,25
2019-04-18 18:22:34.317,40.0,buy,175.3,ETH-28JUN19-280-C,82.02,0.023,40.0,1,1555611754317,1070861,28
2019-04-18 19:26:07.499,150.0,buy,175.42,ETH-28JUN19-280-C,83.04,0.024,150.0,0,1555615567499,1071515,29
2019-04-18 19:26:07.499,50.0,buy,175.42,ETH-28JUN19-280-C,83.04,0.024,50.0,1,1555615567499,1071516,30
2019-04-19 01:05:55.741,35.0,sell,171.68,ETH-28JUN19-280-C,82.87,0.021,35.0,2,1555635955741,1080003,31
2019-04-19 04:07:51.421,50.0,buy,171.59,ETH-28JUN19-280-C,84.1,0.022,50.0,0,1555646871421,1083806,32
2019-04-19 12:50:42.341,50.0,sell,172.02,ETH-28JUN19-280-C,81.79,0.02,50.0,2,1555678242341,1093014,33
2019-04-19 15:49:45.530,50.0,buy,172.67,ETH-28JUN19-280-C,83.55,0.022000000000000002,50.0,0,1555688985530,1096440,34
2019-04-21 08:20:08.407,24.0,sell,170.58,ETH-28JUN19-280-C,83.87,0.02,24.0,2,1555834808407,1132809,35
2019-04-23 03:13:58.257,100.0,buy,172.56,ETH-28JUN19-280-C,83.86,0.02,100.0,3,1555989238257,1171180,36
2019-04-30 01:57:35.436,3.0,buy,154.23,ETH-28JUN19-280-C,86.83,0.009000000000000001,3.0,2,1556589455436,1342364,37
2019-05-03 09:13:12.940,50.0,buy,163.95,ETH-28JUN19-280-C,82.56,0.009000000000000001,50.0,3,1556874792940,1425542,38
2019-05-03 09:15:08.328,100.0,buy,164.7,ETH-28JUN19-280-C,84.3,0.01,100.0,0,1556874908328,1426528,39
2019-05-03 10:20:59.751,50.0,buy,166.65,ETH-28JUN19-280-C,86.38,0.012,50.0,0,1556878859751,1438142,40
2019-05-03 20:05:23.286,100.0,buy,166.0,ETH-28JUN19-280-C,82.83,0.01,100.0,2,1556913923286,1448230,41
2019-05-04 22:37:27.478,20.0,buy,163.45,ETH-28JUN19-280-C,86.1,0.01,20.0,3,1557009447478,1477572,42
2019-05-06 11:30:25.239,60.0,buy,162.75,ETH-28JUN19-280-C,89.12,0.011000000000000001,60.0,0,1557142225239,1510251,43
2019-05-06 11:30:25.239,40.0,buy,162.75,ETH-28JUN19-280-C,89.12,0.011000000000000001,40.0,1,1557142225239,1510252,44
2019-05-06 14:36:59.461,120.0,buy,165.52,ETH-28JUN19-280-C,89.02,0.012,120.0,0,1557153419461,1514242,45
2019-05-06 14:36:59.461,150.0,buy,165.52,ETH-28JUN19-280-C,89.02,0.012,150.0,1,1557153419461,1514243,46
2019-05-06 14:36:59.463,30.0,sell,165.52,ETH-28JUN19-280-C,89.02,0.012,30.0,1,1557153419463,1514244,47
2019-05-06 16:03:35.764,51.0,sell,173.82,ETH-28JUN19-280-C,85.2,0.013999999999999999,51.0,0,1557158615764,1521151,48
2019-05-06 16:03:36.530,5.0,sell,173.82,ETH-28JUN19-280-C,85.2,0.013999999999999999,5.0,1,1557158616530,1521277,49
2019-05-06 16:03:36.875,9.0,sell,173.6,ETH-28JUN19-280-C,85.22,0.013999999999999999,9.0,1,1557158616875,1521307,50
2019-05-06 16:14:19.465,10.0,buy,172.1,ETH-28JUN19-280-C,88.12,0.015,10.0,0,1557159259465,1523907,51
2019-05-07 09:37:56.439,1.0,buy,177.49,ETH-28JUN19-280-C,88.52,0.018000000000000002,1.0,0,1557221876439,1562622,52
2019-05-10 00:32:08.584,1.0,buy,169.37,ETH-28JUN19-280-C,94.6,0.015,1.0,2,1557448328584,1670644,53
2019-05-10 04:15:00.300,99.0,buy,173.35,ETH-28JUN19-280-C,91.52,0.015,99.0,3,1557461700300,1678729,54
2019-05-11 14:57:17.384,120.0,sell,189.22,ETH-28JUN19-280-C,94.53,0.027000000000000003,120.0,0,1557586637384,1784879,55
2019-05-11 14:57:19.222,62.0,sell,189.2,ETH-28JUN19-280-C,95.58,0.027999999999999997,62.0,0,1557586639222,1784886,56
2019-05-11 14:57:19.333,58.0,sell,189.2,ETH-28JUN19-280-C,95.58,0.027999999999999997,58.0,1,1557586639333,1784887,57
2019-05-11 15:29:46.599,52.0,sell,192.68,ETH-28JUN19-280-C,94.97,0.03,52.0,0,1557588586599,1788025,58
2019-05-11 15:54:53.524,5.0,buy,191.38,ETH-28JUN19-280-C,97.16,0.031,5.0,0,1557590093524,1789849,59
2019-05-11 16:46:11.453,1.0,sell,191.03,ETH-28JUN19-280-C,93.33,0.027000000000000003,1.0,2,1557593171453,1794113,60
2019-05-11 17:46:04.091,2.0,buy,197.07,ETH-28JUN19-280-C,93.72,0.032,2.0,0,1557596764091,1799087,61
2019-05-11 17:59:40.517,51.0,sell,199.12,ETH-28JUN19-280-C,96.87,0.038,51.0,0,1557597580517,1802659,62
2019-05-11 17:59:51.884,52.0,sell,199.37,ETH-28JUN19-280-C,96.85,0.038,52.0,1,1557597591884,1802753,63
2019-05-12 04:17:34.711,50.0,sell,194.88,ETH-28JUN19-280-C,99.67,0.036000000000000004,50.0,2,1557634654711,1894164,64
2019-05-12 11:39:13.248,10.0,sell,186.76,ETH-28JUN19-280-C,108.4,0.037,10.0,0,1557661153248,1947915,65
