date_utc,amount,direction,indexPrice,instrument,iv,price,quantity,tickDirection,timeStamp,tradeId,tradeSeq
2019-04-02 18:46:04.508,57.0,sell,158.21,ETH-28JUN19-280-C,76.4,0.015,57.0,1,1554230764508,312656,1
2019-04-04 03:06:39.910,1.0,sell,160.57,ETH-28JUN19-280-C,82.11,0.021,1.0,0,1554347199910,430958,2
2019-04-05 17:14:53.737,1.0,buy,164.93,ETH-28JUN19-280-C,82.32,0.024,1.0,0,1554484493737,484285,3
2019-04-06 14:13:49.881,1.0,buy,164.04,ETH-28JUN19-280-C,82.05,0.022,1.0,2,1554560029881,500180,4
2019-04-08 02:49:56.115,48.0,buy,183.73,ETH-28JUN19-280-C,85.45,0.046,48.0,0,1554691796115,601739,5
2019-04-08 02:49:56.372,48.0,buy,183.73,ETH-28JUN19-280-C,85.45,0.046,48.0,1,1554691796372,601743,6
2019-04-08 02:59:43.028,48.0,buy,182.66,ETH-28JUN19-280-C,88.3,0.05,48.0,0,1554692383028,602901,7
2019-04-08 02:59:43.342,48.0,buy,182.66,ETH-28JUN19-280-C,88.3,0.05,48.0,1,1554692383342,602917,8
2019-04-08 02:59:43.448,48.0,buy,182.66,ETH-28JUN19-280-C,88.3,0.05,48.0,1,1554692383448,602930,9
2019-04-08 02:59:43.499,10.0,buy,182.66,ETH-28JUN19-280-C,88.3,0.05,10.0,1,1554692383499,602935,10
2019-04-08 02:59:43.534,48.0,sell,182.66,ETH-28JUN19-280-C,88.3,0.05,48.0,1,1554692383534,602939,11
2019-04-08 07:14:00.344,48.0,buy,179.83,ETH-28JUN19-280-C,84.69,0.04,48.0,2,1554707640344,616032,12
2019-04-08 08:55:34.219,1.0,sell,179.99,ETH-28JUN19-280-C,76.67,0.03,1.0,2,1554713734219,621172,13
2019-04-08 11:10:04.372,54.0,sell,177.97,ETH-28JUN19-280-C,82.19,0.035,54.0,0,1554721804372,625953,14
2019-04-08 20:57:46.265,72.0,buy,181.85,ETH-28JUN19-280-C,84.73,0.041,72.0,0,1554757066265,660260,15
2019-04-09 15:21:11.394,72.0,sell,177.63,ETH-28JUN19-280-C,78.37,0.029,72.0,2,1554823271394,702329,16
2019-04-09 15:26:39.511,72.0,buy,177.84,ETH-28JUN19-280-C,78.96,0.03,72.0,0,1554823599511,702602,17
2019-04-11 10:58:23.827,120.0,buy,165.46,ETH-28JUN19-280-C,83.55,0.023,120.0,2,1554980303827,819565,18
2019-04-11 20:35:52.151,100.0,buy,165.31,ETH-28JUN19-280-C,82.14,0.02,100.0,2,1555014952151,845552,19
2019-04-11 21:43:22.483,99.0,buy,164.12,ETH-28JUN19-280-C,82.97,0.02,99.0,3,1555019002483,847000,20
2019-04-11 21:52:28.542,70.0,buy,164.02,ETH-28JUN19-280-C,83.93,0.021,70.0,0,1555019548542,847118,21
2019-04-11 21:55:04.452,2.0,sell,163.99,ETH-28JUN19-280-C,84.04,0.021,2.0,1,1555019704452,847165,22
2019-04-12 08:25:36.987,60.0,sell,163.73,ETH-28JUN19-280-C,81.19,0.018000000000000002,60.0,2,1555057536987,867868,23
2019-04-13 09:21:23.374,15.0,buy,164.38,ETH-28JUN19-280-C,84.24,0.02,15.0,0,1555147283374,906616,24
2019-04-18 17:35:59.945,60.0,buy,175.11,ETH-28JUN19-280-C,82.02,0.023,60.0,1,1555608959945,1069527,27
2019-04-18 17:35:59.945,150.0,buy,175.11,ETH-28JUN19-280-C,82.02,0.023,150.0,0,1555608959945,1069525,25
2019-04-18 17:35:59.945,150.0,buy,175.11,ETH-28JUN19-280-C,82.02,0.023,150.0,1,1555608959945,1069526,26
2019-04-18 18:22:34.317,40.0,buy,175.3,ETH-28JUN19-280-C,82.02,0.023,40.0,1,1555611754317,1070861,28
2019-04-18 19:26:07.499,50.0,buy,175.42,ETH-28JUN19-280-C,83.04,0.024,50.0,1,1555615567499,1071516,30
2019-04-18 19:26:07.499,150.0,buy,175.42,ETH-28JUN19-280-C,83.04,0.024,150.0,0,1555615567499,1071515,29
2019-04-19 01:05:55.741,35.0,sell,171.68,ETH-28JUN19-280-C,82.87,0.021,35.0,2,1555635955741,1080003,31
2019-04-19 04:07:51.421,50.0,buy,171.59,ETH-28JUN19-280-C,84.1,0.022,50.0,0,1555646871421,1083806,32
2019-04-19 12:50:42.341,50.0,sell,172.02,ETH-28JUN19-280-C,81.79,0.02,50.0,2,1555678242341,1093014,33
2019-04-19 15:49:45.530,50.0,buy,172.67,ETH-28JUN19-280-C,83.55,0.022000000000000002,50.0,0,1555688985530,1096440,34
2019-04-21 08:20:08.407,24.0,sell,170.58,ETH-28JUN19-280-C,83.87,0.02,24.0,2,1555834808407,1132809,35
2019-04-23 03:13:58.257,100.0,buy,172.56,ETH-28JUN19-280-C,83.86,0.02,100.0,3,1555989238257,1171180,36
2019-04-30 01:57:35.436,3.0,buy,154.23,ETH-28JUN19-280-C,86.83,0.009000000000000001,3.0,2,1556589455436,1342364,37
2019-05-03 09:13:12.940,50.0,buy,163.95,ETH-28JUN19-280-C,82.56,0.009000000000000001,50.0,3,1556874792940,1425542,38
2019-05-03 09:15:08.328,100.0,buy,164.7,ETH-28JUN19-280-C,84.3,0.01,100.0,0,1556874908328,1426528,39
2019-05-03 10:20:59.751,50.0,buy,166.65,ETH-28JUN19-280-C,86.38,0.012,50.0,0,1556878859751,1438142,40
2019-05-03 20:05:23.286,100.0,buy,166.0,ETH-28JUN19-280-C,82.83,0.01,100.0,2,1556913923286,1448230,41
2019-05-04 22:37:27.478,20.0,buy,163.45,ETH-28JUN19-280-C,86.1,0.01,20.0,3,1557009447478,1477572,42
2019-05-06 11:30:25.239,60.0,buy,162.75,ETH-28JUN19-280-C,89.12,0.011000000000000001,60.0,0,1557142225239,1510251,43
2019-05-06 11:30:25.239,40.0,buy,162.75,ETH-28JUN19-280-C,89.12,0.011000000000000001,40.0,1,1557142225239,1510252,44
2019-05-06 14:36:59.461,150.0,buy,165.52,ETH-28JUN19-280-C,89.02,0.012,150.0,1,1557153419461,1514243,46
2019-05-06 14:36:59.461,120.0,buy,165.52,ETH-28JUN19-280-C,89.02,0.012,120.0,0,1557153419461,1514242,45
2019-05-06 14:36:59.463,30.0,sell,165.52,ETH-28JUN19-280-C,89.02,0.012,30.0,1,1557153419463,1514244,47
2019-05-06 16:03:35.764,51.0,sell,173.82,ETH-28JUN19-280-C,85.2,0.013999999999999999,51.0,0,1557158615764,1521151,48
2019-05-06 16:03:36.530,5.0,sell,173.82,ETH-28JUN19-280-C,85.2,0.013999999999999999,5.0,1,1557158616530,1521277,49
2019-05-06 16:03:36.875,9.0,sell,173.6,ETH-28JUN19-280-C,85.22,0.013999999999999999,9.0,1,1557158616875,1521307,50
2019-05-06 16:14:19.465,10.0,buy,172.1,ETH-28JUN19-280-C,88.12,0.015,10.0,0,1557159259465,1523907,51
2019-05-07 09:37:56.439,1.0,buy,177.49,ETH-28JUN19-280-C,88.52,0.018000000000000002,1.0,0,1557221876439,1562622,52
2019-05-10 00:32:08.584,1.0,buy,169.37,ETH-28JUN19-280-C,94.6,0.015,1.0,2,1557448328584,1670644,53
2019-05-10 04:15:00.300,99.0,buy,173.35,ETH-28JUN19-280-C,91.52,0.015,99.0,3,1557461700300,1678729,54
2019-05-11 14:57:17.384,120.0,sell,189.22,ETH-28JUN19-280-C,94.53,0.027000000000000003,120.0,0,1557586637384,1784879,55
2019-05-11 14:57:19.222,62.0,sell,189.2,ETH-28JUN19-280-C,95.58,0.027999999999999997,62.0,0,1557586639222,1784886,56
2019-05-11 14:57:19.333,58.0,sell,189.2,ETH-28JUN19-280-C,95.58,0.027999999999999997,58.0,1,1557586639333,1784887,57
2019-05-11 15:29:46.599,52.0,sell,192.68,ETH-28JUN19-280-C,94.97,0.03,52.0,0,1557588586599,1788025,58
2019-05-11 15:54:53.524,5.0,buy,191.38,ETH-28JUN19-280-C,97.16,0.031,5.0,0,1557590093524,1789849,59
2019-05-11 16:46:11.453,1.0,sell,191.03,ETH-28JUN19-280-C,93.33,0.027000000000000003,1.0,2,1557593171453,1794113,60
2019-05-11 17:46:04.091,2.0,buy,197.07,ETH-28JUN19-280-C,93.72,0.032,2.0,0,1557596764091,1799087,61
2019-05-11 17:59:40.517,51.0,sell,199.12,ETH-28JUN19-280-C,96.87,0.038,51.0,0,1557597580517,1802659,62
2019-05-11 17:59:51.884,52.0,sell,199.37,ETH-28JUN19-280-C,96.85,0.038,52.0,1,1557597591884,1802753,63
2019-05-12 04:17:34.711,50.0,sell,194.88,ETH-28JUN19-280-C,99.67,0.036000000000000004,50.0,2,1557634654711,1894164,64
2019-05-12 11:39:13.248,10.0,sell,186.76,ETH-28JUN19-280-C,108.4,0.037000000000000005,10.0,0,1557661153248,1947915,65
2019-05-12 17:17:29.815,10.0,buy,184.84,ETH-28JUN19-280-C,99.18,0.027000000000000003,10.0,2,1557681449815,1980925,66
2019-05-12 17:18:12.315,10.0,buy,184.82,ETH-28JUN19-280-C,99.18,0.027000000000000003,10.0,3,1557681492315,1980965,67
2019-05-13 12:16:38.405,5.0,buy,192.4,ETH-28JUN19-280-C,100.94,0.033,5.0,0,1557749798405,2022089,68
2019-05-13 12:54:05.910,60.0,sell,193.61,ETH-28JUN19-280-C,100.18,0.033,60.0,1,1557752045910,2023608,69
2019-05-13 14:39:53.333,10.0,buy,196.69,ETH-28JUN19-280-C,97.48,0.033,10.0,1,1557758393333,2027408,70
2019-05-13 15:22:12.657,10.0,buy,199.69,ETH-28JUN19-280-C,100.48,0.039,10.0,0,1557760932657,2034285,71
2019-05-13 15:48:40.156,10.0,buy,200.46,ETH-28JUN19-280-C,104.16,0.044000000000000004,10.0,0,1557762520156,2038662,72
2019-05-13 16:05:16.569,10.0,buy,206.39,ETH-28JUN19-280-C,101.74,0.048,10.0,0,1557763516569,2040905,73
2019-05-13 17:31:18.707,10.0,sell,201.01,ETH-28JUN19-280-C,106.63,0.048,10.0,1,1557768678707,2052807,74
2019-05-14 06:02:55.863,60.0,sell,208.37,ETH-28JUN19-280-C,106.41,0.055999999999999994,60.0,0,1557813775863,2100499,75
2019-05-14 08:58:32.243,15.0,sell,206.3,ETH-28JUN19-280-C,109.26,0.057999999999999996,15.0,0,1557824312243,2115889,76
2019-05-14 16:23:14.945,94.0,buy,204.88,ETH-28JUN19-280-C,112.15,0.057999999999999996,94.0,1,1557850994945,2146758,77
2019-05-14 17:24:26.262,1.0,buy,208.99,ETH-28JUN19-280-C,113.47,0.064,1.0,0,1557854666262,2150291,78
2019-05-15 00:45:12.076,20.0,sell,218.06,ETH-28JUN19-280-C,103.25,0.062,20.0,2,1557881112076,2184758,79
2019-05-15 03:11:56.929,160.0,buy,225.11,ETH-28JUN19-280-C,111.85,0.08199999999999999,160.0,0,1557889916929,2194446,80
2019-05-15 05:14:23.224,1.0,sell,225.59,ETH-28JUN19-280-C,109.68,0.08,1.0,2,1557897263224,2202258,81
2019-05-15 05:40:03.931,1.0,buy,228.64,ETH-28JUN19-280-C,116.14,0.09300000000000001,1.0,0,1557898803931,2203481,82
2019-05-15 05:44:29.486,1.0,buy,228.54,ETH-28JUN19-280-C,116.31,0.09300000000000001,1.0,1,1557899069486,2203750,83
2019-05-15 10:16:37.311,1.0,buy,235.47,ETH-28JUN19-280-C,102.4,0.08199999999999999,1.0,2,1557915397311,2227718,84
2019-05-15 10:54:56.578,69.0,buy,233.27,ETH-28JUN19-280-C,107.14,0.085,69.0,0,1557917696578,2229610,85
2019-05-15 10:54:59.068,1.0,buy,233.31,ETH-28JUN19-280-C,107.13,0.085,1.0,1,1557917699068,2229611,86
2019-05-15 11:13:11.149,6.0,buy,234.02,ETH-28JUN19-280-C,117.18,0.1,6.0,0,1557918791149,2230152,87
2019-05-15 11:14:17.633,4.0,buy,233.44,ETH-28JUN19-280-C,117.83,0.1,4.0,1,1557918857633,2230226,88
2019-05-15 11:28:37.820,30.0,buy,231.54,ETH-28JUN19-280-C,117.48,0.097,30.0,2,1557919717820,2231250,89
2019-05-15 11:42:55.127,5.0,buy,232.57,ETH-28JUN19-280-C,117.06,0.098,5.0,0,1557920575127,2231824,90
2019-05-15 13:48:58.149,10.0,buy,230.64,ETH-28JUN19-280-C,113.14,0.09,10.0,2,1557928138149,2242336,91
2019-05-15 15:59:37.532,1.0,buy,238.64,ETH-28JUN19-280-C,111.91,0.099,1.0,0,1557935977532,2250055,92
2019-05-15 17:49:09.661,1.0,buy,242.4,ETH-28JUN19-280-C,108.28,0.098,1.0,2,1557942549661,2265472,93
2019-05-15 18:44:37.539,91.0,buy,243.5,ETH-28JUN19-280-C,104.33,0.094,91.0,2,1557945877539,2267892,94
2019-05-15 18:56:36.115,2.0,sell,242.44,ETH-28JUN19-280-C,102.26,0.09,2.0,2,1557946596115,2269534,95
2019-05-15 19:59:51.351,50.0,buy,242.36,ETH-28JUN19-280-C,103.41,0.091,50.0,0,1557950391351,2274116,96
2019-05-15 21:35:25.953,60.0,sell,238.64,ETH-28JUN19-280-C,100.27,0.08199999999999999,60.0,2,1557956125953,2283482,97
2019-05-15 21:35:27.476,60.0,buy,238.67,ETH-28JUN19-280-C,100.25,0.08199999999999999,60.0,3,1557956127476,2283485,98
2019-05-15 21:35:29.806,40.0,buy,238.72,ETH-28JUN19-280-C,100.19,0.08199999999999999,40.0,3,1557956129806,2283486,99
2019-05-16 01:45:25.236,60.0,sell,263.89,ETH-28JUN19-280-C,97.28,0.114,60.0,0,1557971125236,2315435,100
2019-05-16 01:45:25.236,120.0,sell,263.89,ETH-28JUN19-280-C,97.28,0.114,120.0,1,1557971125236,2315436,101
2019-05-16 02:04:38.312,60.0,sell,269.45,ETH-28JUN19-280-C,96.66,0.122,60.0,0,1557972278312,2317312,102
2019-05-16 02:04:41.772,60.0,buy,269.5,ETH-28JUN19-280-C,96.61,0.122,60.0,1,1557972281772,2317314,103
2019-05-16 02:04:44.911,60.0,buy,269.52,ETH-28JUN19-280-C,96.62,0.122,60.0,1,1557972284911,2317315,104
2019-05-16 02:04:48.601,60.0,buy,269.47,ETH-28JUN19-280-C,96.71,0.122,60.0,1,1557972288601,2317322,105
2019-05-16 02:04:51.955,60.0,buy,269.24,ETH-28JUN19-280-C,96.73,0.122,60.0,1,1557972291955,2317335,106
2019-05-16 02:06:39.024,1020.0,buy,269.86,ETH-28JUN19-280-C,96.31,0.122,1020.0,1,1557972399024,2317484,107
2019-05-16 02:35:25.707,1.0,buy,269.45,ETH-28JUN19-280-C,105.69,0.135,1.0,0,1557974125707,2320307,108
2019-05-16 06:37:21.436,60.0,buy,266.21,ETH-28JUN19-280-C,104.34,0.128,60.0,2,1557988641436,2367435,109
2019-05-16 06:38:53.913,20.0,buy,265.82,ETH-28JUN19-280-C,104.0,0.127,20.0,2,1557988733913,2367687,110
2019-05-16 06:46:48.104,20.0,buy,266.34,ETH-28JUN19-280-C,100.9,0.124,20.0,2,1557989208104,2368500,111
2019-05-16 10:20:01.283,2.0,buy,247.63,ETH-28JUN19-280-C,102.21,0.1,2.0,2,1558002001283,2402115,112
2019-05-16 13:27:57.423,10.0,buy,249.1,ETH-28JUN19-280-C,106.75,0.10800000000000001,10.0,0,1558013277423,2426635,113
2019-05-16 13:50:47.005,10.0,buy,250.43,ETH-28JUN19-280-C,106.41,0.109,10.0,0,1558014647005,2427842,114
2019-05-16 14:08:05.880,60.0,buy,255.54,ETH-28JUN19-280-C,105.46,0.115,60.0,0,1558015685880,2428897,115
2019-05-16 16:16:10.456,85.0,buy,273.55,ETH-28JUN19-280-C,110.0,0.15,85.0,0,1558023370456,2464834,116
2019-05-16 16:34:16.864,40.0,buy,268.2,ETH-28JUN19-280-C,109.81,0.141,40.0,2,1558024456864,2473274,117
2019-05-16 19:52:57.226,3.0,sell,257.07,ETH-28JUN19-280-C,96.79,0.105,3.0,2,1558036377226,2520354,118
2019-05-16 19:53:23.331,2.0,buy,256.92,ETH-28JUN19-280-C,106.79,0.11800000000000001,2.0,0,1558036403331,2520501,119
2019-05-17 01:45:45.235,10.0,buy,254.97,ETH-28JUN19-280-C,108.85,0.11699999999999999,10.0,2,1558057545235,2577394,120
2019-05-17 01:55:11.308,10.0,buy,253.79,ETH-28JUN19-280-C,108.44,0.115,10.0,2,1558058111308,2579616,121
2019-05-17 02:27:47.557,10.0,buy,253.06,ETH-28JUN19-280-C,108.03,0.113,10.0,2,1558060067557,2583540,122
2019-05-17 02:34:28.576,1.0,sell,252.61,ETH-28JUN19-280-C,106.18,0.11,1.0,2,1558060468576,2584188,123
2019-05-17 02:39:58.472,1.0,sell,248.26,ETH-28JUN19-280-C,107.25,0.105,1.0,2,1558060798472,2586237,124
2019-05-17 02:56:27.928,1.0,sell,244.57,ETH-28JUN19-280-C,107.31,0.1,1.0,2,1558061787928,2595964,125
2019-05-17 02:58:33.789,10.0,buy,245.86,ETH-28JUN19-280-C,112.8,0.11,10.0,0,1558061913789,2598472,126
2019-05-17 03:02:12.303,10.0,buy,236.88,ETH-28JUN19-280-C,116.2,0.10300000000000001,10.0,2,1558062132303,2604179,127
2019-05-17 03:12:50.381,10.0,buy,234.83,ETH-28JUN19-280-C,117.16,0.099,10.0,2,1558062770381,2622991,128
2019-05-17 03:13:09.284,10.0,buy,234.85,ETH-28JUN19-280-C,119.78,0.102,10.0,0,1558062789284,2623402,129
2019-05-17 03:15:19.946,10.0,buy,236.63,ETH-28JUN19-280-C,111.68,0.095,10.0,2,1558062919946,2626256,130
2019-05-17 03:21:03.587,10.0,buy,240.69,ETH-28JUN19-280-C,108.8,0.099,10.0,0,1558063263587,2634289,131
2019-05-17 05:42:32.848,1.0,buy,242.26,ETH-28JUN19-280-C,119.71,0.114,1.0,0,1558071752848,2670294,132
2019-05-17 05:42:35.930,1.0,buy,242.14,ETH-28JUN19-280-C,119.88,0.114,1.0,1,1558071755930,2670295,133
2019-05-17 06:08:41.127,35.0,sell,239.37,ETH-28JUN19-280-C,101.04,0.087,35.0,2,1558073321127,2677246,134
2019-05-17 11:11:21.951,7.0,sell,233.54,ETH-28JUN19-280-C,104.1,0.08,7.0,2,1558091481951,2716256,135
2019-05-17 11:27:14.345,60.0,sell,229.73,ETH-28JUN19-280-C,108.25,0.08,60.0,3,1558092434345,2719907,137
2019-05-17 11:27:14.345,3.0,sell,229.73,ETH-28JUN19-280-C,108.25,0.08,3.0,3,1558092434345,2719906,136
2019-05-17 11:41:32.714,10.0,sell,225.56,ETH-28JUN19-280-C,108.97,0.075,10.0,2,1558093292714,2724444,138
2019-05-17 11:43:42.300,2.0,sell,224.89,ETH-28JUN19-280-C,99.58,0.063,2.0,2,1558093422300,2725800,139
2019-05-17 13:34:13.650,10.0,buy,237.41,ETH-28JUN19-280-C,110.39,0.09300000000000001,10.0,0,1558100053650,2752063,140
2019-05-17 15:10:47.875,10.0,buy,235.05,ETH-28JUN19-280-C,110.67,0.09,10.0,2,1558105847875,2764384,141
2019-05-17 15:59:24.807,10.0,sell,228.26,ETH-28JUN19-280-C,109.97,0.08,10.0,2,1558108764807,2771916,142
2019-05-17 16:03:37.637,10.0,sell,226.74,ETH-28JUN19-280-C,103.81,0.07,10.0,2,1558109017637,2772743,143
2019-05-17 19:18:45.639,92.0,buy,229.49,ETH-28JUN19-280-C,110.09,0.081,92.0,0,1558120725639,2813988,144
2019-05-17 19:24:27.436,8.0,sell,229.03,ETH-28JUN19-280-C,110.49,0.081,8.0,1,1558121067436,2814622,145
2019-05-17 20:20:31.684,12.0,sell,233.13,ETH-28JUN19-280-C,111.91,0.08800000000000001,12.0,0,1558124431684,2822043,146
2019-05-17 22:53:27.248,10.0,buy,237.42,ETH-28JUN19-280-C,113.17,0.095,10.0,0,1558133607248,2836445,147
2019-05-17 23:47:29.261,10.0,buy,243.39,ETH-28JUN19-280-C,112.49,0.102,10.0,0,1558136849261,2842364,148
2019-05-18 12:00:42.094,2.0,sell,234.53,ETH-28JUN19-280-C,110.97,0.084,2.0,2,1558180842094,2919110,149
2019-05-19 00:29:37.815,10.0,buy,235.28,ETH-28JUN19-280-C,102.32,0.07400000000000001,10.0,2,1558225777815,2965225,150
2019-05-19 04:06:42.856,5.0,sell,252.96,ETH-28JUN19-280-C,102.78,0.098,5.0,0,1558238802856,2992164,151
2019-05-19 04:07:03.499,5.0,sell,252.48,ETH-28JUN19-280-C,103.05,0.098,5.0,1,1558238823499,2992201,152
2019-05-19 04:57:54.439,1.0,buy,254.39,ETH-28JUN19-280-C,112.44,0.113,1.0,0,1558241874439,2997823,153
2019-05-19 08:07:01.929,1.0,sell,255.33,ETH-28JUN19-280-C,104.4,0.10400000000000001,1.0,2,1558253221929,3011276,154
2019-05-19 08:11:48.054,1.0,sell,255.36,ETH-28JUN19-280-C,103.88,0.10300000000000001,1.0,2,1558253508054,3011477,155
2019-05-19 08:16:56.892,1.0,sell,256.65,ETH-28JUN19-280-C,103.87,0.105,1.0,0,1558253816892,3011769,156
2019-05-19 09:13:48.584,2.0,buy,255.87,ETH-28JUN19-280-C,111.44,0.114,2.0,0,1558257228584,3014895,157
2019-05-19 09:26:01.658,4.0,buy,255.72,ETH-28JUN19-280-C,111.74,0.114,4.0,1,1558257961658,3015216,158
2019-05-19 10:44:38.164,60.0,buy,260.91,ETH-28JUN19-280-C,111.59,0.121,60.0,0,1558262678164,3020424,159
2019-05-19 12:43:41.726,1.0,sell,252.3,ETH-28JUN19-280-C,110.65,0.108,1.0,2,1558269821726,3027285,160
2019-05-19 17:16:48.311,14.0,buy,255.3,ETH-28JUN19-280-C,110.61,0.114,14.0,0,1558286208311,3042238,161
2019-05-19 22:22:43.734,200.0,buy,257.35,ETH-28JUN19-280-C,107.95,0.11199999999999999,200.0,2,1558304563734,3062168,162
2019-05-20 01:54:35.260,3.0,buy,249.9,ETH-28JUN19-280-C,108.47,0.102,3.0,2,1558317275260,3092400,163
2019-05-20 03:48:02.871,3.0,buy,252.3,ETH-28JUN19-280-C,108.12,0.10400000000000001,3.0,0,1558324082871,3097035,164
2019-05-20 05:34:20.464,10.0,buy,252.75,ETH-28JUN19-280-C,108.08,0.105,10.0,0,1558330460464,3105341,165
2019-05-20 12:46:53.156,1.0,sell,245.72,ETH-28JUN19-280-C,106.58,0.093,1.0,2,1558356413156,3133589,166
2019-05-20 14:12:25.594,22.0,sell,246.73,ETH-28JUN19-280-C,101.4,0.08800000000000001,22.0,2,1558361545594,3142639,168
2019-05-20 14:12:25.594,119.0,sell,246.73,ETH-28JUN19-280-C,102.18,0.08900000000000001,119.0,2,1558361545594,3142638,167
2019-05-21 02:17:48.539,10.0,buy,251.15,ETH-28JUN19-280-C,107.19,0.101,10.0,0,1558405068539,3191680,169
2019-05-21 02:47:07.589,58.0,sell,251.43,ETH-28JUN19-280-C,104.26,0.097,58.0,2,1558406827589,3193118,170
2019-05-21 03:06:51.678,10.0,sell,253.19,ETH-28JUN19-280-C,104.57,0.1,10.0,0,1558408011678,3193785,171
2019-05-21 10:33:42.195,1.0,sell,251.28,ETH-28JUN19-280-C,104.5,0.097,1.0,2,1558434822195,3211698,172
2019-05-21 12:17:22.816,1.0,sell,249.09,ETH-28JUN19-280-C,100.68,0.08900000000000001,1.0,2,1558441042816,3216241,173
2019-05-21 17:37:20.071,4.0,sell,254.9,ETH-28JUN19-280-C,105.6,0.102,4.0,0,1558460240071,3235187,174
2019-05-22 16:54:20.608,10.0,sell,253.77,ETH-28JUN19-280-C,102.02,0.095,10.0,2,1558544060608,3307494,175
2019-05-22 20:45:08.690,15.0,buy,248.05,ETH-28JUN19-280-C,107.2,0.092,15.0,2,1558557908690,3328806,176
2019-05-22 23:10:33.526,15.0,sell,244.94,ETH-28JUN19-280-C,98.44,0.077,15.0,2,1558566633526,3343725,177
2019-05-23 00:46:43.023,5.0,buy,242.85,ETH-28JUN19-280-C,99.1,0.075,5.0,2,1558572403023,3351096,178
2019-05-23 02:10:46.597,5.0,sell,242.99,ETH-28JUN19-280-C,103.2,0.08,5.0,0,1558577446597,3354550,179
2019-05-23 02:20:37.640,2.0,sell,243.27,ETH-28JUN19-280-C,102.23,0.079,2.0,2,1558578037640,3354943,180
2019-05-23 04:37:47.672,2.0,sell,243.27,ETH-28JUN19-280-C,99.49,0.075,2.0,2,1558586267672,3359185,181
2019-05-23 07:17:29.541,10.0,buy,237.78,ETH-28JUN19-280-C,103.84,0.07200000000000001,10.0,2,1558595849541,3371827,182
2019-05-23 08:45:58.600,10.0,buy,234.34,ETH-28JUN19-280-C,104.47,0.068,10.0,2,1558601158600,3378445,183
2019-05-23 12:26:28.033,2.0,buy,235.83,ETH-28JUN19-280-C,105.3,0.07,2.0,0,1558614388033,3391348,184
2019-05-23 12:32:14.456,15.0,sell,236.06,ETH-28JUN19-280-C,103.35,0.068,15.0,2,1558614734456,3391567,185
2019-05-23 12:39:07.484,8.0,buy,237.27,ETH-28JUN19-280-C,104.55,0.071,8.0,0,1558615147484,3391949,186
2019-05-23 14:21:04.137,40.0,buy,242.51,ETH-28JUN19-280-C,105.15,0.078,40.0,0,1558621264137,3397931,187
2019-05-23 15:50:50.814,51.0,sell,242.59,ETH-28JUN19-280-C,102.26,0.07400000000000001,51.0,2,1558626650814,3403991,188
2019-05-23 15:50:59.052,50.0,sell,242.58,ETH-28JUN19-280-C,102.28,0.07400000000000001,50.0,3,1558626659052,3404009,189
2019-05-23 17:36:16.180,49.0,sell,241.06,ETH-28JUN19-280-C,103.88,0.07400000000000001,49.0,3,1558632976180,3409938,190
2019-05-24 05:33:21.856,50.0,sell,242.88,ETH-28JUN19-280-C,101.89,0.073,50.0,2,1558676001856,3442707,191
2019-05-24 05:33:22.945,1.0,sell,242.87,ETH-28JUN19-280-C,101.89,0.073,1.0,3,1558676002945,3442708,192
2019-05-24 05:33:35.808,9.0,sell,242.75,ETH-28JUN19-280-C,102.11,0.073,9.0,3,1558676015808,3442733,193
2019-05-24 08:19:53.732,10.0,buy,251.31,ETH-28JUN19-280-C,93.34,0.075,10.0,0,1558685993732,3450493,194
2019-05-24 15:16:25.407,14.0,buy,255.13,ETH-28JUN19-280-C,97.49,0.086,14.0,0,1558710985407,3471287,195
2019-05-25 02:02:32.612,15.0,buy,251.93,ETH-28JUN19-280-C,103.64,0.08900000000000001,15.0,0,1558749752612,3503599,196
2019-05-25 02:20:03.549,5.0,sell,251.18,ETH-28JUN19-280-C,103.02,0.087,5.0,2,1558750803549,3503923,197
2019-05-25 11:12:39.609,2.0,buy,258.38,ETH-28JUN19-280-C,103.66,0.1,2.0,0,1558782759609,3521679,198
2019-05-25 11:14:48.003,78.0,buy,258.42,ETH-28JUN19-280-C,104.14,0.1,78.0,1,1558782888003,3521826,199
2019-05-25 11:14:48.003,5.0,buy,258.42,ETH-28JUN19-280-C,120.6,0.12,5.0,0,1558782888003,3521828,201
2019-05-25 11:14:48.003,120.0,buy,258.42,ETH-28JUN19-280-C,104.96,0.10099999999999999,120.0,0,1558782888003,3521827,200
2019-05-25 11:14:50.129,97.0,sell,258.39,ETH-28JUN19-280-C,133.8,0.136,97.0,0,1558782890129,3521832,202
2019-05-25 13:18:13.722,15.0,buy,253.66,ETH-28JUN19-280-C,104.77,0.092,15.0,2,1558790293722,3528073,203
2019-05-25 13:18:15.454,15.0,buy,253.66,ETH-28JUN19-280-C,104.75,0.092,15.0,3,1558790295454,3528083,204
2019-05-25 13:18:44.684,5.0,buy,253.33,ETH-28JUN19-280-C,105.26,0.092,5.0,3,1558790324684,3528210,205
2019-05-25 20:49:35.760,50.0,buy,250.36,ETH-28JUN19-280-C,104.42,0.087,50.0,2,1558817375760,3543966,206
2019-05-26 20:46:48.455,7.0,sell,265.73,ETH-28JUN19-280-C,97.58,0.104,7.0,0,1558903608455,3605743,207
2019-05-26 21:42:01.725,5.0,buy,269.53,ETH-28JUN19-280-C,104.74,0.12,5.0,0,1558906921725,3612581,208
2019-05-26 23:46:11.224,80.0,buy,268.93,ETH-28JUN19-280-C,107.37,0.12,80.0,1,1558914371224,3626694,209
2019-05-26 23:51:02.359,50.0,sell,267.76,ETH-28JUN19-280-C,107.88,0.119,50.0,2,1558914662359,3627343,210
2019-05-27 00:06:12.413,100.0,sell,269.94,ETH-28JUN19-280-C,108.12,0.12300000000000001,100.0,0,1558915572413,3628490,211
2019-05-27 04:42:58.243,2.0,sell,268.22,ETH-28JUN19-280-C,104.0,0.117,2.0,2,1558932178243,3653610,212
2019-05-27 05:20:42.727,15.0,sell,267.95,ETH-28JUN19-280-C,105.01,0.117,15.0,3,1558934442727,3654960,213
2019-05-27 05:47:55.588,60.0,sell,268.18,ETH-28JUN19-280-C,99.14,0.11,60.0,2,1558936075588,3655582,214
2019-05-27 08:28:44.913,10.0,sell,267.93,ETH-28JUN19-280-C,99.43,0.111,10.0,0,1558945724913,3662109,215
2019-05-27 11:39:49.834,8.0,sell,266.32,ETH-28JUN19-280-C,102.76,0.112,8.0,0,1558957189834,3669458,216
2019-05-27 11:40:22.414,2.0,sell,266.3,ETH-28JUN19-280-C,102.74,0.112,2.0,1,1558957222414,3669466,217
2019-05-27 15:32:35.936,2.0,buy,272.54,ETH-28JUN19-280-C,111.17,0.132,2.0,0,1558971155936,3684652,218
2019-05-27 15:43:25.716,8.0,buy,273.88,ETH-28JUN19-280-C,111.79,0.135,8.0,0,1558971805716,3685194,219
2019-05-27 16:01:03.008,1.0,buy,271.61,ETH-28JUN19-280-C,111.55,0.131,1.0,2,1558972863008,3686895,220
2019-05-27 16:42:54.230,2.0,sell,269.59,ETH-28JUN19-280-C,107.0,0.123,2.0,2,1558975374230,3694180,221
2019-05-28 02:25:15.883,2.0,buy,273.57,ETH-28JUN19-280-C,110.02,0.132,2.0,0,1559010315883,3731785,222
2019-05-28 02:25:21.165,2.0,buy,273.57,ETH-28JUN19-280-C,110.01,0.132,2.0,1,1559010321165,3731786,223
2019-05-28 02:25:29.780,2.0,buy,273.61,ETH-28JUN19-280-C,109.93,0.132,2.0,1,1559010329780,3731787,224
2019-05-28 02:25:41.313,1.0,buy,273.34,ETH-28JUN19-280-C,110.31,0.132,1.0,1,1559010341313,3731831,225
2019-05-28 10:46:02.630,50.0,sell,268.66,ETH-28JUN19-280-C,106.8,0.119,50.0,2,1559040362630,3749230,226
2019-05-28 13:32:34.305,10.0,buy,265.99,ETH-28JUN19-280-C,110.76,0.119,10.0,3,1559050354305,3757554,227
2019-05-28 15:59:35.569,1.0,sell,271.36,ETH-28JUN19-280-C,104.27,0.118,1.0,2,1559059175569,3768235,228
2019-05-28 18:43:12.861,4.0,buy,273.74,ETH-28JUN19-280-C,108.92,0.127,4.0,0,1559068992861,3777958,229
2019-05-28 18:43:39.190,4.0,sell,273.46,ETH-28JUN19-280-C,103.22,0.12,4.0,2,1559069019190,3777987,230
2019-05-30 01:56:30.645,8.0,sell,271.02,ETH-28JUN19-280-C,100.06,0.107,8.0,2,1559181390645,3873206,231
2019-05-30 04:25:58.896,10.0,buy,285.55,ETH-28JUN19-280-C,100.38,0.134,10.0,0,1559190358896,3896446,232
2019-05-30 04:47:16.998,5.0,buy,285.5,ETH-28JUN19-280-C,99.07,0.132,5.0,2,1559191636998,3898686,233
2019-05-30 09:28:15.610,10.0,sell,282.8,ETH-28JUN19-280-C,98.08,0.125,10.0,2,1559208495610,3912900,234
2019-05-30 09:57:42.032,1.0,buy,283.62,ETH-28JUN19-280-C,104.51,0.134,1.0,0,1559210262032,3913463,235
2019-05-30 12:07:58.052,30.0,sell,282.18,ETH-28JUN19-280-C,103.85,0.13,30.0,2,1559218078052,3917590,236
2019-05-30 13:48:04.172,2.0,sell,283.8,ETH-28JUN19-280-C,99.8,0.129,2.0,3,1559224084172,3921523,238
2019-05-30 13:48:04.172,1.0,sell,283.8,ETH-28JUN19-280-C,99.8,0.129,1.0,2,1559224084172,3921522,237
2019-05-30 13:53:04.243,80.0,sell,284.12,ETH-28JUN19-280-C,98.43,0.128,80.0,2,1559224384243,3921643,239
2019-05-30 13:53:06.795,10.0,buy,284.13,ETH-28JUN19-280-C,98.4,0.128,10.0,3,1559224386795,3921646,240
2019-05-30 13:54:04.616,50.0,sell,283.89,ETH-28JUN19-280-C,98.74,0.128,50.0,3,1559224444616,3921743,241
2019-05-30 15:13:14.746,65.0,sell,284.86,ETH-28JUN19-280-C,99.94,0.13,65.0,0,1559229194746,3923931,242
2019-05-30 16:01:18.048,2.0,buy,288.69,ETH-28JUN19-280-C,100.13,0.13699999999999998,2.0,0,1559232078048,3927429,243
2019-05-30 16:16:56.809,54.0,sell,275.11,ETH-28JUN19-280-C,100.53,0.111,54.0,2,1559233016809,3934360,244
2019-05-30 16:16:56.891,26.0,sell,275.11,ETH-28JUN19-280-C,100.53,0.111,26.0,3,1559233016891,3934375,245
2019-05-30 16:47:45.117,60.0,sell,275.62,ETH-28JUN19-280-C,99.99,0.113,60.0,0,1559234865117,3944138,246
2019-05-30 21:26:41.278,5.0,sell,241.7,ETH-28JUN19-280-C,106.27,0.06,5.0,2,1559251601278,3990394,247
2019-05-30 22:15:38.810,10.0,buy,253.56,ETH-28JUN19-280-C,106.76,0.08,10.0,0,1559254538810,4015742,248
2019-05-30 23:07:06.900,20.0,buy,252.72,ETH-28JUN19-280-C,106.6,0.08,20.0,1,1559257626900,4021194,249
2019-05-30 23:07:23.788,20.0,buy,252.46,ETH-28JUN19-280-C,109.65,0.083,20.0,0,1559257643788,4021271,250
2019-05-31 04:33:04.697,1.0,sell,248.77,ETH-28JUN19-280-C,107.84,0.075,1.0,2,1559277184697,4036704,251
2019-05-31 04:35:39.148,2.0,sell,248.35,ETH-28JUN19-280-C,103.53,0.07,2.0,2,1559277339148,4037225,252
2019-05-31 07:57:56.738,8.0,buy,254.9,ETH-28JUN19-280-C,104.75,0.079,8.0,0,1559289476738,4047873,253
2019-05-31 08:07:00.021,50.0,sell,254.5,ETH-28JUN19-280-C,101.27,0.075,50.0,2,1559290020021,4048363,254
2019-05-31 13:01:25.924,10.0,buy,259.65,ETH-28JUN19-280-C,99.96,0.08199999999999999,10.0,0,1559307685924,4056954,255
2019-05-31 23:08:42.807,30.0,buy,264.58,ETH-28JUN19-280-C,105.68,0.097,30.0,0,1559344122807,4086504,256
2019-06-01 00:49:28.269,10.0,buy,271.37,ETH-28JUN19-280-C,105.24,0.112,10.0,0,1559350168269,4097802,257
2019-06-01 12:18:07.944,54.0,sell,269.33,ETH-28JUN19-280-C,97.69,0.097,54.0,3,1559391487944,4127867,259
2019-06-01 12:18:07.944,1.0,sell,269.33,ETH-28JUN19-280-C,97.69,0.097,1.0,2,1559391487944,4127866,258
2019-06-01 15:11:04.634,5.0,sell,263.95,ETH-28JUN19-280-C,92.54,0.081,5.0,2,1559401864634,4134901,260
2019-06-01 16:05:31.492,2.0,sell,266.14,ETH-28JUN19-280-C,92.19,0.084,2.0,0,1559405131492,4136085,261
2019-06-01 21:48:13.392,2.0,buy,269.17,ETH-28JUN19-280-C,101.96,0.099,2.0,0,1559425693392,4147453,262
2019-06-02 11:59:33.430,1.0,sell,271.04,ETH-28JUN19-280-C,92.33,0.09,1.0,2,1559476773430,4176188,263
2019-06-03 01:56:48.528,8.0,buy,267.3,ETH-28JUN19-280-C,93.72,0.084,8.0,2,1559527008528,4209409,264
2019-06-03 08:14:18.309,100.0,buy,262.49,ETH-28JUN19-280-C,95.19,0.077,100.0,2,1559549658309,4230870,265
2019-06-03 14:54:31.338,3.0,sell,255.31,ETH-28JUN19-280-C,96.81,0.068,3.0,2,1559573671338,4247530,266
2019-06-03 23:24:33.498,60.0,sell,248.26,ETH-28JUN19-280-C,95.43,0.056,60.0,2,1559604273498,4268252,267
2019-06-04 01:08:57.962,1.0,buy,248.61,ETH-28JUN19-280-C,98.93,0.06,1.0,0,1559610537962,4293957,268
2019-06-04 03:45:37.478,4.0,sell,245.78,ETH-28JUN19-280-C,91.77,0.049,4.0,2,1559619937478,4300669,269
2019-06-04 04:45:22.796,9.0,buy,248.03,ETH-28JUN19-280-C,94.34,0.054000000000000006,9.0,0,1559623522796,4306344,270
2019-06-04 13:00:36.869,5.0,buy,246.86,ETH-28JUN19-280-C,100.93,0.057999999999999996,5.0,0,1559653236869,4324952,271
2019-06-04 18:18:26.316,10.0,buy,242.23,ETH-28JUN19-280-C,100.32,0.051,10.0,2,1559672306316,4348388,272
2019-06-04 23:37:53.926,10.0,buy,238.58,ETH-28JUN19-280-C,91.51,0.039,10.0,2,1559691473926,4372454,273
2019-06-04 23:37:56.379,10.0,buy,238.58,ETH-28JUN19-280-C,91.5,0.039,10.0,3,1559691476379,4372455,274
2019-06-04 23:37:58.492,10.0,buy,238.62,ETH-28JUN19-280-C,91.46,0.039,10.0,3,1559691478492,4372456,275
2019-06-04 23:39:04.593,4.0,buy,238.6,ETH-28JUN19-280-C,91.57,0.039,4.0,3,1559691544593,4372482,276
2019-06-04 23:40:14.102,3.0,buy,238.89,ETH-28JUN19-280-C,91.4,0.039,3.0,3,1559691614102,4372493,277
2019-06-04 23:48:11.431,10.0,buy,239.57,ETH-28JUN19-280-C,92.63,0.041,10.0,0,1559692091431,4372790,278
2019-06-05 04:04:50.726,8.0,buy,242.17,ETH-28JUN19-280-C,98.93,0.049,8.0,0,1559707490726,4379307,279
2019-06-05 14:15:25.519,100.0,sell,243.56,ETH-28JUN19-280-C,91.36,0.042,100.0,2,1559744125519,4393763,280
2019-06-05 16:10:37.999,100.0,sell,242.17,ETH-28JUN19-280-C,90.5,0.04,100.0,2,1559751037999,4401171,281
2019-06-05 17:34:48.484,1.0,buy,246.68,ETH-28JUN19-280-C,97.67,0.052000000000000005,1.0,0,1559756088484,4404695,282
2019-06-05 21:41:20.665,2.0,buy,243.65,ETH-28JUN19-280-C,90.0,0.040999999999999995,2.0,2,1559770880665,4416158,283
2019-06-05 21:42:24.666,23.0,buy,244.64,ETH-28JUN19-280-C,89.9,0.042,23.0,0,1559770944666,4416239,284
2019-06-06 02:38:05.429,5.0,sell,246.51,ETH-28JUN19-280-C,88.34,0.042,5.0,1,1559788685429,4424643,285
2019-06-06 19:08:01.230,3.0,sell,238.63,ETH-28JUN19-280-C,86.12,0.03,3.0,2,1559848081230,4458145,286
2019-06-06 23:36:45.124,1.0,buy,247.04,ETH-28JUN19-280-C,87.19,0.04,1.0,0,1559864205124,4466181,287
2019-06-06 23:46:36.017,1.0,sell,249.82,ETH-28JUN19-280-C,91.14,0.047,1.0,0,1559864796017,4468418,288
2019-06-07 11:57:01.607,1.0,sell,247.61,ETH-28JUN19-280-C,87.82,0.04,1.0,2,1559908621607,4493519,289
2019-06-07 13:18:10.701,40.0,sell,247.71,ETH-28JUN19-280-C,85.8,0.038,40.0,2,1559913490701,4494721,290
2019-06-07 13:21:01.562,50.0,sell,247.64,ETH-28JUN19-280-C,85.92,0.038,50.0,3,1559913661562,4494759,291
2019-06-07 13:25:42.807,100.0,sell,247.68,ETH-28JUN19-280-C,85.63,0.038,100.0,3,1559913942807,4494790,292
2019-06-07 13:26:29.353,50.0,sell,247.86,ETH-28JUN19-280-C,85.69,0.038,50.0,3,1559913989353,4494796,293
2019-06-07 15:03:28.409,100.0,buy,248.88,ETH-28JUN19-280-C,89.3,0.042,100.0,0,1559919808409,4495911,294
2019-06-08 09:00:33.918,1.0,buy,248.94,ETH-28JUN19-280-C,89.0,0.04,1.0,2,1559984433918,4515741,295
2019-06-08 10:06:25.997,3.0,sell,250.07,ETH-28JUN19-280-C,81.59,0.035,3.0,2,1559988385997,4516763,296
2019-06-08 17:13:02.979,15.0,sell,243.38,ETH-28JUN19-280-C,78.76,0.025,15.0,2,1560013982979,4525562,297
2019-06-08 22:51:38.417,50.0,buy,244.92,ETH-28JUN19-280-C,86.02,0.031,50.0,0,1560034298417,4530935,298
2019-06-09 05:07:16.675,50.0,sell,242.27,ETH-28JUN19-280-C,79.0,0.023,50.0,2,1560056836675,4537285,299
2019-06-09 13:55:10.089,30.0,sell,237.66,ETH-28JUN19-280-C,74.62,0.016,30.0,2,1560088510089,4548963,300
2019-06-09 16:13:14.773,15.0,buy,232.25,ETH-28JUN19-280-C,81.61,0.016,15.0,3,1560096794773,4555347,301
2019-06-09 17:54:36.070,100.0,sell,231.69,ETH-28JUN19-280-C,76.71,0.013000000000000001,100.0,2,1560102876070,4561308,302
2019-06-09 18:00:20.845,3.0,sell,231.2,ETH-28JUN19-280-C,75.3,0.012,3.0,2,1560103220845,4561370,303
2019-06-10 05:30:55.283,100.0,buy,233.35,ETH-28JUN19-280-C,82.48,0.017,100.0,0,1560144655283,4580192,304
2019-06-10 05:38:04.914,100.0,buy,233.5,ETH-28JUN19-280-C,83.91,0.018000000000000002,100.0,1,1560145084914,4580282,306
2019-06-10 05:38:04.914,240.0,buy,233.5,ETH-28JUN19-280-C,83.91,0.018000000000000002,240.0,0,1560145084914,4580281,305
2019-06-10 05:39:15.456,100.0,buy,233.52,ETH-28JUN19-280-C,83.73,0.018000000000000002,100.0,1,1560145155456,4580309,307
2019-06-10 06:26:30.684,2.0,buy,235.71,ETH-28JUN19-280-C,84.5,0.02,2.0,0,1560147990684,4581181,308
2019-06-10 07:45:09.170,3.0,buy,237.04,ETH-28JUN19-280-C,79.63,0.018000000000000002,3.0,2,1560152709170,4582480,309
2019-06-10 15:52:48.019,1.0,sell,242.98,ETH-28JUN19-280-C,81.03,0.024,1.0,0,1560181968019,4599323,310
2019-06-10 16:02:55.894,1.0,sell,243.22,ETH-28JUN19-280-C,80.9,0.024,1.0,1,1560182575894,4599453,311
2019-06-10 16:22:10.426,1.0,buy,245.3,ETH-28JUN19-280-C,83.5,0.027999999999999997,1.0,0,1560183730426,4600516,312
2019-06-10 20:08:37.234,1.0,buy,246.27,ETH-28JUN19-280-C,81.14,0.027000000000000003,1.0,2,1560197317234,4605393,313
2019-06-11 13:07:46.549,1.0,sell,240.99,ETH-28JUN19-280-C,80.71,0.02,1.0,2,1560258466549,4636213,314
2019-06-11 13:07:46.549,9.0,sell,240.99,ETH-28JUN19-280-C,80.71,0.02,9.0,3,1560258466549,4636214,315
2019-06-11 15:36:15.038,1.0,sell,239.14,ETH-28JUN19-280-C,81.9,0.019,1.0,2,1560267375038,4641142,316
2019-06-11 19:01:19.092,1.0,sell,242.78,ETH-28JUN19-280-C,80.26,0.021,1.0,0,1560279679092,4649208,317
2019-06-12 00:18:58.079,25.0,sell,244.64,ETH-28JUN19-280-C,84.21,0.025,25.0,0,1560298738079,4655853,318
2019-06-12 03:09:09.156,10.0,buy,249.98,ETH-28JUN19-280-C,85.55,0.031,10.0,0,1560308949156,4661201,319
2019-06-12 07:38:27.320,10.0,sell,248.47,ETH-28JUN19-280-C,78.13,0.024,10.0,2,1560325107320,4665065,320
2019-06-12 13:02:20.288,9.0,buy,249.98,ETH-28JUN19-280-C,85.38,0.03,9.0,0,1560344540288,4671483,321
2019-06-12 17:42:56.800,10.0,buy,257.22,ETH-28JUN19-280-C,85.69,0.038,10.0,0,1560361376800,4686136,322
2019-06-12 17:43:52.171,20.0,buy,257.19,ETH-28JUN19-280-C,84.49,0.037000000000000005,20.0,2,1560361432171,4686141,323
2019-06-12 17:57:25.195,20.0,buy,257.96,ETH-28JUN19-280-C,84.8,0.038,20.0,0,1560362245195,4686340,324
2019-06-12 23:57:48.256,5.0,buy,263.19,ETH-28JUN19-280-C,81.75,0.042,5.0,0,1560383868256,4695596,325
2019-06-13 14:10:26.487,2.0,buy,260.72,ETH-28JUN19-280-C,85.43,0.040999999999999995,2.0,2,1560435026487,4713606,326
2019-06-13 14:26:55.120,1.0,buy,259.83,ETH-28JUN19-280-C,85.41,0.04,1.0,2,1560436015120,4713848,327
2019-06-13 22:08:08.397,2.0,sell,260.78,ETH-28JUN19-280-C,78.8,0.035,2.0,2,1560463688397,4724619,328
2019-06-14 01:31:10.993,1.0,buy,253.45,ETH-28JUN19-280-C,81.25,0.027999999999999997,1.0,2,1560475870993,4734651,329
2019-06-14 13:47:37.553,20.0,buy,258.28,ETH-28JUN19-280-C,77.65,0.03,20.0,0,1560520057553,4751869,330
2019-06-15 04:24:15.788,1.0,sell,265.64,ETH-28JUN19-280-C,74.57,0.036000000000000004,1.0,0,1560572655788,4780776,331
2019-06-15 04:57:49.230,1.0,sell,264.88,ETH-28JUN19-280-C,75.63,0.036000000000000004,1.0,1,1560574669230,4781081,332
2019-06-15 04:57:49.230,1.0,sell,264.88,ETH-28JUN19-280-C,75.63,0.036000000000000004,1.0,1,1560574669230,4781082,333
2019-06-15 14:55:59.610,1.0,sell,265.29,ETH-28JUN19-280-C,76.19,0.037000000000000005,1.0,0,1560610559610,4790636,334
2019-06-15 16:17:11.631,1.0,buy,267.23,ETH-28JUN19-280-C,77.47,0.04,1.0,0,1560615431631,4792682,335
2019-06-15 16:17:11.631,2.0,buy,267.23,ETH-28JUN19-280-C,77.47,0.04,2.0,1,1560615431631,4792683,336
2019-06-16 08:03:02.301,10.0,buy,278.45,ETH-28JUN19-280-C,81.66,0.062,10.0,0,1560672182301,4823681,337
2019-06-16 09:14:19.517,5.0,buy,270.8,ETH-28JUN19-280-C,90.17,0.055,5.0,2,1560676459517,4834790,338
2019-06-16 19:52:27.028,180.0,buy,266.08,ETH-28JUN19-280-C,90.17,0.046,180.0,2,1560714747028,4864736,339
2019-06-17 11:46:56.184,1.0,buy,272.95,ETH-28JUN19-280-C,94.56,0.057,1.0,0,1560772016184,4894027,340
2019-06-17 11:47:45.894,1.0,sell,272.91,ETH-28JUN19-280-C,83.23,0.049,1.0,2,1560772065894,4894028,341
2019-06-17 11:47:57.269,1.0,sell,272.91,ETH-28JUN19-280-C,83.23,0.049,1.0,3,1560772077269,4894033,342
2019-06-17 11:57:43.605,111.0,buy,272.67,ETH-28JUN19-280-C,94.16,0.055999999999999994,111.0,0,1560772663605,4894179,343
2019-06-17 13:25:29.214,120.0,buy,272.69,ETH-28JUN19-280-C,94.24,0.055999999999999994,120.0,1,1560777929214,4899355,344
2019-06-17 13:36:50.843,180.0,buy,273.43,ETH-28JUN19-280-C,97.01,0.059000000000000004,180.0,0,1560778610843,4899828,345
2019-06-17 13:48:29.813,111.0,buy,273.01,ETH-28JUN19-280-C,99.19,0.06,111.0,0,1560779309813,4900157,346
2019-06-17 13:49:49.878,111.0,buy,272.99,ETH-28JUN19-280-C,103.46,0.063,111.0,0,1560779389878,4900169,347
2019-06-17 17:17:45.683,2.0,buy,272.04,ETH-28JUN19-280-C,104.59,0.062,2.0,2,1560791865683,4912615,348
2019-06-17 17:18:13.923,18.0,buy,272.12,ETH-28JUN19-280-C,104.38,0.062,18.0,3,1560791893923,4912621,349
2019-06-17 23:02:08.659,35.0,buy,274.83,ETH-28JUN19-280-C,97.88,0.061,35.0,2,1560812528659,4924084,350
2019-06-18 05:22:01.908,20.0,sell,269.1,ETH-28JUN19-280-C,98.78,0.052000000000000005,20.0,2,1560835321908,4939449,351
2019-06-18 05:32:03.787,56.0,sell,268.52,ETH-28JUN19-280-C,100.26,0.052000000000000005,56.0,3,1560835923787,4939962,352
2019-06-18 05:32:03.804,44.0,sell,268.52,ETH-28JUN19-280-C,100.26,0.052000000000000005,44.0,3,1560835923804,4939963,353
2019-06-18 05:46:48.034,51.0,sell,267.2,ETH-28JUN19-280-C,101.32,0.051,51.0,2,1560836808034,4940809,354
2019-06-18 05:46:50.080,11.0,sell,267.08,ETH-28JUN19-280-C,101.61,0.051,11.0,3,1560836810080,4940890,355
2019-06-18 05:46:51.617,63.0,sell,266.99,ETH-28JUN19-280-C,101.89,0.051,63.0,3,1560836811617,4940902,356
2019-06-18 05:46:51.803,56.0,sell,266.99,ETH-28JUN19-280-C,101.89,0.051,56.0,3,1560836811803,4940910,357
2019-06-18 05:46:51.940,3.0,sell,266.99,ETH-28JUN19-280-C,101.89,0.051,3.0,3,1560836811940,4940911,358
2019-06-18 05:46:52.482,16.0,sell,266.99,ETH-28JUN19-280-C,101.89,0.051,16.0,3,1560836812482,4940915,359
2019-06-18 12:48:12.335,1.0,buy,266.94,ETH-28JUN19-280-C,102.48,0.051,1.0,3,1560862092335,4951782,360
2019-06-18 17:24:41.277,106.0,sell,264.02,ETH-28JUN19-280-C,102.92,0.047,106.0,2,1560878681277,4960026,361
2019-06-18 17:24:51.229,44.0,sell,263.87,ETH-28JUN19-280-C,103.3,0.047,44.0,3,1560878691229,4960040,362
2019-06-18 20:24:01.478,60.0,sell,264.7,ETH-28JUN19-280-C,94.72,0.042,60.0,2,1560889441478,4965404,363
2019-06-19 22:00:39.500,10.0,buy,269.17,ETH-28JUN19-280-C,93.46,0.043,10.0,0,1560981639500,4991583,364
2019-06-19 22:11:16.006,92.0,buy,268.48,ETH-28JUN19-280-C,98.38,0.045,92.0,0,1560982276006,4992102,365
2019-06-19 22:11:16.329,92.0,buy,268.48,ETH-28JUN19-280-C,98.38,0.045,92.0,1,1560982276329,4992235,366
2019-06-20 04:01:04.770,1.0,buy,270.55,ETH-28JUN19-280-C,102.38,0.05,1.0,0,1561003264770,4999192,367
2019-06-20 09:44:34.862,30.0,buy,267.67,ETH-28JUN19-280-C,93.92,0.04,30.0,2,1561023874862,5002936,368
2019-06-20 14:52:12.381,1.0,buy,269.34,ETH-28JUN19-280-C,90.38,0.039,1.0,2,1561042332381,5006109,369
