date_utc,amount,direction,indexPrice,instrument,iv,price,quantity,tickDirection,timeStamp,tradeId,tradeSeq
2019-02-15 16:46:18.203,0.5,sell,3559.32,BTC-26APR19-5250-C,56.37,0.006999999999999999,0.5,1,1550249178203,15400242,1
2019-02-16 03:23:58.527,0.1,buy,3583.18,BTC-26APR19-5250-C,58.89,0.009000000000000001,0.1,0,1550287438527,15406227,2
2019-02-18 17:22:05.740,14.5,buy,3873.21,BTC-26APR19-5250-C,56.14,0.0135,14.5,0,1550510525740,15569026,4
2019-02-18 17:22:05.740,0.5,buy,3873.21,BTC-26APR19-5250-C,55.57,0.013000000000000001,0.5,0,1550510525740,15569025,3
2019-02-18 17:22:06.995,14.1,buy,3873.21,BTC-26APR19-5250-C,56.14,0.0135,14.1,1,1550510526995,15569029,5
2019-02-18 18:06:47.984,15.0,sell,3863.6,BTC-26APR19-5250-C,57.17,0.013999999999999999,15.0,0,1550513207984,15571345,6
2019-02-19 12:46:26.644,1.0,buy,3886.93,BTC-26APR19-5250-C,61.29,0.019,1.0,0,1550580386644,15623382,7
2019-02-20 19:58:15.134,5.0,buy,3924.0,BTC-26APR19-5250-C,62.32,0.0205,5.0,0,1550692695134,15709420,8
2019-02-20 19:58:21.396,5.9,buy,3924.21,BTC-26APR19-5250-C,58.31,0.0165,5.9,2,1550692701396,15709510,9
2019-02-20 23:18:34.114,0.1,sell,3924.05,BTC-26APR19-5250-C,59.33,0.0175,0.1,0,1550704714114,15713630,10
2019-02-21 10:36:07.792,8.3,sell,3899.94,BTC-26APR19-5250-C,59.18,0.0165,8.3,2,1550745367792,15738753,11
2019-02-21 10:37:45.563,4.7,sell,3899.79,BTC-26APR19-5250-C,59.2,0.0165,4.7,3,1550745465563,15738771,12
2019-02-23 03:46:10.480,1.2,buy,3939.17,BTC-26APR19-5250-C,58.76,0.0165,1.2,3,1550893570480,15793338,13
2019-02-23 03:46:37.260,0.3,buy,3939.2,BTC-26APR19-5250-C,58.76,0.0165,0.3,3,1550893597260,15793341,14
2019-02-23 07:59:34.640,8.5,buy,3926.98,BTC-26APR19-5250-C,59.32,0.0165,8.5,3,1550908774640,15797498,15
2019-02-23 12:48:09.958,1.0,sell,3936.27,BTC-26APR19-5250-C,59.65,0.017,1.0,0,1550926089958,15802859,16
2019-02-23 18:00:09.582,0.5,buy,4093.63,BTC-26APR19-5250-C,55.92,0.0185,0.5,0,1550944809582,15829848,17
2019-02-24 15:46:56.509,3.0,buy,3785.31,BTC-26APR19-5250-C,64.55,0.015,3.0,2,1551023216509,15937549,18
2019-02-24 16:13:05.042,1.0,buy,3766.39,BTC-26APR19-5250-C,65.17,0.015,1.0,3,1551024785042,15943381,19
2019-02-24 20:23:36.332,2.0,buy,3778.01,BTC-26APR19-5250-C,63.69,0.014,2.0,2,1551039816332,15956642,20
2019-02-24 22:26:28.234,1.0,sell,3756.57,BTC-26APR19-5250-C,63.13,0.013,1.0,2,1551047188234,15962451,21
2019-02-25 02:52:28.779,20.7,sell,3770.03,BTC-26APR19-5250-C,63.19,0.0135,20.7,0,1551063148779,15971844,22
2019-02-25 09:10:56.171,0.2,sell,3780.02,BTC-26APR19-5250-C,62.43,0.013,0.2,2,1551085856171,15981197,23
2019-02-25 14:05:13.594,1.0,sell,3767.93,BTC-26APR19-5250-C,61.62,0.012,1.0,2,1551103513594,15989195,24
2019-02-26 16:26:12.295,10.0,sell,3792.52,BTC-26APR19-5250-C,61.37,0.012,10.0,3,1551198372295,16036232,25
2019-02-26 17:35:38.993,5.0,sell,3789.94,BTC-26APR19-5250-C,60.1,0.011,5.0,2,1551202538993,16037652,26
2019-02-28 09:04:05.426,10.0,buy,3820.55,BTC-26APR19-5250-C,59.14,0.0105,10.0,2,1551344645426,16098264,27
2019-02-28 09:08:52.526,5.0,buy,3826.27,BTC-26APR19-5250-C,58.95,0.0105,5.0,3,1551344932526,16098485,28
2019-02-28 09:08:52.526,5.0,buy,3826.27,BTC-26APR19-5250-C,58.95,0.0105,5.0,3,1551344932526,16098486,29
2019-02-28 09:10:41.240,5.0,buy,3826.44,BTC-26APR19-5250-C,58.88,0.0105,5.0,3,1551345041240,16098570,30
2019-03-08 18:36:14.363,10.0,buy,3884.8,BTC-26APR19-5250-C,54.52,0.0065,10.0,2,1552070174363,16391107,31
2019-03-08 18:36:14.363,1.0,buy,3884.8,BTC-26APR19-5250-C,54.52,0.0065,1.0,3,1552070174363,16391108,32
2019-03-08 19:43:13.032,5.0,buy,3891.17,BTC-26APR19-5250-C,57.03,0.008,5.0,1,1552074193032,16391639,39
2019-03-08 19:43:13.032,10.0,buy,3891.17,BTC-26APR19-5250-C,57.03,0.008,10.0,0,1552074193032,16391637,37
2019-03-08 19:43:13.032,16.0,buy,3891.17,BTC-26APR19-5250-C,57.03,0.008,16.0,1,1552074193032,16391638,38
2019-03-08 19:43:13.032,5.1000000000000005,buy,3891.17,BTC-26APR19-5250-C,57.03,0.008,5.1000000000000005,1,1552074193032,16391640,40
2019-03-08 19:43:13.032,10.0,buy,3891.17,BTC-26APR19-5250-C,55.29,0.006999999999999999,10.0,0,1552074193032,16391633,33
2019-03-08 19:43:13.032,10.0,buy,3891.17,BTC-26APR19-5250-C,56.17,0.0075,10.0,0,1552074193032,16391635,35
2019-03-08 19:43:13.032,5.0,buy,3891.17,BTC-26APR19-5250-C,55.29,0.006999999999999999,5.0,1,1552074193032,16391634,34
2019-03-08 19:43:13.032,27.9,buy,3891.17,BTC-26APR19-5250-C,56.17,0.0075,27.9,1,1552074193032,16391636,36
2019-03-10 03:09:43.810,5.0,sell,3898.41,BTC-26APR19-5250-C,52.01,0.005,5.0,2,1552187383810,16451242,41
2019-03-10 05:01:21.710,10.0,buy,3895.73,BTC-26APR19-5250-C,56.12,0.006999999999999999,10.0,0,1552194081710,16453203,42
2019-03-11 08:07:11.724,0.2,buy,3864.24,BTC-26APR19-5250-C,56.92,0.0065,0.2,2,1552291631724,16480161,43
2019-03-12 18:15:58.585,15.0,sell,3857.7,BTC-26APR19-5250-C,52.48,0.004,15.0,2,1552414558585,16524452,44
2019-03-12 21:19:48.967,1.0,buy,3864.3,BTC-26APR19-5250-C,55.88,0.0055,1.0,0,1552425588967,16525673,45
2019-03-14 02:13:54.313,1.0,buy,3856.25,BTC-26APR19-5250-C,55.93,0.005,1.0,2,1552529634313,16548551,46
2019-03-15 12:15:02.707,1.0,sell,3885.25,BTC-26APR19-5250-C,55.55,0.005,1.0,3,1552652102707,16588733,47
2019-03-15 23:21:47.540,10.0,buy,3899.01,BTC-26APR19-5250-C,56.65,0.0055,10.0,0,1552692107540,16602452,48
2019-03-15 23:21:47.540,16.0,buy,3899.01,BTC-26APR19-5250-C,56.65,0.0055,16.0,1,1552692107540,16602453,49
2019-03-15 23:26:09.521,9.6,buy,3899.87,BTC-26APR19-5250-C,57.64,0.006,9.6,0,1552692369521,16602475,50
2019-03-15 23:26:57.703,9.8,buy,3899.89,BTC-26APR19-5250-C,58.67,0.0065,9.8,0,1552692417703,16602477,51
2019-03-15 23:26:57.703,10.4,buy,3899.89,BTC-26APR19-5250-C,58.67,0.0065,10.4,1,1552692417703,16602478,52
2019-03-16 23:23:05.192,10.0,buy,3989.24,BTC-26APR19-5250-C,55.92,0.0065,10.0,1,1552778585192,16649823,53
2019-03-16 23:23:05.192,16.0,buy,3989.24,BTC-26APR19-5250-C,55.92,0.0065,16.0,1,1552778585192,16649824,54
2019-03-16 23:23:05.192,23.8,buy,3989.24,BTC-26APR19-5250-C,55.92,0.0065,23.8,1,1552778585192,16649825,55
2019-03-17 22:37:51.193,0.5,sell,3967.99,BTC-26APR19-5250-C,54.44,0.005,0.5,2,1552862271193,16667626,56
2019-03-18 00:03:24.493,0.5,sell,3963.41,BTC-26APR19-5250-C,54.62,0.005,0.5,3,1552867404493,16668468,57
2019-03-19 00:26:52.552,4.0,sell,3974.58,BTC-26APR19-5250-C,52.27,0.004,4.0,2,1552955212552,16695401,58
2019-03-19 00:55:11.907,13.0,buy,3980.32,BTC-26APR19-5250-C,53.4,0.0045,13.0,1,1552956911907,16695821,61
2019-03-19 00:55:11.907,16.0,buy,3980.32,BTC-26APR19-5250-C,53.4,0.0045,16.0,0,1552956911907,16695819,59
2019-03-19 00:55:11.907,10.0,buy,3980.32,BTC-26APR19-5250-C,53.4,0.0045,10.0,1,1552956911907,16695820,60
2019-03-19 13:31:39.811,0.1,buy,3969.99,BTC-26APR19-5250-C,52.68,0.004,0.1,2,1553002299811,16704905,62
2019-03-19 21:42:28.329,16.0,buy,3989.68,BTC-26APR19-5250-C,53.67,0.0045,16.0,1,1553031748329,16716376,64
2019-03-19 21:42:28.329,27.4,buy,3989.68,BTC-26APR19-5250-C,53.67,0.0045,27.4,1,1553031748329,16716378,66
2019-03-19 21:42:28.329,8.4,buy,3989.68,BTC-26APR19-5250-C,53.67,0.0045,8.4,1,1553031748329,16716377,65
2019-03-19 21:42:28.329,10.0,buy,3989.68,BTC-26APR19-5250-C,53.67,0.0045,10.0,0,1553031748329,16716375,63
2019-03-19 21:48:32.443,8.4,buy,3989.2,BTC-26APR19-5250-C,54.9,0.005,8.4,0,1553032112443,16716396,67
2019-03-20 17:58:08.786,6.0,buy,3996.1,BTC-26APR19-5250-C,52.81,0.004,6.0,2,1553104688786,16737504,68
2019-03-22 08:08:10.980,1.0,buy,3967.57,BTC-26APR19-5250-C,55.02,0.004,1.0,3,1553242090980,16775752,69
2019-03-22 09:05:24.365,0.5,sell,3977.66,BTC-26APR19-5250-C,53.22,0.0035,0.5,2,1553245524365,16776388,70
2019-03-22 11:42:13.753,3.5,sell,3982.48,BTC-26APR19-5250-C,53.17,0.0035,3.5,3,1553254933753,16777244,71
2019-03-22 22:05:28.508,9.0,buy,3984.82,BTC-26APR19-5250-C,54.8,0.004,9.0,0,1553292328508,16782601,72
2019-03-22 22:06:03.264,40.0,sell,3984.98,BTC-26APR19-5250-C,54.79,0.004,40.0,1,1553292363264,16782604,73
2019-03-23 21:14:56.277,37.0,sell,3974.99,BTC-26APR19-5250-C,55.89,0.004,37.0,1,1553375696277,16795537,74
2019-03-23 21:18:05.771,5.0,sell,3974.47,BTC-26APR19-5250-C,55.91,0.004,5.0,1,1553375885771,16795539,75
2019-03-23 21:40:00.744,1.0,buy,3976.49,BTC-26APR19-5250-C,57.27,0.0045,1.0,0,1553377200744,16795636,76
2019-03-25 19:04:33.964,15.0,sell,3859.01,BTC-26APR19-5250-C,56.89,0.0025,15.0,2,1553540673964,16823411,77
2019-03-25 19:04:33.964,9.3,sell,3859.01,BTC-26APR19-5250-C,56.89,0.0025,9.3,3,1553540673964,16823412,78
2019-03-25 19:04:55.223,20.0,sell,3861.38,BTC-26APR19-5250-C,56.83,0.0025,20.0,3,1553540695223,16823566,80
2019-03-25 19:04:55.223,5.7,sell,3861.38,BTC-26APR19-5250-C,56.83,0.0025,5.7,3,1553540695223,16823565,79
2019-03-25 19:32:07.838,0.5,buy,3898.91,BTC-26APR19-5250-C,57.51,0.003,0.5,0,1553542327838,16825748,81
2019-03-26 17:32:45.197,21.0,sell,3914.68,BTC-26APR19-5250-C,53.73,0.002,21.0,2,1553621565197,16840504,82
2019-03-26 17:42:51.447,9.1,sell,3914.52,BTC-26APR19-5250-C,53.74,0.002,9.1,3,1553622171447,16840535,83
2019-03-27 14:32:02.626,0.6,buy,4009.9,BTC-26APR19-5250-C,54.82,0.003,0.6,0,1553697122626,16864198,84
2019-03-28 17:42:05.001,10.0,buy,4009.45,BTC-26APR19-5250-C,55.6,0.003,10.0,1,1553794925001,16927423,85
2019-03-28 17:42:05.001,4.4,buy,4009.45,BTC-26APR19-5250-C,55.6,0.003,4.4,1,1553794925001,16927424,86
2019-03-28 17:42:26.590,50.0,sell,4009.44,BTC-26APR19-5250-C,55.6,0.003,50.0,1,1553794946590,16927425,87
2019-03-28 17:44:51.418,24.0,sell,4009.01,BTC-26APR19-5250-C,55.61,0.003,24.0,1,1553795091418,16927432,88
2019-03-28 17:47:05.198,21.1,sell,4008.83,BTC-26APR19-5250-C,55.63,0.003,21.1,1,1553795225198,16927453,89
2019-03-28 17:47:13.076,21.1,sell,4008.83,BTC-26APR19-5250-C,55.63,0.003,21.1,1,1553795233076,16927454,90
2019-03-28 17:56:03.554,10.0,sell,4008.46,BTC-26APR19-5250-C,55.63,0.003,10.0,1,1553795763554,16927461,91
2019-03-28 17:57:14.464,20.6,sell,4008.5,BTC-26APR19-5250-C,55.63,0.003,20.6,1,1553795834464,16927467,92
2019-03-28 17:57:17.706,20.6,sell,4008.48,BTC-26APR19-5250-C,55.63,0.003,20.6,1,1553795837706,16927468,93
2019-03-28 18:07:20.655,20.2,sell,4009.04,BTC-26APR19-5250-C,55.65,0.003,20.2,1,1553796440655,16927496,94
2019-03-28 18:07:25.599,20.2,sell,4009.17,BTC-26APR19-5250-C,55.64,0.003,20.2,1,1553796445599,16927497,95
2019-03-28 18:13:23.166,6.9,buy,4009.83,BTC-26APR19-5250-C,57.33,0.0035,6.9,1,1553796803166,16927531,97
2019-03-28 18:13:23.166,10.0,buy,4009.83,BTC-26APR19-5250-C,57.33,0.0035,10.0,0,1553796803166,16927530,96
2019-03-28 18:13:23.166,40.0,buy,4009.83,BTC-26APR19-5250-C,57.33,0.0035,40.0,1,1553796803166,16927534,100
2019-03-28 18:13:23.166,15.0,buy,4009.83,BTC-26APR19-5250-C,57.33,0.0035,15.0,1,1553796803166,16927533,99
2019-03-28 18:13:23.166,24.0,buy,4009.83,BTC-26APR19-5250-C,57.33,0.0035,24.0,1,1553796803166,16927532,98
2019-03-28 18:13:23.286,6.9,sell,4009.83,BTC-26APR19-5250-C,57.33,0.0035,6.9,1,1553796803286,16927535,101
2019-03-28 18:13:25.337,6.9,sell,4009.83,BTC-26APR19-5250-C,57.33,0.0035,6.9,1,1553796805337,16927536,102
2019-03-28 18:13:28.623,35.6,sell,4009.83,BTC-26APR19-5250-C,57.33,0.0035,35.6,1,1553796808623,16927537,103
2019-03-28 18:13:41.387,32.5,sell,4009.68,BTC-26APR19-5250-C,57.34,0.0035,32.5,1,1553796821387,16927538,104
2019-03-29 11:41:34.025,1.0,buy,4092.77,BTC-26APR19-5250-C,54.58,0.0035,1.0,1,1553859694025,16954761,105
2019-03-29 11:44:58.326,1.0,buy,4093.84,BTC-26APR19-5250-C,54.53,0.0035,1.0,1,1553859898326,16954852,106
2019-03-29 17:22:33.129,4.0,buy,4083.12,BTC-26APR19-5250-C,53.56,0.003,4.0,2,1553880153129,16960354,107
2019-03-30 03:33:05.600,0.4,sell,4091.55,BTC-26APR19-5250-C,49.75,0.002,0.4,2,1553916785600,16968629,108
2019-03-30 03:33:06.627,0.4,sell,4091.55,BTC-26APR19-5250-C,49.75,0.002,0.4,3,1553916786627,16968630,109
2019-03-30 03:33:07.783,0.4,sell,4091.55,BTC-26APR19-5250-C,49.75,0.002,0.4,3,1553916787783,16968633,110
2019-03-30 03:33:08.947,0.4,sell,4091.49,BTC-26APR19-5250-C,49.75,0.002,0.4,3,1553916788947,16968634,111
2019-03-30 03:33:10.063,0.4,sell,4091.59,BTC-26APR19-5250-C,49.75,0.002,0.4,3,1553916790063,16968636,112
2019-04-01 00:25:26.987,27.0,sell,4055.79,BTC-26APR19-5250-C,53.01,0.002,27.0,3,1554078326987,16993499,113
2019-04-01 00:25:26.987,1.0,sell,4055.79,BTC-26APR19-5250-C,53.01,0.002,1.0,3,1554078326987,16993500,114
2019-04-02 05:03:24.239,9.7,sell,4710.39,BTC-26APR19-5250-C,51.86,0.0165,9.7,0,1554181404239,17046935,115
2019-04-02 05:27:56.961,1.0,buy,4984.08,BTC-26APR19-5250-C,45.67,0.026000000000000002,1.0,0,1554182876961,17064746,116
2019-04-02 06:55:05.171,0.1,buy,4736.47,BTC-26APR19-5250-C,52.32,0.018000000000000002,0.1,2,1554188105171,17087913,117
2019-04-02 09:07:31.149,100.0,buy,4700.41,BTC-26APR19-5250-C,60.7,0.023,100.0,0,1554196051149,17095752,118
2019-04-02 09:30:02.310,0.1,buy,4787.51,BTC-26APR19-5250-C,56.49,0.024,0.1,0,1554197402310,17098117,119
2019-04-02 09:38:42.454,10.0,buy,4828.11,BTC-26APR19-5250-C,55.62,0.0255,10.0,0,1554197922454,17099785,120
2019-04-02 11:51:51.393,2.5,sell,4779.78,BTC-26APR19-5250-C,57.1,0.024,2.5,2,1554205911393,17107957,121
2019-04-02 12:13:13.395,1.0,buy,4779.78,BTC-26APR19-5250-C,57.69,0.0245,1.0,0,1554207193395,17108342,122
2019-04-02 12:37:33.709,0.5,buy,4818.38,BTC-26APR19-5250-C,59.74,0.0285,0.5,0,1554208653709,17109424,123
2019-04-02 16:16:25.923,1.0,sell,4725.85,BTC-26APR19-5250-C,57.71,0.0215,1.0,2,1554221785923,17122287,124
2019-04-02 16:47:28.239,1.0,sell,4736.65,BTC-26APR19-5250-C,58.27,0.0225,1.0,0,1554223648239,17123030,125
2019-04-02 17:19:56.114,1.0,buy,4729.33,BTC-26APR19-5250-C,61.13,0.0245,1.0,1,1554225596114,17123802,127
2019-04-02 17:19:56.114,1.0,buy,4729.33,BTC-26APR19-5250-C,61.13,0.0245,1.0,0,1554225596114,17123801,126
2019-04-02 17:50:45.446,6.0,buy,4728.19,BTC-26APR19-5250-C,61.81,0.025,6.0,0,1554227445446,17125818,128
2019-04-02 19:45:50.669,1.0,buy,4744.72,BTC-26APR19-5250-C,57.93,0.0225,1.0,2,1554234350669,17127635,129
2019-04-02 19:54:22.154,1.0,buy,4761.93,BTC-26APR19-5250-C,57.45,0.023,1.0,0,1554234862154,17128032,130
2019-04-02 19:57:03.370,1.0,buy,4767.71,BTC-26APR19-5250-C,61.73,0.027000000000000003,1.0,0,1554235023370,17128396,131
2019-04-02 20:08:10.944,1.0,sell,4764.39,BTC-26APR19-5250-C,58.49,0.024,1.0,2,1554235690944,17128898,132
2019-04-02 20:14:41.138,1.0,buy,4802.87,BTC-26APR19-5250-C,58.91,0.0265,1.0,0,1554236081138,17130320,133
2019-04-02 20:19:52.543,1.0,sell,4815.26,BTC-26APR19-5250-C,57.54,0.026000000000000002,1.0,2,1554236392543,17131002,134
2019-04-02 22:03:55.488,0.1,buy,4804.82,BTC-26APR19-5250-C,61.69,0.028999999999999998,0.1,0,1554242635488,17140071,135
2019-04-02 23:37:30.649,3.2,buy,4915.25,BTC-26APR19-5250-C,61.81,0.036000000000000004,3.2,0,1554248250649,17148504,136
2019-04-02 23:37:38.790,3.2,buy,4920.22,BTC-26APR19-5250-C,61.46,0.036000000000000004,3.2,1,1554248258790,17148526,137
2019-04-02 23:37:40.766,0.7000000000000001,buy,4920.8,BTC-26APR19-5250-C,61.42,0.036000000000000004,0.7000000000000001,1,1554248260766,17148538,138
2019-04-02 23:37:43.667,0.3,buy,4921.66,BTC-26APR19-5250-C,61.36,0.036000000000000004,0.3,1,1554248263667,17148551,139
2019-04-02 23:37:47.490,0.7000000000000001,buy,4923.69,BTC-26APR19-5250-C,61.22,0.036000000000000004,0.7000000000000001,1,1554248267490,17148576,140
2019-04-02 23:37:48.831,0.4,buy,4925.2,BTC-26APR19-5250-C,61.11,0.036000000000000004,0.4,1,1554248268831,17148594,141
2019-04-02 23:37:49.440,0.3,buy,4925.25,BTC-26APR19-5250-C,61.11,0.036000000000000004,0.3,1,1554248269440,17148596,142
2019-04-02 23:37:50.267,0.2,buy,4926.66,BTC-26APR19-5250-C,61.01,0.036000000000000004,0.2,1,1554248270267,17148599,143
2019-04-02 23:37:52.500,1.0,buy,4928.44,BTC-26APR19-5250-C,60.88,0.036000000000000004,1.0,1,1554248272500,17148604,144
2019-04-02 23:37:52.500,2.0,buy,4928.44,BTC-26APR19-5250-C,60.88,0.036000000000000004,2.0,1,1554248272500,17148605,145
2019-04-03 02:15:52.989,2.0,buy,4981.63,BTC-26APR19-5250-C,69.5,0.048,2.0,0,1554257752989,17168473,146
2019-04-03 04:55:02.025,6.6000000000000005,buy,4919.09,BTC-26APR19-5250-C,74.83,0.0485,6.6000000000000005,0,1554267302025,17186773,148
2019-04-03 04:55:02.025,0.4,buy,4919.09,BTC-26APR19-5250-C,72.78,0.0465,0.4,2,1554267302025,17186772,147
2019-04-03 07:24:46.384,0.3,sell,4972.23,BTC-26APR19-5250-C,70.53,0.048,0.3,2,1554276286384,17190430,149
2019-04-03 07:42:50.375,0.3,sell,4974.65,BTC-26APR19-5250-C,70.37,0.048,0.3,3,1554277370375,17190806,150
2019-04-03 07:55:48.525,0.4,sell,4953.93,BTC-26APR19-5250-C,71.94,0.048,0.4,3,1554278148525,17191173,151
2019-04-03 07:55:56.330,10.0,buy,4954.31,BTC-26APR19-5250-C,71.91,0.048,10.0,3,1554278156330,17191174,152
2019-04-03 09:39:48.353,200.0,buy,4960.54,BTC-26APR19-5250-C,70.53,0.047,200.0,2,1554284388353,17192974,153
2019-04-03 13:44:11.764,0.3,buy,5039.32,BTC-26APR19-5250-C,71.38,0.0535,0.3,0,1554299051764,17201542,154
2019-04-03 13:45:48.875,0.3,sell,5034.85,BTC-26APR19-5250-C,69.71,0.0515,0.3,2,1554299148875,17201582,155
2019-04-03 13:47:35.428,2.0,sell,5034.12,BTC-26APR19-5250-C,69.76,0.0515,2.0,3,1554299255428,17201642,156
2019-04-03 13:48:47.514,2.0,buy,5027.4,BTC-26APR19-5250-C,73.34,0.0545,2.0,0,1554299327514,17201697,157
2019-04-03 14:04:05.167,2.0,sell,5021.52,BTC-26APR19-5250-C,69.75,0.0505,2.0,2,1554300245167,17202349,158
2019-04-03 16:09:09.703,55.0,buy,5077.98,BTC-26APR19-5250-C,73.02,0.057999999999999996,55.0,0,1554307749703,17206745,159
2019-04-03 17:07:30.721,0.1,buy,5182.03,BTC-26APR19-5250-C,71.49,0.065,0.1,0,1554311250721,17216519,160
2019-04-03 17:09:52.887,0.2,sell,5149.79,BTC-26APR19-5250-C,74.23,0.065,0.2,1,1554311392887,17216900,161
2019-04-03 18:19:34.986,0.1,buy,5133.08,BTC-26APR19-5250-C,73.69,0.063,0.1,2,1554315574986,17221893,162
2019-04-03 18:22:35.111,0.4,buy,5144.05,BTC-26APR19-5250-C,72.78,0.063,0.4,3,1554315755111,17222000,163
2019-04-03 18:35:01.349,3.5,buy,5159.91,BTC-26APR19-5250-C,71.45,0.063,3.5,3,1554316501349,17222330,164
2019-04-03 18:47:28.641,0.1,buy,5173.3,BTC-26APR19-5250-C,76.88,0.0695,0.1,0,1554317248641,17223848,165
2019-04-03 19:39:27.870,20.0,buy,5155.59,BTC-26APR19-5250-C,75.42,0.0665,20.0,2,1554320367870,17226612,166
2019-04-03 20:14:52.664,5.2,buy,5200.25,BTC-26APR19-5250-C,75.17,0.07,5.2,0,1554322492664,17229282,167
2019-04-03 20:15:15.875,2.6,buy,5219.41,BTC-26APR19-5250-C,73.5,0.07,2.6,1,1554322515875,17229588,168
2019-04-03 20:15:16.749,7.3,buy,5219.41,BTC-26APR19-5250-C,73.5,0.07,7.3,1,1554322516749,17229598,169
2019-04-03 20:15:16.920,0.8,buy,5219.41,BTC-26APR19-5250-C,73.5,0.07,0.8,1,1554322516920,17229600,170
2019-04-03 20:15:17.461,4.1,buy,5222.21,BTC-26APR19-5250-C,73.25,0.07,4.1,1,1554322517461,17229605,171
2019-04-03 20:15:24.851,5.5,buy,5232.74,BTC-26APR19-5250-C,74.85,0.0725,5.5,0,1554322524851,17229847,172
2019-04-03 20:15:26.143,1.5,buy,5238.45,BTC-26APR19-5250-C,74.34,0.0725,1.5,1,1554322526143,17229885,173
2019-04-03 20:15:26.567,1.1,buy,5238.45,BTC-26APR19-5250-C,74.34,0.0725,1.1,1,1554322526567,17229898,174
2019-04-03 20:15:28.082,0.6,buy,5241.76,BTC-26APR19-5250-C,74.05,0.0725,0.6,1,1554322528082,17229933,175
2019-04-03 20:15:28.290,1.4,buy,5241.76,BTC-26APR19-5250-C,74.05,0.0725,1.4,1,1554322528290,17229943,176
2019-04-03 20:15:30.770,0.7000000000000001,buy,5241.34,BTC-26APR19-5250-C,74.09,0.0725,0.7000000000000001,1,1554322530770,17230000,177
2019-04-03 20:15:34.030,0.6,buy,5241.02,BTC-26APR19-5250-C,74.12,0.0725,0.6,1,1554322534030,17230104,178
2019-04-03 20:15:35.065,0.6,buy,5245.98,BTC-26APR19-5250-C,73.67,0.0725,0.6,1,1554322535065,17230125,179
2019-04-03 20:15:40.326,8.0,buy,5247.64,BTC-26APR19-5250-C,73.53,0.0725,8.0,1,1554322540326,17230236,180
2019-04-03 20:22:57.564,0.1,buy,5275.69,BTC-26APR19-5250-C,73.54,0.075,0.1,0,1554322977564,17232560,181
2019-04-03 20:22:57.564,5.7,buy,5275.69,BTC-26APR19-5250-C,73.54,0.075,5.7,1,1554322977564,17232561,182
2019-04-03 20:22:59.613,0.9,buy,5276.67,BTC-26APR19-5250-C,73.45,0.075,0.9,1,1554322979613,17232570,183
2019-04-03 20:23:00.773,0.7000000000000001,buy,5276.84,BTC-26APR19-5250-C,73.44,0.075,0.7000000000000001,1,1554322980773,17232586,184
2019-04-03 20:23:01.437,0.8,buy,5276.84,BTC-26APR19-5250-C,73.44,0.075,0.8,1,1554322981437,17232595,185
2019-04-03 20:23:02.309,0.6,buy,5277.26,BTC-26APR19-5250-C,73.4,0.075,0.6,1,1554322982309,17232612,186
2019-04-03 20:23:03.664,0.7000000000000001,buy,5279.66,BTC-26APR19-5250-C,73.18,0.075,0.7000000000000001,1,1554322983664,17232621,187
2019-04-03 20:23:16.094,1.6,buy,5294.01,BTC-26APR19-5250-C,71.86,0.075,1.6,1,1554322996094,17232765,188
2019-04-03 20:23:18.834,0.5,buy,5293.21,BTC-26APR19-5250-C,71.94,0.075,0.5,1,1554322998834,17232822,189
2019-04-03 20:23:20.022,1.6,buy,5295.69,BTC-26APR19-5250-C,71.71,0.075,1.6,1,1554323000022,17232845,190
2019-04-03 20:23:20.255,0.4,buy,5295.86,BTC-26APR19-5250-C,71.69,0.075,0.4,1,1554323000255,17232852,191
2019-04-03 20:23:20.502,0.5,buy,5295.86,BTC-26APR19-5250-C,71.69,0.075,0.5,1,1554323000502,17232868,192
2019-04-03 20:23:20.748,0.4,buy,5295.86,BTC-26APR19-5250-C,71.69,0.075,0.4,1,1554323000748,17232873,193
2019-04-03 20:23:21.124,0.4,buy,5295.58,BTC-26APR19-5250-C,71.72,0.075,0.4,1,1554323001124,17232878,194
2019-04-03 20:23:22.302,5.2,buy,5296.21,BTC-26APR19-5250-C,71.66,0.075,5.2,1,1554323002302,17232890,195
2019-04-03 20:23:22.479,1.1,buy,5296.21,BTC-26APR19-5250-C,74.21,0.0775,1.1,0,1554323002479,17232896,196
2019-04-03 20:23:22.505,6.5,buy,5296.21,BTC-26APR19-5250-C,74.21,0.0775,6.5,1,1554323002505,17232897,197
2019-04-03 20:23:22.972,6.4,buy,5296.21,BTC-26APR19-5250-C,74.21,0.0775,6.4,1,1554323002972,17232907,198
2019-04-03 20:23:23.183,6.0,buy,5295.99,BTC-26APR19-5250-C,74.23,0.0775,6.0,1,1554323003183,17232911,199
2019-04-03 20:52:30.029,0.3,buy,5282.72,BTC-26APR19-5250-C,74.97,0.077,0.3,2,1554324750029,17237399,200
2019-04-03 20:54:33.926,30.0,buy,5276.31,BTC-26APR19-5250-C,76.57,0.078,30.0,0,1554324873926,17237566,201
2019-04-03 21:00:46.813,20.0,buy,5304.18,BTC-26APR19-5250-C,76.07,0.08,20.0,0,1554325246813,17238205,202
2019-04-03 21:03:30.860,0.2,buy,5334.92,BTC-26APR19-5250-C,76.28,0.083,0.2,0,1554325410860,17238736,203
2019-04-03 21:32:37.539,14.4,buy,5333.4,BTC-26APR19-5250-C,73.38,0.08,14.4,2,1554327157539,17241474,204
2019-04-03 21:33:45.295,2.0,buy,5334.09,BTC-26APR19-5250-C,73.32,0.08,2.0,3,1554327225295,17241544,205
2019-04-03 21:35:03.007,2.0,buy,5332.87,BTC-26APR19-5250-C,73.43,0.08,2.0,3,1554327303007,17241612,206
2019-04-03 21:43:39.634,1.6,buy,5301.03,BTC-26APR19-5250-C,76.41,0.08,1.6,3,1554327819634,17242281,207
2019-04-03 22:05:44.181,20.0,buy,5224.76,BTC-26APR19-5250-C,77.71,0.0745,20.0,2,1554329144181,17246718,208
2019-04-03 22:58:29.228,1.0,buy,5089.63,BTC-26APR19-5250-C,76.59,0.062,1.0,2,1554332309228,17258009,209
2019-04-03 23:02:52.120,0.1,sell,5020.22,BTC-26APR19-5250-C,78.11,0.057999999999999996,0.1,2,1554332572120,17259320,210
2019-04-03 23:04:58.944,19.9,buy,4967.82,BTC-26APR19-5250-C,78.1,0.054000000000000006,19.9,2,1554332698944,17260739,211
2019-04-03 23:07:12.146,5.0,buy,4816.75,BTC-26APR19-5250-C,78.82,0.044000000000000004,5.0,2,1554332832146,17263859,212
2019-04-03 23:17:27.907,0.5,sell,4881.31,BTC-26APR19-5250-C,80.49,0.05,0.5,0,1554333447907,17269082,213
2019-04-03 23:57:25.628,10.0,buy,4964.48,BTC-26APR19-5250-C,75.83,0.0515,10.0,0,1554335845628,17277971,214
2019-04-03 23:58:01.795,15.0,buy,4967.42,BTC-26APR19-5250-C,76.13,0.052000000000000005,15.0,0,1554335881795,17277994,215
2019-04-04 01:30:01.069,20.0,buy,5036.88,BTC-26APR19-5250-C,79.01,0.06,20.0,0,1554341401069,17283588,216
2019-04-04 04:07:19.217,0.5,sell,4975.05,BTC-26APR19-5250-C,73.24,0.0495,0.5,2,1554350839217,17290947,217
2019-04-04 06:22:35.051,0.2,buy,5057.16,BTC-26APR19-5250-C,78.76,0.061,0.2,0,1554358955051,17294118,218
2019-04-04 06:22:35.051,0.3,buy,5057.16,BTC-26APR19-5250-C,79.27,0.0615,0.3,0,1554358955051,17294119,219
2019-04-04 08:16:40.419,0.2,buy,5045.97,BTC-26APR19-5250-C,77.75,0.059000000000000004,0.2,2,1554365800419,17295948,220
2019-04-04 10:39:01.685,10.5,buy,4981.47,BTC-26APR19-5250-C,76.32,0.0525,10.5,2,1554374341685,17300884,221
2019-04-04 10:39:01.774,0.6,buy,4981.47,BTC-26APR19-5250-C,76.32,0.0525,0.6,3,1554374341774,17300885,222
2019-04-04 10:39:02.522,0.5,buy,4981.47,BTC-26APR19-5250-C,76.32,0.0525,0.5,3,1554374342522,17300886,223
2019-04-04 10:39:40.075,5.2,sell,4978.6,BTC-26APR19-5250-C,76.03,0.052000000000000005,5.2,2,1554374380075,17300902,224
2019-04-04 10:53:26.279,14.4,sell,4976.99,BTC-26APR19-5250-C,74.08,0.05,14.4,2,1554375206279,17301459,225
2019-04-04 10:53:26.279,5.5,sell,4976.99,BTC-26APR19-5250-C,74.08,0.05,5.5,3,1554375206279,17301460,226
2019-04-04 10:57:45.988,0.2,sell,4967.73,BTC-26APR19-5250-C,73.23,0.0485,0.2,2,1554375465988,17301612,227
2019-04-04 11:37:32.872,2.0,sell,4969.85,BTC-26APR19-5250-C,73.64,0.049,2.0,0,1554377852872,17304404,228
2019-04-04 11:38:24.077,5.6000000000000005,sell,4974.19,BTC-26APR19-5250-C,73.3,0.049,5.6000000000000005,1,1554377904077,17304457,230
2019-04-04 11:38:24.077,14.4,sell,4974.19,BTC-26APR19-5250-C,73.3,0.049,14.4,1,1554377904077,17304456,229
2019-04-04 11:39:21.098,13.8,buy,4976.79,BTC-26APR19-5250-C,73.1,0.049,13.8,1,1554377961098,17304577,231
2019-04-04 11:41:13.360,6.2,buy,4983.1,BTC-26APR19-5250-C,73.14,0.0495,6.2,0,1554378073360,17304675,232
2019-04-04 11:44:44.112,14.4,sell,4974.47,BTC-26APR19-5250-C,72.24,0.048,14.4,2,1554378284112,17304802,233
2019-04-04 11:44:44.115,5.6000000000000005,buy,4974.47,BTC-26APR19-5250-C,72.24,0.048,5.6000000000000005,3,1554378284115,17304803,234
2019-04-04 12:06:50.149,0.1,buy,5000.24,BTC-26APR19-5250-C,72.35,0.05,0.1,0,1554379610149,17305346,235
2019-04-04 12:36:43.975,0.1,buy,5002.67,BTC-26APR19-5250-C,73.76,0.0515,0.1,0,1554381403975,17306558,236
2019-04-04 12:36:53.925,3.2,buy,5002.59,BTC-26APR19-5250-C,74.29,0.052000000000000005,3.2,0,1554381413925,17306559,237
2019-04-04 12:49:32.622,0.1,buy,5005.71,BTC-26APR19-5250-C,74.58,0.0525,0.1,0,1554382172622,17306652,238
2019-04-04 12:55:35.497,0.3,buy,5023.43,BTC-26APR19-5250-C,74.74,0.054000000000000006,0.3,0,1554382535497,17307026,239
2019-04-04 12:55:49.081,6.0,sell,5026.01,BTC-26APR19-5250-C,75.05,0.0545,6.0,0,1554382549081,17307062,240
2019-04-04 13:13:47.889,5.0,sell,4996.64,BTC-26APR19-5250-C,74.28,0.0515,5.0,2,1554383627889,17307806,241
2019-04-04 14:03:00.183,10.0,sell,5012.43,BTC-26APR19-5250-C,73.09,0.0515,10.0,3,1554386580183,17309002,242
2019-04-04 14:05:43.519,15.0,buy,5013.13,BTC-26APR19-5250-C,71.48,0.05,15.0,2,1554386743519,17309010,243
2019-04-04 14:05:45.420,2.6,buy,5012.93,BTC-26APR19-5250-C,71.49,0.05,2.6,3,1554386745420,17309011,244
2019-04-04 14:07:30.151,2.4,buy,5014.38,BTC-26APR19-5250-C,71.38,0.05,2.4,3,1554386850151,17309028,245
2019-04-04 14:08:07.908,14.3,sell,5016.05,BTC-26APR19-5250-C,71.25,0.05,14.3,3,1554386887908,17309054,247
2019-04-04 14:08:07.908,5.7,sell,5016.05,BTC-26APR19-5250-C,71.25,0.05,5.7,3,1554386887908,17309053,246
2019-04-04 14:15:32.281,5.0,sell,5034.98,BTC-26APR19-5250-C,69.75,0.05,5.0,3,1554387332281,17309630,248
2019-04-04 14:15:56.299,10.1,buy,5034.56,BTC-26APR19-5250-C,69.79,0.05,10.1,3,1554387356299,17309667,249
2019-04-04 14:17:21.423,4.9,buy,5034.77,BTC-26APR19-5250-C,69.77,0.05,4.9,3,1554387441423,17309707,250
2019-04-04 14:51:19.073,15.0,sell,5005.26,BTC-26APR19-5250-C,68.48,0.0465,15.0,2,1554389479073,17311093,251
2019-04-04 14:52:06.123,4.7,sell,5004.2,BTC-26APR19-5250-C,68.04,0.046,4.7,2,1554389526123,17311100,252
2019-04-04 15:49:44.603,0.2,buy,4994.34,BTC-26APR19-5250-C,69.93,0.047,0.2,0,1554392984603,17312651,253
2019-04-04 15:58:38.315,0.2,buy,5005.73,BTC-26APR19-5250-C,68.52,0.0465,0.2,2,1554393518315,17312895,254
2019-04-04 17:18:00.567,0.3,buy,4961.37,BTC-26APR19-5250-C,69.93,0.0445,0.3,2,1554398280567,17316571,255
2019-04-04 18:01:28.083,0.1,sell,4878.0,BTC-26APR19-5250-C,68.11,0.037000000000000005,0.1,2,1554400888083,17319347,256
2019-04-04 18:25:22.738,0.1,buy,4879.02,BTC-26APR19-5250-C,70.8,0.0395,0.1,0,1554402322738,17323459,257
2019-04-04 20:29:20.229,0.5,sell,4823.24,BTC-26APR19-5250-C,69.98,0.035,0.5,2,1554409760229,17332538,258
2019-04-04 20:38:41.240,4.0,sell,4822.84,BTC-26APR19-5250-C,70.02,0.035,4.0,3,1554410321240,17333065,259
2019-04-04 21:39:43.155,0.1,buy,4908.81,BTC-26APR19-5250-C,67.19,0.038,0.1,0,1554413983155,17337487,260
2019-04-04 21:40:02.922,3.9,buy,4906.4,BTC-26APR19-5250-C,67.36,0.038,3.9,1,1554414002922,17337494,261
2019-04-05 00:11:17.850,25.0,buy,4945.05,BTC-26APR19-5250-C,71.12,0.044000000000000004,25.0,0,1554423077850,17342220,262
2019-04-05 05:13:11.800,0.1,buy,4978.03,BTC-26APR19-5250-C,71.06,0.046,0.1,0,1554441191800,17349686,263
2019-04-05 08:05:33.481,0.2,buy,4954.92,BTC-26APR19-5250-C,73.07,0.046,0.2,1,1554451533481,17354911,264
2019-04-05 08:25:27.499,0.2,buy,4969.76,BTC-26APR19-5250-C,72.47,0.0465,0.2,0,1554452727499,17355722,265
2019-04-05 11:00:37.750,2.5,buy,4963.51,BTC-26APR19-5250-C,72.61,0.046,2.5,2,1554462037750,17358394,266
2019-04-05 12:02:51.452,1.0,sell,5006.23,BTC-26APR19-5250-C,68.77,0.0455,1.0,2,1554465771452,17360738,267
2019-04-05 12:04:02.882,1.0,sell,5000.7,BTC-26APR19-5250-C,68.14,0.0445,1.0,2,1554465842882,17360780,268
2019-04-05 13:11:34.915,3.0,sell,5024.6,BTC-26APR19-5250-C,67.91,0.046,3.0,0,1554469894915,17363596,269
2019-04-05 17:36:51.359,0.2,sell,5000.39,BTC-26APR19-5250-C,68.01,0.044000000000000004,0.2,2,1554485811359,17375624,270
2019-04-05 17:37:14.654,0.1,sell,5000.47,BTC-26APR19-5250-C,67.46,0.0435,0.1,2,1554485834654,17375653,271
2019-04-06 13:39:36.804,4.7,sell,5015.84,BTC-26APR19-5250-C,68.72,0.0445,4.7,0,1554557976804,17394783,272
2019-04-06 13:40:22.644,4.8,sell,5018.01,BTC-26APR19-5250-C,67.44,0.0435,4.8,2,1554558022644,17394796,273
2019-04-06 13:41:22.123,10.0,sell,5021.46,BTC-26APR19-5250-C,66.06,0.0425,10.0,2,1554558082123,17394809,274
2019-04-06 13:41:35.159,5.0,sell,5021.11,BTC-26APR19-5250-C,66.09,0.0425,5.0,3,1554558095159,17394812,275
2019-04-06 13:42:15.088,0.5,sell,5020.14,BTC-26APR19-5250-C,65.61,0.042,0.5,2,1554558135088,17394817,276
2019-04-06 13:42:30.186,5.0,sell,5020.15,BTC-26APR19-5250-C,65.61,0.042,5.0,3,1554558150186,17394823,277
2019-04-06 14:08:32.624,5.5,sell,5022.53,BTC-26APR19-5250-C,66.0,0.0425,5.5,0,1554559712624,17395105,278
2019-04-06 14:08:34.098,8.0,buy,5022.73,BTC-26APR19-5250-C,65.98,0.0425,8.0,1,1554559714098,17395106,279
2019-04-06 14:09:17.914,6.5,buy,5021.66,BTC-26APR19-5250-C,66.07,0.0425,6.5,1,1554559757914,17395107,280
2019-04-06 14:33:44.408,8.700000000000001,sell,5009.62,BTC-26APR19-5250-C,67.64,0.043,8.700000000000001,0,1554561224408,17395373,281
2019-04-06 14:34:40.833,8.0,sell,5010.24,BTC-26APR19-5250-C,65.38,0.041,8.0,2,1554561280833,17395386,282
2019-04-06 14:48:47.734,3.3000000000000003,sell,5023.13,BTC-26APR19-5250-C,66.0,0.0425,3.3000000000000003,0,1554562127734,17395702,283
2019-04-06 14:53:01.248,1.5,sell,5020.06,BTC-26APR19-5250-C,68.46,0.0445,1.5,0,1554562381248,17395741,284
2019-04-06 14:53:41.159,6.3,sell,5020.06,BTC-26APR19-5250-C,67.91,0.044,6.3,2,1554562421159,17395762,285
2019-04-06 15:00:45.140,0.3,buy,5071.66,BTC-26APR19-5250-C,65.25,0.0455,0.3,0,1554562845140,17397084,286
2019-04-06 15:02:43.793,4.7,sell,5050.74,BTC-26APR19-5250-C,65.38,0.044,4.7,2,1554562963793,17397617,287
2019-04-06 15:02:43.793,5.3,sell,5050.74,BTC-26APR19-5250-C,65.38,0.044,5.3,3,1554562963793,17397618,288
2019-04-06 15:03:02.528,12.2,sell,5052.65,BTC-26APR19-5250-C,64.67,0.0435,12.2,2,1554562982528,17397748,289
2019-04-06 15:13:46.716,0.3,buy,5044.68,BTC-26APR19-5250-C,68.09,0.046,0.3,0,1554563626716,17398809,290
2019-04-06 15:18:23.681,0.7000000000000001,sell,5030.06,BTC-26APR19-5250-C,69.31,0.046,0.7000000000000001,1,1554563903681,17399043,291
2019-04-06 16:38:15.590,5.0,buy,5217.06,BTC-26APR19-5250-C,62.1,0.0545,5.0,0,1554568695590,17407614,292
2019-04-06 16:38:20.621,5.0,buy,5216.78,BTC-26APR19-5250-C,67.53,0.0595,5.0,0,1554568700621,17407705,293
2019-04-06 19:15:45.621,0.2,buy,5182.93,BTC-26APR19-5250-C,64.93,0.054000000000000006,0.2,2,1554578145621,17419287,294
2019-04-06 19:19:51.106,1.0,buy,5185.22,BTC-26APR19-5250-C,65.81,0.055,1.0,0,1554578391106,17419570,295
2019-04-06 23:41:25.695,0.3,buy,5060.18,BTC-26APR19-5250-C,69.04,0.0475,0.3,2,1554594085695,17445932,296
2019-04-07 01:53:21.272,1.0,sell,5050.27,BTC-26APR19-5250-C,72.26,0.0495,1.0,0,1554602001272,17448692,297
2019-04-07 03:15:49.425,0.3,buy,5159.32,BTC-26APR19-5250-C,68.77,0.055,0.3,0,1554606949425,17452413,298
2019-04-07 13:40:09.187,50.0,sell,5135.2,BTC-26APR19-5250-C,69.0,0.0525,50.0,2,1554644409187,17467271,299
2019-04-07 18:16:25.174,0.2,buy,5134.74,BTC-26APR19-5250-C,67.17,0.0505,0.2,2,1554660985174,17475327,300
2019-04-07 19:10:47.105,0.1,buy,5156.12,BTC-26APR19-5250-C,66.39,0.0515,0.1,0,1554664247105,17476913,301
2019-04-07 20:31:58.784,0.3,buy,5171.25,BTC-26APR19-5250-C,66.74,0.053,0.3,0,1554669118784,17479684,302
2019-04-07 22:26:12.560,0.1,buy,5185.07,BTC-26APR19-5250-C,68.37,0.0555,0.1,0,1554675972560,17483505,303
2019-04-07 22:26:12.700,0.3,buy,5185.07,BTC-26APR19-5250-C,68.37,0.0555,0.3,1,1554675972700,17483510,304
2019-04-07 22:26:12.730,0.1,buy,5185.07,BTC-26APR19-5250-C,68.37,0.0555,0.1,1,1554675972730,17483511,305
2019-04-07 22:26:12.781,0.2,buy,5185.07,BTC-26APR19-5250-C,68.37,0.0555,0.2,1,1554675972781,17483512,306
2019-04-07 22:26:12.852,0.1,buy,5185.07,BTC-26APR19-5250-C,68.37,0.0555,0.1,1,1554675972852,17483513,307
2019-04-07 22:26:12.886,0.1,buy,5185.07,BTC-26APR19-5250-C,68.37,0.0555,0.1,1,1554675972886,17483514,308
2019-04-07 22:26:12.998,0.1,buy,5185.07,BTC-26APR19-5250-C,68.37,0.0555,0.1,1,1554675972998,17483516,309
2019-04-07 22:26:13.033,0.2,buy,5185.07,BTC-26APR19-5250-C,68.37,0.0555,0.2,1,1554675973033,17483517,310
2019-04-07 22:26:13.109,0.2,buy,5186.18,BTC-26APR19-5250-C,68.26,0.0555,0.2,1,1554675973109,17483521,311
2019-04-07 22:26:13.141,0.2,buy,5186.18,BTC-26APR19-5250-C,68.26,0.0555,0.2,1,1554675973141,17483522,312
2019-04-07 22:26:13.173,0.3,buy,5186.18,BTC-26APR19-5250-C,68.26,0.0555,0.3,1,1554675973173,17483525,313
2019-04-07 22:26:13.252,0.3,buy,5186.18,BTC-26APR19-5250-C,68.26,0.0555,0.3,1,1554675973252,17483530,314
2019-04-07 22:26:13.486,0.3,buy,5186.18,BTC-26APR19-5250-C,68.26,0.0555,0.3,1,1554675973486,17483552,315
2019-04-07 22:26:13.519,0.3,buy,5186.18,BTC-26APR19-5250-C,68.26,0.0555,0.3,1,1554675973519,17483555,316
2019-04-07 22:26:13.581,0.1,buy,5186.18,BTC-26APR19-5250-C,68.26,0.0555,0.1,1,1554675973581,17483556,317
2019-04-07 22:26:13.616,0.3,buy,5186.18,BTC-26APR19-5250-C,68.26,0.0555,0.3,1,1554675973616,17483558,318
2019-04-07 22:26:13.661,0.3,buy,5186.18,BTC-26APR19-5250-C,68.26,0.0555,0.3,1,1554675973661,17483561,319
2019-04-07 22:26:13.692,0.3,buy,5186.18,BTC-26APR19-5250-C,68.26,0.0555,0.3,1,1554675973692,17483562,320
2019-04-07 22:26:13.794,0.2,buy,5186.18,BTC-26APR19-5250-C,68.26,0.0555,0.2,1,1554675973794,17483563,321
2019-04-07 22:26:13.844,0.3,buy,5186.18,BTC-26APR19-5250-C,68.26,0.0555,0.3,1,1554675973844,17483564,322
2019-04-07 22:26:13.943,0.1,buy,5186.18,BTC-26APR19-5250-C,68.26,0.0555,0.1,1,1554675973943,17483572,323
2019-04-07 22:26:14.006,0.2,buy,5186.18,BTC-26APR19-5250-C,68.26,0.0555,0.2,1,1554675974006,17483573,324
2019-04-07 22:26:14.035,0.2,buy,5186.18,BTC-26APR19-5250-C,68.26,0.0555,0.2,1,1554675974035,17483574,325
2019-04-07 22:26:14.184,0.2,buy,5187.86,BTC-26APR19-5250-C,68.1,0.0555,0.2,1,1554675974184,17483576,326
2019-04-07 22:26:14.344,0.1,buy,5187.86,BTC-26APR19-5250-C,68.1,0.0555,0.1,1,1554675974344,17483577,327
2019-04-07 22:26:14.380,0.1,buy,5187.86,BTC-26APR19-5250-C,68.1,0.0555,0.1,1,1554675974380,17483581,328
2019-04-07 22:26:14.443,0.3,buy,5187.86,BTC-26APR19-5250-C,68.1,0.0555,0.3,1,1554675974443,17483582,329
2019-04-07 22:26:14.495,0.3,buy,5187.86,BTC-26APR19-5250-C,68.1,0.0555,0.3,1,1554675974495,17483583,330
2019-04-07 22:26:14.553,0.2,buy,5187.86,BTC-26APR19-5250-C,68.1,0.0555,0.2,1,1554675974553,17483584,331
2019-04-07 22:26:14.593,0.2,buy,5187.86,BTC-26APR19-5250-C,68.1,0.0555,0.2,1,1554675974593,17483586,332
2019-04-07 22:26:14.638,0.3,buy,5187.86,BTC-26APR19-5250-C,68.1,0.0555,0.3,1,1554675974638,17483594,333
2019-04-07 22:26:14.681,0.2,buy,5187.86,BTC-26APR19-5250-C,68.1,0.0555,0.2,1,1554675974681,17483595,334
2019-04-07 22:26:14.766,0.3,buy,5187.86,BTC-26APR19-5250-C,68.1,0.0555,0.3,1,1554675974766,17483596,335
2019-04-07 22:26:15.269,0.1,buy,5188.16,BTC-26APR19-5250-C,68.07,0.0555,0.1,1,1554675975269,17483598,336
2019-04-07 22:26:15.389,0.1,buy,5188.16,BTC-26APR19-5250-C,68.07,0.0555,0.1,1,1554675975389,17483599,337
2019-04-07 22:26:15.413,0.1,buy,5188.16,BTC-26APR19-5250-C,68.07,0.0555,0.1,1,1554675975413,17483601,338
2019-04-07 22:26:15.463,0.1,buy,5188.16,BTC-26APR19-5250-C,68.07,0.0555,0.1,1,1554675975463,17483602,339
2019-04-07 22:26:15.480,0.3,buy,5188.16,BTC-26APR19-5250-C,68.07,0.0555,0.3,1,1554675975480,17483603,340
2019-04-07 22:26:15.523,0.2,buy,5188.16,BTC-26APR19-5250-C,68.07,0.0555,0.2,1,1554675975523,17483604,341
2019-04-07 22:26:15.549,0.3,buy,5188.16,BTC-26APR19-5250-C,68.07,0.0555,0.3,1,1554675975549,17483605,342
2019-04-07 22:26:15.578,0.2,buy,5188.16,BTC-26APR19-5250-C,68.07,0.0555,0.2,1,1554675975578,17483613,343
2019-04-07 22:26:15.599,0.1,buy,5188.16,BTC-26APR19-5250-C,68.07,0.0555,0.1,1,1554675975599,17483619,344
2019-04-07 22:26:15.645,4.5,buy,5188.16,BTC-26APR19-5250-C,68.63,0.055999999999999994,4.5,0,1554675975645,17483620,345
2019-04-07 22:26:15.661,0.2,sell,5188.16,BTC-26APR19-5250-C,68.63,0.055999999999999994,0.2,1,1554675975661,17483621,346
2019-04-07 22:26:15.694,0.3,buy,5188.16,BTC-26APR19-5250-C,68.07,0.0555,0.3,2,1554675975694,17483622,347
2019-04-07 22:26:15.740,0.3,buy,5188.16,BTC-26APR19-5250-C,68.07,0.0555,0.3,3,1554675975740,17483623,348
2019-04-07 22:26:15.763,0.1,buy,5188.16,BTC-26APR19-5250-C,68.07,0.0555,0.1,3,1554675975763,17483624,349
2019-04-07 22:26:15.792,0.2,buy,5188.16,BTC-26APR19-5250-C,68.07,0.0555,0.2,3,1554675975792,17483625,350
2019-04-07 22:26:15.840,0.2,buy,5188.16,BTC-26APR19-5250-C,68.07,0.0555,0.2,3,1554675975840,17483626,351
2019-04-07 22:26:15.896,0.2,buy,5188.16,BTC-26APR19-5250-C,68.07,0.0555,0.2,3,1554675975896,17483627,352
2019-04-07 22:26:15.912,0.2,buy,5188.16,BTC-26APR19-5250-C,68.07,0.0555,0.2,3,1554675975912,17483628,353
2019-04-07 22:26:15.985,0.2,buy,5188.16,BTC-26APR19-5250-C,68.07,0.0555,0.2,3,1554675975985,17483630,354
2019-04-07 22:26:16.034,0.2,buy,5188.16,BTC-26APR19-5250-C,68.07,0.0555,0.2,3,1554675976034,17483631,355
2019-04-07 22:26:16.115,0.1,buy,5188.15,BTC-26APR19-5250-C,68.07,0.0555,0.1,3,1554675976115,17483632,356
2019-04-07 22:26:16.130,0.2,buy,5188.15,BTC-26APR19-5250-C,68.07,0.0555,0.2,3,1554675976130,17483633,357
2019-04-07 22:26:16.159,0.2,buy,5188.15,BTC-26APR19-5250-C,68.07,0.0555,0.2,3,1554675976159,17483636,358
2019-04-07 22:26:16.204,0.1,buy,5188.15,BTC-26APR19-5250-C,68.07,0.0555,0.1,3,1554675976204,17483638,359
2019-04-07 22:26:16.224,0.2,buy,5188.15,BTC-26APR19-5250-C,68.07,0.0555,0.2,3,1554675976224,17483639,360
2019-04-07 22:26:16.266,0.3,buy,5188.15,BTC-26APR19-5250-C,68.07,0.0555,0.3,3,1554675976266,17483640,361
2019-04-07 22:26:16.325,0.2,buy,5188.15,BTC-26APR19-5250-C,68.07,0.0555,0.2,3,1554675976325,17483641,362
2019-04-07 22:26:16.343,0.3,buy,5188.15,BTC-26APR19-5250-C,68.07,0.0555,0.3,3,1554675976343,17483642,363
2019-04-07 22:26:16.382,0.1,buy,5188.15,BTC-26APR19-5250-C,68.07,0.0555,0.1,3,1554675976382,17483643,364
2019-04-07 22:26:16.419,0.2,buy,5188.15,BTC-26APR19-5250-C,68.07,0.0555,0.2,3,1554675976419,17483644,365
2019-04-07 22:26:16.469,0.2,buy,5188.15,BTC-26APR19-5250-C,68.07,0.0555,0.2,3,1554675976469,17483645,366
2019-04-07 22:26:16.515,0.1,buy,5188.15,BTC-26APR19-5250-C,68.07,0.0555,0.1,3,1554675976515,17483646,367
2019-04-07 22:26:16.624,0.3,buy,5188.15,BTC-26APR19-5250-C,68.07,0.0555,0.3,3,1554675976624,17483647,368
2019-04-07 22:26:16.658,0.2,buy,5188.15,BTC-26APR19-5250-C,68.07,0.0555,0.2,3,1554675976658,17483648,369
2019-04-07 22:26:16.713,0.1,buy,5188.15,BTC-26APR19-5250-C,68.07,0.0555,0.1,3,1554675976713,17483649,370
2019-04-07 22:26:16.748,0.1,buy,5188.15,BTC-26APR19-5250-C,68.07,0.0555,0.1,3,1554675976748,17483650,371
2019-04-07 22:26:16.777,0.2,buy,5188.15,BTC-26APR19-5250-C,68.07,0.0555,0.2,3,1554675976777,17483651,372
2019-04-07 22:26:16.837,0.3,buy,5188.15,BTC-26APR19-5250-C,68.07,0.0555,0.3,3,1554675976837,17483652,373
2019-04-07 22:26:16.854,0.2,buy,5188.15,BTC-26APR19-5250-C,68.07,0.0555,0.2,3,1554675976854,17483653,374
2019-04-07 22:26:16.926,0.2,buy,5188.15,BTC-26APR19-5250-C,68.07,0.0555,0.2,3,1554675976926,17483655,375
2019-04-07 22:26:16.972,0.1,buy,5188.15,BTC-26APR19-5250-C,68.07,0.0555,0.1,3,1554675976972,17483656,376
2019-04-07 22:26:17.002,0.2,buy,5188.15,BTC-26APR19-5250-C,68.07,0.0555,0.2,3,1554675977002,17483659,377
2019-04-07 22:26:17.074,0.3,buy,5188.55,BTC-26APR19-5250-C,68.04,0.0555,0.3,3,1554675977074,17483660,378
2019-04-07 22:26:17.120,0.2,buy,5188.55,BTC-26APR19-5250-C,68.04,0.0555,0.2,3,1554675977120,17483661,379
2019-04-07 22:26:17.206,0.1,buy,5188.55,BTC-26APR19-5250-C,68.04,0.0555,0.1,3,1554675977206,17483665,380
2019-04-07 22:26:17.251,0.1,buy,5188.55,BTC-26APR19-5250-C,68.04,0.0555,0.1,3,1554675977251,17483667,381
2019-04-07 22:26:17.301,0.3,buy,5188.55,BTC-26APR19-5250-C,68.04,0.0555,0.3,3,1554675977301,17483669,382
2019-04-07 22:26:17.343,0.1,buy,5188.55,BTC-26APR19-5250-C,68.04,0.0555,0.1,3,1554675977343,17483672,383
2019-04-07 22:26:17.403,0.3,buy,5188.55,BTC-26APR19-5250-C,68.04,0.0555,0.3,3,1554675977403,17483673,384
2019-04-07 22:26:17.438,0.1,buy,5188.55,BTC-26APR19-5250-C,68.04,0.0555,0.1,3,1554675977438,17483675,385
2019-04-07 22:26:17.456,0.3,buy,5188.55,BTC-26APR19-5250-C,68.04,0.0555,0.3,3,1554675977456,17483676,386
2019-04-07 22:26:17.494,0.2,buy,5188.55,BTC-26APR19-5250-C,68.04,0.0555,0.2,3,1554675977494,17483677,387
2019-04-07 22:26:17.762,0.3,buy,5188.55,BTC-26APR19-5250-C,68.04,0.0555,0.3,3,1554675977762,17483681,388
2019-04-07 22:26:17.788,0.3,buy,5188.55,BTC-26APR19-5250-C,68.04,0.0555,0.3,3,1554675977788,17483682,389
2019-04-07 22:26:17.852,0.3,buy,5188.55,BTC-26APR19-5250-C,68.04,0.0555,0.3,3,1554675977852,17483683,390
2019-04-07 22:26:17.896,0.2,buy,5188.55,BTC-26APR19-5250-C,68.04,0.0555,0.2,3,1554675977896,17483685,391
2019-04-07 22:26:17.954,0.2,buy,5188.55,BTC-26APR19-5250-C,68.04,0.0555,0.2,3,1554675977954,17483686,392
2019-04-07 22:26:17.985,0.2,buy,5188.55,BTC-26APR19-5250-C,68.04,0.0555,0.2,3,1554675977985,17483687,393
2019-04-07 22:26:18.036,0.1,buy,5188.55,BTC-26APR19-5250-C,68.04,0.0555,0.1,3,1554675978036,17483690,394
2019-04-07 22:26:18.111,0.1,buy,5189.91,BTC-26APR19-5250-C,67.91,0.0555,0.1,3,1554675978111,17483694,395
2019-04-07 22:26:18.152,0.2,buy,5189.91,BTC-26APR19-5250-C,67.91,0.0555,0.2,3,1554675978152,17483695,396
2019-04-07 22:26:18.182,0.1,buy,5189.91,BTC-26APR19-5250-C,67.91,0.0555,0.1,3,1554675978182,17483696,397
2019-04-07 22:26:18.211,0.3,buy,5189.91,BTC-26APR19-5250-C,67.91,0.0555,0.3,3,1554675978211,17483697,398
2019-04-07 22:26:18.274,0.3,buy,5189.91,BTC-26APR19-5250-C,67.91,0.0555,0.3,3,1554675978274,17483699,399
2019-04-07 22:26:18.322,0.2,buy,5189.91,BTC-26APR19-5250-C,67.91,0.0555,0.2,3,1554675978322,17483700,400
2019-04-07 22:26:18.369,0.2,buy,5189.91,BTC-26APR19-5250-C,67.91,0.0555,0.2,3,1554675978369,17483702,401
2019-04-07 22:26:18.409,0.3,buy,5189.91,BTC-26APR19-5250-C,67.91,0.0555,0.3,3,1554675978409,17483703,402
2019-04-07 22:26:18.440,0.1,buy,5189.91,BTC-26APR19-5250-C,67.91,0.0555,0.1,3,1554675978440,17483705,403
2019-04-07 22:26:18.486,0.2,buy,5189.91,BTC-26APR19-5250-C,67.91,0.0555,0.2,3,1554675978486,17483706,404
2019-04-07 22:26:18.526,0.1,buy,5189.91,BTC-26APR19-5250-C,67.91,0.0555,0.1,3,1554675978526,17483707,405
2019-04-07 22:26:18.540,0.1,buy,5189.91,BTC-26APR19-5250-C,67.91,0.0555,0.1,3,1554675978540,17483708,406
2019-04-07 22:52:22.111,4.6000000000000005,buy,5152.79,BTC-26APR19-5250-C,68.09,0.0525,4.6000000000000005,2,1554677542111,17489435,407
2019-04-07 23:15:51.964,1.0,buy,5202.18,BTC-26APR19-5250-C,70.7,0.059000000000000004,1.0,0,1554678951964,17493319,408
2019-04-08 01:20:24.918,0.3,buy,5322.55,BTC-26APR19-5250-C,68.23,0.0675,0.3,0,1554686424918,17502352,409
2019-04-08 02:09:11.042,0.5,buy,5337.07,BTC-26APR19-5250-C,69.59,0.07,0.5,0,1554689351042,17505329,410
2019-04-08 10:13:41.133,0.1,sell,5245.08,BTC-26APR19-5250-C,66.76,0.0585,0.1,2,1554718421133,17523404,411
2019-04-08 11:42:49.962,3.0,sell,5173.28,BTC-26APR19-5250-C,68.86,0.054000000000000006,3.0,2,1554723769962,17528175,412
2019-04-09 01:54:12.998,1.0,sell,5265.13,BTC-26APR19-5250-C,68.24,0.0605,1.0,0,1554774852998,17553807,413
2019-04-09 02:00:11.351,1.0,sell,5257.46,BTC-26APR19-5250-C,67.89,0.0595,1.0,2,1554775211351,17553925,414
2019-04-09 05:40:33.477,1.0,buy,5183.09,BTC-26APR19-5250-C,67.64,0.0525,1.0,2,1554788433477,17561338,415
2019-04-09 11:53:01.039,0.5,sell,5203.04,BTC-26APR19-5250-C,65.58,0.052000000000000005,0.5,2,1554810781039,17572097,416
2019-04-09 14:28:20.350,1.3,sell,5201.84,BTC-26APR19-5250-C,65.91,0.052000000000000005,1.3,3,1554820100350,17576401,417
2019-04-09 19:48:30.924,6.0,sell,5212.85,BTC-26APR19-5250-C,64.63,0.0515,6.0,2,1554839310924,17580546,418
2019-04-09 20:00:07.317,0.5,sell,5214.1,BTC-26APR19-5250-C,63.34,0.0505,0.5,2,1554840007317,17580640,419
2019-04-09 20:26:45.232,2.0,buy,5233.25,BTC-26APR19-5250-C,64.34,0.053,2.0,0,1554841605232,17581083,420
2019-04-10 13:25:00.478,1.0,sell,5267.05,BTC-26APR19-5250-C,56.03,0.048,1.0,2,1554902700478,17600552,421
2019-04-10 15:30:48.456,5.0,sell,5261.93,BTC-26APR19-5250-C,57.36,0.0485,5.0,0,1554910248456,17602759,422
2019-04-10 15:40:41.599,6.0,sell,5269.27,BTC-26APR19-5250-C,56.55,0.0485,6.0,1,1554910841599,17602874,423
2019-04-10 16:22:22.387,1.0,buy,5270.92,BTC-26APR19-5250-C,57.63,0.0495,1.0,0,1554913342387,17605034,424
2019-04-10 17:46:47.981,2.0,sell,5290.54,BTC-26APR19-5250-C,57.95,0.0515,2.0,0,1554918407981,17606094,425
2019-04-10 17:49:10.898,3.0,buy,5294.58,BTC-26APR19-5250-C,57.49,0.0515,3.0,1,1554918550898,17606227,426
2019-04-10 17:54:05.261,0.2,buy,5307.1,BTC-26APR19-5250-C,57.26,0.0525,0.2,0,1554918845261,17606902,427
2019-04-10 18:03:12.248,0.8,buy,5307.02,BTC-26APR19-5250-C,58.51,0.0535,0.8,0,1554919392248,17608354,428
2019-04-10 19:44:30.614,3.9,sell,5420.36,BTC-26APR19-5250-C,61.46,0.067,3.9,0,1554925470614,17625703,429
2019-04-10 20:03:04.177,0.2,sell,5416.16,BTC-26APR19-5250-C,60.12,0.0655,0.2,2,1554926584177,17626530,430
2019-04-10 22:28:03.943,1.0,sell,5279.19,BTC-26APR19-5250-C,61.46,0.053,1.0,2,1554935283943,17649024,431
2019-04-11 09:54:02.203,0.1,sell,5032.31,BTC-26APR19-5250-C,63.53,0.0335,0.1,2,1554976442203,17682220,432
2019-04-11 15:27:23.751,0.1,buy,5055.43,BTC-26APR19-5250-C,62.5,0.034,0.1,1,1554996443751,17704603,434
2019-04-11 15:27:23.751,0.4,buy,5055.43,BTC-26APR19-5250-C,62.5,0.034,0.4,0,1554996443751,17704602,433
2019-04-11 16:53:52.588,0.4,buy,5055.37,BTC-26APR19-5250-C,62.64,0.034,0.4,1,1555001632588,17708705,435
2019-04-11 19:35:17.030,0.4,buy,5052.52,BTC-26APR19-5250-C,59.26,0.031,0.4,2,1555011317030,17713545,436
2019-04-11 19:57:04.770,0.3,sell,5073.35,BTC-26APR19-5250-C,58.61,0.032,0.3,0,1555012624770,17714071,437
2019-04-12 01:50:49.189,0.4,buy,4935.67,BTC-26APR19-5250-C,63.64,0.026000000000000002,0.4,2,1555033849189,17732465,438
2019-04-12 01:51:22.741,0.6,sell,4943.85,BTC-26APR19-5250-C,64.31,0.027000000000000003,0.6,0,1555033882741,17732543,439
2019-04-12 07:06:43.114,10.0,buy,5042.5,BTC-26APR19-5250-C,64.53,0.0335,10.0,0,1555052803114,17739971,440
2019-04-12 07:07:09.396,20.0,buy,5045.09,BTC-26APR19-5250-C,64.28,0.0335,20.0,1,1555052829396,17740035,441
2019-04-12 08:31:51.631,3.2,sell,5019.1,BTC-26APR19-5250-C,59.52,0.027999999999999997,3.2,2,1555057911631,17742295,442
2019-04-12 08:32:20.312,2.0,sell,5018.79,BTC-26APR19-5250-C,58.19,0.027000000000000003,2.0,3,1555057940312,17742308,444
2019-04-12 08:32:20.312,10.0,sell,5018.79,BTC-26APR19-5250-C,58.19,0.027000000000000003,10.0,2,1555057940312,17742307,443
2019-04-12 11:18:28.557,0.1,buy,5079.37,BTC-26APR19-5250-C,61.99,0.034,0.1,0,1555067908557,17746812,445
2019-04-12 17:04:47.937,0.4,sell,5078.66,BTC-26APR19-5250-C,55.27,0.0285,0.4,2,1555088687937,17752466,446
2019-04-12 22:24:19.703,9.6,sell,5057.81,BTC-26APR19-5250-C,55.04,0.0265,9.6,2,1555107859703,17761265,447
2019-04-12 22:41:30.331,0.4,buy,5081.18,BTC-26APR19-5250-C,52.8,0.0265,0.4,3,1555108890331,17761985,448
2019-04-13 16:26:25.738,10.0,sell,5075.66,BTC-26APR19-5250-C,52.77,0.025,10.0,2,1555172785738,17781543,449
2019-04-13 21:21:04.488,3.0,sell,5053.1,BTC-26APR19-5250-C,54.01,0.024,3.0,2,1555190464488,17785552,450
2019-04-13 22:44:01.432,1.0,sell,5064.19,BTC-26APR19-5250-C,50.89,0.0225,1.0,3,1555195441432,17787312,452
2019-04-13 22:44:01.432,0.3,sell,5064.19,BTC-26APR19-5250-C,50.89,0.0225,0.3,2,1555195441432,17787311,451
2019-04-14 07:49:46.184,0.1,buy,5066.97,BTC-26APR19-5250-C,50.68,0.022000000000000002,0.1,2,1555228186184,17793425,453
2019-04-14 08:48:05.811,3.0,sell,5063.57,BTC-26APR19-5250-C,45.91,0.0185,3.0,2,1555231685811,17793982,454
2019-04-14 16:20:37.973,3.0,sell,5087.97,BTC-26APR19-5250-C,49.3,0.022000000000000002,3.0,0,1555258837973,17799055,455
2019-04-14 23:25:56.282,10.0,buy,5153.87,BTC-26APR19-5250-C,55.1,0.0305,10.0,0,1555284356282,17809495,456
2019-04-15 04:56:05.241,2.0,buy,5186.76,BTC-26APR19-5250-C,49.61,0.028999999999999998,2.0,3,1555304165241,17813451,458
2019-04-15 04:56:05.241,3.0,buy,5186.76,BTC-26APR19-5250-C,49.61,0.028999999999999998,3.0,2,1555304165241,17813450,457
2019-04-15 08:05:00.892,0.4,sell,5160.9,BTC-26APR19-5250-C,47.87,0.0255,0.4,2,1555315500892,17815736,459
2019-04-15 08:05:00.892,0.6,sell,5160.9,BTC-26APR19-5250-C,47.87,0.0255,0.6,3,1555315500892,17815737,460
2019-04-15 08:47:14.594,2.7,buy,5149.5,BTC-26APR19-5250-C,54.39,0.028999999999999998,2.7,0,1555318034594,17816111,461
2019-04-15 10:36:45.828,2.0,buy,5151.8,BTC-26APR19-5250-C,52.84,0.027999999999999997,2.0,2,1555324605828,17816862,462
2019-04-15 14:41:13.542,1.0,sell,5164.63,BTC-26APR19-5250-C,48.78,0.026000000000000002,1.0,2,1555339273542,17820229,463
2019-04-15 14:42:15.034,0.8,sell,5165.56,BTC-26APR19-5250-C,48.67,0.026000000000000002,0.8,3,1555339335034,17820236,464
2019-04-15 14:43:17.538,1.2,buy,5168.74,BTC-26APR19-5250-C,48.3,0.026000000000000002,1.2,3,1555339397538,17820254,465
2019-04-15 16:11:04.181,4.7,buy,5147.67,BTC-26APR19-5250-C,51.66,0.0265,4.7,0,1555344664181,17821124,466
2019-04-15 16:13:45.570,0.8,buy,5141.46,BTC-26APR19-5250-C,52.39,0.0265,0.8,1,1555344825570,17821205,467
2019-04-15 16:21:01.149,6.4,buy,5144.95,BTC-26APR19-5250-C,53.49,0.0275,6.4,0,1555345261149,17821504,468
2019-04-15 16:23:14.565,3.6,buy,5140.87,BTC-26APR19-5250-C,54.71,0.027999999999999997,3.6,0,1555345394565,17821516,469
2019-04-15 20:37:53.290,201.3,buy,5009.44,BTC-26APR19-5250-C,54.58,0.0185,201.3,2,1555360673290,17843761,470
2019-04-15 21:23:55.082,0.2,sell,5028.04,BTC-26APR19-5250-C,55.23,0.02,0.2,0,1555363435082,17845967,471
2019-04-16 00:52:44.498,0.1,sell,5046.26,BTC-26APR19-5250-C,52.11,0.019,0.1,2,1555375964498,17849639,472
2019-04-16 03:21:38.174,0.1,sell,5053.77,BTC-26APR19-5250-C,51.59,0.019,0.1,3,1555384898174,17851059,473
2019-04-16 05:27:24.763,2.0,sell,5079.29,BTC-26APR19-5250-C,49.9,0.0195,2.0,0,1555392444763,17852647,474
2019-04-16 05:37:47.172,0.2,buy,5083.48,BTC-26APR19-5250-C,50.27,0.02,0.2,0,1555393067172,17853149,475
2019-04-16 06:20:00.801,0.1,sell,5072.46,BTC-26APR19-5250-C,49.92,0.019,0.1,2,1555395600801,17853702,476
2019-04-16 09:48:16.582,0.1,buy,5082.0,BTC-26APR19-5250-C,50.06,0.0195,0.1,0,1555408096582,17855219,477
2019-04-16 10:00:49.773,0.1,sell,5081.62,BTC-26APR19-5250-C,49.31,0.019,0.1,2,1555408849773,17855377,478
2019-04-16 10:07:36.124,0.1,sell,5075.82,BTC-26APR19-5250-C,49.95,0.019,0.1,3,1555409256124,17855456,479
2019-04-16 11:30:56.931,0.4,sell,5065.1,BTC-26APR19-5250-C,51.26,0.019,0.4,3,1555414256931,17856384,480
2019-04-16 12:29:28.368,9.2,sell,5049.75,BTC-26APR19-5250-C,53.01,0.019,9.2,3,1555417768368,17857098,481
2019-04-16 13:51:41.481,0.1,buy,5047.34,BTC-26APR19-5250-C,51.75,0.018000000000000002,0.1,2,1555422701481,17858612,482
2019-04-16 14:35:08.067,0.3,buy,5053.85,BTC-26APR19-5250-C,53.63,0.0195,0.3,0,1555425308067,17860785,484
2019-04-16 14:35:08.067,0.1,buy,5053.85,BTC-26APR19-5250-C,51.97,0.0185,0.1,0,1555425308067,17860784,483
2019-04-16 14:35:16.037,0.4,buy,5053.7,BTC-26APR19-5250-C,53.65,0.0195,0.4,1,1555425316037,17860806,485
2019-04-16 14:35:16.104,0.4,buy,5053.7,BTC-26APR19-5250-C,53.65,0.0195,0.4,1,1555425316104,17860807,486
2019-04-16 14:35:19.878,0.4,buy,5053.62,BTC-26APR19-5250-C,53.66,0.0195,0.4,1,1555425319878,17860816,487
2019-04-16 14:35:21.700,0.3,buy,5053.86,BTC-26APR19-5250-C,54.46,0.02,0.3,0,1555425321700,17860822,489
2019-04-16 14:35:21.700,0.1,buy,5053.86,BTC-26APR19-5250-C,53.63,0.0195,0.1,1,1555425321700,17860821,488
2019-04-16 14:35:21.793,0.3,buy,5053.86,BTC-26APR19-5250-C,54.46,0.02,0.3,0,1555425321793,17860828,491
2019-04-16 14:35:21.793,0.1,buy,5053.86,BTC-26APR19-5250-C,53.63,0.0195,0.1,2,1555425321793,17860827,490
2019-04-16 14:35:21.847,0.4,buy,5053.86,BTC-26APR19-5250-C,54.46,0.02,0.4,1,1555425321847,17860833,492
2019-04-16 14:35:21.895,0.1,buy,5053.86,BTC-26APR19-5250-C,53.63,0.0195,0.1,2,1555425321895,17860838,493
2019-04-16 14:35:21.895,0.3,buy,5053.86,BTC-26APR19-5250-C,54.46,0.02,0.3,0,1555425321895,17860839,494
2019-04-16 15:37:07.600,0.1,buy,5077.54,BTC-26APR19-5250-C,53.63,0.021,0.1,0,1555429027600,17862271,495
2019-04-16 15:52:16.480,0.1,buy,5088.57,BTC-26APR19-5250-C,54.85,0.0225,0.1,0,1555429936480,17863328,496
2019-04-16 15:52:23.663,0.1,buy,5088.49,BTC-26APR19-5250-C,54.86,0.0225,0.1,1,1555429943663,17863330,497
2019-04-16 16:10:53.503,0.1,buy,5086.43,BTC-26APR19-5250-C,52.7,0.021,0.1,2,1555431053503,17863868,498
2019-04-16 16:52:30.183,0.3,buy,5090.77,BTC-26APR19-5250-C,53.1,0.0215,0.3,0,1555433550183,17864459,499
2019-04-16 17:09:59.659,0.1,buy,5093.3,BTC-26APR19-5250-C,51.22,0.0205,0.1,2,1555434599659,17864677,500
2019-04-16 17:19:44.105,0.1,buy,5098.09,BTC-26APR19-5250-C,51.51,0.021,0.1,0,1555435184105,17864841,501
2019-04-16 17:21:18.535,0.1,buy,5112.41,BTC-26APR19-5250-C,50.68,0.0215,0.1,0,1555435278535,17865223,502
2019-04-16 17:22:52.364,0.1,buy,5110.78,BTC-26APR19-5250-C,52.48,0.0225,0.1,0,1555435372364,17865712,503
2019-04-16 17:29:07.686,0.2,buy,5144.6,BTC-26APR19-5250-C,50.08,0.0235,0.2,0,1555435747686,17866832,504
2019-04-16 17:30:22.980,0.2,buy,5197.62,BTC-26APR19-5250-C,51.21,0.0285,0.2,0,1555435822980,17868794,505
2019-04-16 17:44:40.349,0.4,buy,5192.81,BTC-26APR19-5250-C,54.97,0.0305,0.4,0,1555436680349,17873638,506
2019-04-16 17:44:40.349,9.6,buy,5192.81,BTC-26APR19-5250-C,54.97,0.0305,9.6,1,1555436680349,17873639,507
2019-04-16 17:45:38.045,1.3,buy,5195.77,BTC-26APR19-5250-C,54.58,0.0305,1.3,1,1555436738045,17873682,508
2019-04-16 17:55:57.368,4.0,buy,5222.17,BTC-26APR19-5250-C,53.39,0.032,4.0,0,1555437357368,17874474,509
2019-04-16 17:56:47.075,0.1,sell,5225.7,BTC-26APR19-5250-C,52.91,0.032,0.1,1,1555437407075,17874626,510
2019-04-16 17:57:36.341,0.4,buy,5227.41,BTC-26APR19-5250-C,51.9,0.0315,0.4,2,1555437456341,17874695,511
2019-04-16 17:58:05.821,0.4,buy,5222.72,BTC-26APR19-5250-C,52.55,0.0315,0.4,3,1555437485821,17874768,512
2019-04-16 17:59:24.784,0.4,buy,5213.1,BTC-26APR19-5250-C,51.53,0.03,0.4,2,1555437564784,17874945,513
2019-04-16 17:59:24.784,0.6,buy,5213.1,BTC-26APR19-5250-C,52.3,0.0305,0.6,0,1555437564784,17874946,514
2019-04-16 18:00:27.508,0.4,buy,5211.3,BTC-26APR19-5250-C,50.23,0.028999999999999998,0.4,2,1555437627508,17875079,515
2019-04-16 18:00:58.679,0.4,sell,5217.17,BTC-26APR19-5250-C,49.44,0.028999999999999998,0.4,3,1555437658679,17875125,516
2019-04-16 18:06:45.639,10.0,buy,5209.27,BTC-26APR19-5250-C,49.73,0.0285,10.0,2,1555438005639,17875497,517
2019-04-16 18:11:01.091,10.0,buy,5204.68,BTC-26APR19-5250-C,50.35,0.0285,10.0,3,1555438261091,17875699,518
2019-04-16 18:14:40.266,0.1,sell,5209.33,BTC-26APR19-5250-C,48.97,0.027999999999999997,0.1,2,1555438480266,17875839,519
2019-04-16 18:15:23.139,0.2,sell,5209.92,BTC-26APR19-5250-C,48.89,0.027999999999999997,0.2,3,1555438523139,17875863,520
2019-04-16 18:18:09.737,0.4,sell,5205.48,BTC-26APR19-5250-C,49.48,0.027999999999999997,0.4,3,1555438689737,17875933,521
2019-04-16 18:20:35.479,9.3,sell,5199.04,BTC-26APR19-5250-C,50.34,0.027999999999999997,9.3,3,1555438835479,17876017,522
2019-04-16 18:40:09.085,0.3,buy,5195.18,BTC-26APR19-5250-C,50.88,0.027999999999999997,0.3,3,1555440009085,17876757,523
2019-04-16 18:41:03.517,0.7000000000000001,buy,5196.04,BTC-26APR19-5250-C,51.55,0.0285,0.7000000000000001,0,1555440063517,17876771,524
2019-04-16 19:24:34.410,0.5,buy,5206.75,BTC-26APR19-5250-C,50.99,0.028999999999999998,0.5,1,1555442674410,17878179,526
2019-04-16 19:24:34.410,0.2,buy,5206.75,BTC-26APR19-5250-C,50.99,0.028999999999999998,0.2,0,1555442674410,17878178,525
2019-04-16 21:42:26.914,0.1,buy,5199.74,BTC-26APR19-5250-C,50.62,0.027999999999999997,0.1,2,1555450946914,17880756,527
2019-04-17 00:08:26.330,0.2,buy,5221.43,BTC-26APR19-5250-C,48.74,0.0285,0.2,0,1555459706330,17883239,528
2019-04-17 00:20:48.637,0.1,buy,5249.77,BTC-26APR19-5250-C,50.25,0.032,0.1,0,1555460448637,17885481,529
2019-04-17 00:20:48.643,0.2,sell,5249.77,BTC-26APR19-5250-C,50.25,0.032,0.2,1,1555460448643,17885482,530
2019-04-17 02:09:38.057,0.4,buy,5235.48,BTC-26APR19-5250-C,46.2,0.027999999999999997,0.4,2,1555466978057,17889533,531
2019-04-17 02:11:42.031,0.1,sell,5232.84,BTC-26APR19-5250-C,45.79,0.0275,0.1,2,1555467102031,17889729,532
2019-04-17 02:17:29.796,2.6,buy,5236.12,BTC-26APR19-5250-C,46.12,0.028,2.6,0,1555467449796,17889892,533
2019-04-17 04:08:30.180,0.1,buy,5229.4,BTC-26APR19-5250-C,51.23,0.0305,0.1,0,1555474110180,17891150,534
2019-04-17 08:44:47.049,0.2,sell,5199.04,BTC-26APR19-5250-C,47.18,0.025,0.2,2,1555490687049,17894390,535
2019-04-17 09:57:15.291,0.1,sell,5211.7,BTC-26APR19-5250-C,46.39,0.0255,0.1,0,1555495035291,17895017,536
2019-04-17 10:56:34.413,1.3,sell,5230.3,BTC-26APR19-5250-C,47.09,0.0275,1.3,0,1555498594413,17896228,537
2019-04-17 11:00:32.328,0.6,sell,5230.04,BTC-26APR19-5250-C,47.13,0.0275,0.6,1,1555498832328,17896244,538
2019-04-17 11:27:39.441,0.1,buy,5232.29,BTC-26APR19-5250-C,49.27,0.028999999999999998,0.1,0,1555500459441,17896507,539
2019-04-17 12:01:38.685,0.1,buy,5257.23,BTC-26APR19-5250-C,48.08,0.0305,0.1,0,1555502498685,17897881,540
2019-04-17 13:22:52.111,6.0,buy,5213.33,BTC-26APR19-5250-C,48.15,0.0265,6.0,2,1555507372111,17902455,541
2019-04-17 13:22:53.141,4.0,buy,5215.53,BTC-26APR19-5250-C,47.85,0.0265,4.0,3,1555507373141,17902486,542
2019-04-17 17:36:47.153,1.0,buy,5217.22,BTC-26APR19-5250-C,49.73,0.0275,1.0,0,1555522607153,17905219,543
2019-04-17 20:29:43.469,12.0,buy,5237.95,BTC-26APR19-5250-C,51.16,0.03,12.0,0,1555532983469,17907868,544
2019-04-17 20:29:45.273,8.0,sell,5238.02,BTC-26APR19-5250-C,51.15,0.03,8.0,1,1555532985273,17907869,545
2019-04-18 00:30:57.140,1.0,buy,5239.8,BTC-26APR19-5250-C,52.23,0.0305,1.0,0,1555547457140,17911120,546
2019-04-18 01:34:48.238,0.3,buy,5272.67,BTC-26APR19-5250-C,48.08,0.031,0.3,0,1555551288238,17913111,547
2019-04-18 01:34:48.238,0.2,buy,5272.67,BTC-26APR19-5250-C,48.08,0.031,0.2,1,1555551288238,17913112,548
2019-04-18 02:10:47.210,1.0,buy,5266.84,BTC-26APR19-5250-C,52.43,0.033,1.0,0,1555553447210,17914914,549
2019-04-18 04:19:28.271,1.0,buy,5270.09,BTC-26APR19-5250-C,52.2,0.033,1.0,1,1555561168271,17917340,550
2019-04-18 04:35:05.894,1.0,sell,5265.57,BTC-26APR19-5250-C,47.91,0.03,1.0,2,1555562105894,17917539,551
