date_utc,amount,direction,indexPrice,instrument,iv,price,quantity,tickDirection,timeStamp,tradeId,tradeSeq
2019-02-15 16:46:18.203,0.5,sell,3559.32,BTC-26APR19-5250-C,56.37,0.006999999999999999,0.5,1,1550249178203,15400242,1
2019-02-16 03:23:58.527,0.1,buy,3583.18,BTC-26APR19-5250-C,58.89,0.009000000000000001,0.1,0,1550287438527,15406227,2
2019-02-18 17:22:05.740,14.5,buy,3873.21,BTC-26APR19-5250-C,56.14,0.0135,14.5,0,1550510525740,15569026,4
2019-02-18 17:22:05.740,0.5,buy,3873.21,BTC-26APR19-5250-C,55.57,0.013000000000000001,0.5,0,1550510525740,15569025,3
2019-02-18 17:22:06.995,14.1,buy,3873.21,BTC-26APR19-5250-C,56.14,0.0135,14.1,1,1550510526995,15569029,5
2019-02-18 18:06:47.984,15.0,sell,3863.6,BTC-26APR19-5250-C,57.17,0.013999999999999999,15.0,0,1550513207984,15571345,6
2019-02-19 12:46:26.644,1.0,buy,3886.93,BTC-26APR19-5250-C,61.29,0.019,1.0,0,1550580386644,15623382,7
2019-02-20 19:58:15.134,5.0,buy,3924.0,BTC-26APR19-5250-C,62.32,0.0205,5.0,0,1550692695134,15709420,8
2019-02-20 19:58:21.396,5.9,buy,3924.21,BTC-26APR19-5250-C,58.31,0.0165,5.9,2,1550692701396,15709510,9
2019-02-20 23:18:34.114,0.1,sell,3924.05,BTC-26APR19-5250-C,59.33,0.0175,0.1,0,1550704714114,15713630,10
2019-02-21 10:36:07.792,8.3,sell,3899.94,BTC-26APR19-5250-C,59.18,0.0165,8.3,2,1550745367792,15738753,11
2019-02-21 10:37:45.563,4.7,sell,3899.79,BTC-26APR19-5250-C,59.2,0.0165,4.7,3,1550745465563,15738771,12
2019-02-23 03:46:10.480,1.2,buy,3939.17,BTC-26APR19-5250-C,58.76,0.0165,1.2,3,1550893570480,15793338,13
2019-02-23 03:46:37.260,0.3,buy,3939.2,BTC-26APR19-5250-C,58.76,0.0165,0.3,3,1550893597260,15793341,14
2019-02-23 07:59:34.640,8.5,buy,3926.98,BTC-26APR19-5250-C,59.32,0.0165,8.5,3,1550908774640,15797498,15
2019-02-23 12:48:09.958,1.0,sell,3936.27,BTC-26APR19-5250-C,59.65,0.017,1.0,0,1550926089958,15802859,16
2019-02-23 18:00:09.582,0.5,buy,4093.63,BTC-26APR19-5250-C,55.92,0.0185,0.5,0,1550944809582,15829848,17
2019-02-24 15:46:56.509,3.0,buy,3785.31,BTC-26APR19-5250-C,64.55,0.015,3.0,2,1551023216509,15937549,18
2019-02-24 16:13:05.042,1.0,buy,3766.39,BTC-26APR19-5250-C,65.17,0.015,1.0,3,1551024785042,15943381,19
2019-02-24 20:23:36.332,2.0,buy,3778.01,BTC-26APR19-5250-C,63.69,0.014,2.0,2,1551039816332,15956642,20
2019-02-24 22:26:28.234,1.0,sell,3756.57,BTC-26APR19-5250-C,63.13,0.013,1.0,2,1551047188234,15962451,21
2019-02-25 02:52:28.779,20.7,sell,3770.03,BTC-26APR19-5250-C,63.19,0.0135,20.7,0,1551063148779,15971844,22
2019-02-25 09:10:56.171,0.2,sell,3780.02,BTC-26APR19-5250-C,62.43,0.013,0.2,2,1551085856171,15981197,23
2019-02-25 14:05:13.594,1.0,sell,3767.93,BTC-26APR19-5250-C,61.62,0.012,1.0,2,1551103513594,15989195,24
2019-02-26 16:26:12.295,10.0,sell,3792.52,BTC-26APR19-5250-C,61.37,0.012,10.0,3,1551198372295,16036232,25
2019-02-26 17:35:38.993,5.0,sell,3789.94,BTC-26APR19-5250-C,60.1,0.011,5.0,2,1551202538993,16037652,26
2019-02-28 09:04:05.426,10.0,buy,3820.55,BTC-26APR19-5250-C,59.14,0.0105,10.0,2,1551344645426,16098264,27
2019-02-28 09:08:52.526,5.0,buy,3826.27,BTC-26APR19-5250-C,58.95,0.0105,5.0,3,1551344932526,16098485,28
2019-02-28 09:08:52.526,5.0,buy,3826.27,BTC-26APR19-5250-C,58.95,0.0105,5.0,3,1551344932526,16098486,29
2019-02-28 09:10:41.240,5.0,buy,3826.44,BTC-26APR19-5250-C,58.88,0.0105,5.0,3,1551345041240,16098570,30
2019-03-08 18:36:14.363,10.0,buy,3884.8,BTC-26APR19-5250-C,54.52,0.0065,10.0,2,1552070174363,16391107,31
2019-03-08 18:36:14.363,1.0,buy,3884.8,BTC-26APR19-5250-C,54.52,0.0065,1.0,3,1552070174363,16391108,32
2019-03-08 19:43:13.032,10.0,buy,3891.17,BTC-26APR19-5250-C,57.03,0.008,10.0,0,1552074193032,16391637,37
2019-03-08 19:43:13.032,5.0,buy,3891.17,BTC-26APR19-5250-C,57.03,0.008,5.0,1,1552074193032,16391639,39
2019-03-08 19:43:13.032,16.0,buy,3891.17,BTC-26APR19-5250-C,57.03,0.008,16.0,1,1552074193032,16391638,38
2019-03-08 19:43:13.032,5.1000000000000005,buy,3891.17,BTC-26APR19-5250-C,57.03,0.008,5.1000000000000005,1,1552074193032,16391640,40
2019-03-08 19:43:13.032,10.0,buy,3891.17,BTC-26APR19-5250-C,55.29,0.006999999999999999,10.0,0,1552074193032,16391633,33
2019-03-08 19:43:13.032,5.0,buy,3891.17,BTC-26APR19-5250-C,55.29,0.006999999999999999,5.0,1,1552074193032,16391634,34
2019-03-08 19:43:13.032,10.0,buy,3891.17,BTC-26APR19-5250-C,56.17,0.0075,10.0,0,1552074193032,16391635,35
2019-03-08 19:43:13.032,27.9,buy,3891.17,BTC-26APR19-5250-C,56.17,0.0075,27.9,1,1552074193032,16391636,36
2019-03-10 03:09:43.810,5.0,sell,3898.41,BTC-26APR19-5250-C,52.01,0.005,5.0,2,1552187383810,16451242,41
2019-03-10 05:01:21.710,10.0,buy,3895.73,BTC-26APR19-5250-C,56.12,0.006999999999999999,10.0,0,1552194081710,16453203,42
2019-03-11 08:07:11.724,0.2,buy,3864.24,BTC-26APR19-5250-C,56.92,0.0065,0.2,2,1552291631724,16480161,43
2019-03-12 18:15:58.585,15.0,sell,3857.7,BTC-26APR19-5250-C,52.48,0.004,15.0,2,1552414558585,16524452,44
2019-03-12 21:19:48.967,1.0,buy,3864.3,BTC-26APR19-5250-C,55.88,0.0055,1.0,0,1552425588967,16525673,45
2019-03-14 02:13:54.313,1.0,buy,3856.25,BTC-26APR19-5250-C,55.93,0.005,1.0,2,1552529634313,16548551,46
2019-03-15 12:15:02.707,1.0,sell,3885.25,BTC-26APR19-5250-C,55.55,0.005,1.0,3,1552652102707,16588733,47
2019-03-15 23:21:47.540,10.0,buy,3899.01,BTC-26APR19-5250-C,56.65,0.0055,10.0,0,1552692107540,16602452,48
2019-03-15 23:21:47.540,16.0,buy,3899.01,BTC-26APR19-5250-C,56.65,0.0055,16.0,1,1552692107540,16602453,49
2019-03-15 23:26:09.521,9.6,buy,3899.87,BTC-26APR19-5250-C,57.64,0.006,9.6,0,1552692369521,16602475,50
2019-03-15 23:26:57.703,9.8,buy,3899.89,BTC-26APR19-5250-C,58.67,0.0065,9.8,0,1552692417703,16602477,51
2019-03-15 23:26:57.703,10.4,buy,3899.89,BTC-26APR19-5250-C,58.67,0.0065,10.4,1,1552692417703,16602478,52
2019-03-16 23:23:05.192,10.0,buy,3989.24,BTC-26APR19-5250-C,55.92,0.0065,10.0,1,1552778585192,16649823,53
2019-03-16 23:23:05.192,16.0,buy,3989.24,BTC-26APR19-5250-C,55.92,0.0065,16.0,1,1552778585192,16649824,54
2019-03-16 23:23:05.192,23.8,buy,3989.24,BTC-26APR19-5250-C,55.92,0.0065,23.8,1,1552778585192,16649825,55
2019-03-17 22:37:51.193,0.5,sell,3967.99,BTC-26APR19-5250-C,54.44,0.005,0.5,2,1552862271193,16667626,56
2019-03-18 00:03:24.493,0.5,sell,3963.41,BTC-26APR19-5250-C,54.62,0.005,0.5,3,1552867404493,16668468,57
2019-03-19 00:26:52.552,4.0,sell,3974.58,BTC-26APR19-5250-C,52.27,0.004,4.0,2,1552955212552,16695401,58
2019-03-19 00:55:11.907,16.0,buy,3980.32,BTC-26APR19-5250-C,53.4,0.0045,16.0,0,1552956911907,16695819,59
2019-03-19 00:55:11.907,10.0,buy,3980.32,BTC-26APR19-5250-C,53.4,0.0045,10.0,1,1552956911907,16695820,60
2019-03-19 00:55:11.907,13.0,buy,3980.32,BTC-26APR19-5250-C,53.4,0.0045,13.0,1,1552956911907,16695821,61
2019-03-19 13:31:39.811,0.1,buy,3969.99,BTC-26APR19-5250-C,52.68,0.004,0.1,2,1553002299811,16704905,62
2019-03-19 21:42:28.329,10.0,buy,3989.68,BTC-26APR19-5250-C,53.67,0.0045,10.0,0,1553031748329,16716375,63
2019-03-19 21:42:28.329,16.0,buy,3989.68,BTC-26APR19-5250-C,53.67,0.0045,16.0,1,1553031748329,16716376,64
2019-03-19 21:42:28.329,8.4,buy,3989.68,BTC-26APR19-5250-C,53.67,0.0045,8.4,1,1553031748329,16716377,65
2019-03-19 21:42:28.329,27.4,buy,3989.68,BTC-26APR19-5250-C,53.67,0.0045,27.4,1,1553031748329,16716378,66
2019-03-19 21:48:32.443,8.4,buy,3989.2,BTC-26APR19-5250-C,54.9,0.005,8.4,0,1553032112443,16716396,67
2019-03-20 17:58:08.786,6.0,buy,3996.1,BTC-26APR19-5250-C,52.81,0.004,6.0,2,1553104688786,16737504,68
2019-03-22 08:08:10.980,1.0,buy,3967.57,BTC-26APR19-5250-C,55.02,0.004,1.0,3,1553242090980,16775752,69
2019-03-22 09:05:24.365,0.5,sell,3977.66,BTC-26APR19-5250-C,53.22,0.0035,0.5,2,1553245524365,16776388,70
2019-03-22 11:42:13.753,3.5,sell,3982.48,BTC-26APR19-5250-C,53.17,0.0035,3.5,3,1553254933753,16777244,71
2019-03-22 22:05:28.508,9.0,buy,3984.82,BTC-26APR19-5250-C,54.8,0.004,9.0,0,1553292328508,16782601,72
2019-03-22 22:06:03.264,40.0,sell,3984.98,BTC-26APR19-5250-C,54.79,0.004,40.0,1,1553292363264,16782604,73
2019-03-23 21:14:56.277,37.0,sell,3974.99,BTC-26APR19-5250-C,55.89,0.004,37.0,1,1553375696277,16795537,74
2019-03-23 21:18:05.771,5.0,sell,3974.47,BTC-26APR19-5250-C,55.91,0.004,5.0,1,1553375885771,16795539,75
2019-03-23 21:40:00.744,1.0,buy,3976.49,BTC-26APR19-5250-C,57.27,0.0045,1.0,0,1553377200744,16795636,76
