date_utc,amount,direction,indexPrice,instrument,iv,price,quantity,tickDirection,timeStamp,tradeId,tradeSeq
2019-02-15 15:10:46.699,1.0,buy,3561.14,BTC-27SEP19-7000-P,57.75,1.005,1.0,1,1550243446699,15397894,1
2019-03-17 08:40:35.838,2.0,buy,3953.89,BTC-27SEP19-7000-P,57.76,0.8,2.0,2,1552812035838,16659624,2
2019-03-21 14:49:42.260,2.0,buy,3970.51,BTC-27SEP19-7000-P,59.72,0.8,2.0,3,1553179782260,16760609,3
2019-03-24 20:25:19.555,0.1,buy,3949.65,BTC-27SEP19-7000-P,56.09,0.8,0.1,3,1553459119555,16803819,4
2019-03-25 12:18:47.050,1.9,buy,3957.27,BTC-27SEP19-7000-P,58.53,0.8,1.9,3,1553516327050,16810853,5
2019-03-25 15:59:58.301,3.2,buy,3949.13,BTC-27SEP19-7000-P,54.24,0.8,3.2,3,1553529598301,16813796,6
2019-05-06 09:11:34.713,0.1,buy,5609.66,BTC-27SEP19-7000-P,61.18,0.3275,0.1,2,1557133894713,18944532,7
2019-05-07 23:52:03.205,0.1,buy,5767.08,BTC-27SEP19-7000-P,63.44,0.305,0.1,2,1557273123205,19094881,8
2019-05-11 07:30:43.762,3.0,sell,6870.18,BTC-27SEP19-7000-P,63.36,0.1765,3.0,2,1557559843762,19525294,9
2019-05-11 07:30:46.620,2.0,buy,6866.73,BTC-27SEP19-7000-P,63.22,0.1765,2.0,3,1557559846620,19525343,10
2019-05-11 08:24:18.494,0.1,sell,6792.23,BTC-27SEP19-7000-P,63.78,0.183,0.1,0,1557563058494,19533237,11
2019-05-11 08:25:05.753,2.9,sell,6784.47,BTC-27SEP19-7000-P,63.38,0.183,2.9,1,1557563105753,19533303,12
2019-05-11 08:25:16.284,2.1,buy,6783.8,BTC-27SEP19-7000-P,63.33,0.183,2.1,1,1557563116284,19533329,13
2019-05-11 13:49:18.712,10.0,buy,6816.86,BTC-27SEP19-7000-P,69.15,0.19,10.0,0,1557582558712,19569008,14
2019-05-11 14:49:59.116,1.0,sell,6795.63,BTC-27SEP19-7000-P,69.93,0.19399999999999998,1.0,0,1557586199116,19575364,15
2019-05-11 14:50:11.474,1.0,sell,6795.47,BTC-27SEP19-7000-P,69.73,0.1935,1.0,2,1557586211474,19575377,16
2019-05-11 14:50:25.780,8.0,buy,6795.16,BTC-27SEP19-7000-P,69.52,0.193,8.0,2,1557586225780,19575389,17
2019-05-11 14:52:32.878,5.0,sell,6787.93,BTC-27SEP19-7000-P,69.43,0.19399999999999998,5.0,0,1557586352878,19575532,18
2019-05-12 10:58:48.276,0.2,buy,7207.36,BTC-27SEP19-7000-P,75.11,0.171,0.2,2,1557658728276,19917365,19
2019-05-12 14:58:53.291,1.0,buy,6924.94,BTC-27SEP19-7000-P,74.03,0.1885,1.0,0,1557673133291,19997232,20
2019-05-12 15:50:01.546,0.2,buy,6782.19,BTC-27SEP19-7000-P,84.93,0.2265,0.2,0,1557676201546,20016493,21
2019-05-13 12:27:46.983,1.0,sell,7327.66,BTC-27SEP19-7000-P,76.82,0.162,1.0,2,1557750466983,20173744,22
2019-05-13 14:44:50.304,1.0,sell,7538.51,BTC-27SEP19-7000-P,76.12,0.146,1.0,2,1557758690304,20198743,23
2019-05-13 18:55:46.425,4.0,sell,7859.54,BTC-27SEP19-7000-P,83.74,0.141,4.0,2,1557773746425,20294743,24
2019-05-13 22:09:04.242,0.1,buy,8095.48,BTC-27SEP19-7000-P,88.57,0.13699999999999998,0.1,2,1557785344242,20333434,25
2019-05-13 23:03:42.528,0.1,buy,7861.31,BTC-27SEP19-7000-P,95.48,0.1645,0.1,0,1557788622528,20348330,26
2019-05-14 09:57:34.894,0.1,sell,8083.0,BTC-27SEP19-7000-P,89.74,0.13699999999999998,0.1,2,1557827854894,20493080,27
2019-05-14 14:42:46.757,0.5,sell,8042.32,BTC-27SEP19-7000-P,90.99,0.1435,0.5,0,1557844966757,20532434,28
2019-05-14 14:45:45.000,0.5,buy,7957.45,BTC-27SEP19-7000-P,90.0,0.146,0.5,0,1557845145000,20533513,29
2019-05-14 15:21:20.684,0.1,buy,8084.31,BTC-27SEP19-7000-P,95.39,0.151,0.1,0,1557847280684,20539432,30
2019-05-15 13:01:06.963,0.2,buy,8026.36,BTC-27SEP19-7000-P,95.49,0.1525,0.2,0,1557925266963,20711669,31
2019-05-17 16:08:50.800,1.0,buy,6987.12,BTC-27SEP19-7000-P,91.38,0.2075,1.0,0,1558109330800,21193230,32
2019-05-17 16:27:26.239,1.0,buy,7142.69,BTC-27SEP19-7000-P,91.33,0.195,1.0,2,1558110446239,21196833,33
2019-05-17 20:34:55.238,1.0,buy,7080.08,BTC-27SEP19-7000-P,90.32,0.2,1.0,0,1558125295238,21229704,34
2019-05-17 21:31:39.803,0.2,sell,7200.48,BTC-27SEP19-7000-P,90.97,0.192,0.2,2,1558128699803,21235695,35
2019-05-17 21:48:25.476,5.0,buy,7235.5,BTC-27SEP19-7000-P,94.24,0.1965,5.0,0,1558129705476,21236785,36
2019-05-18 01:05:45.284,0.1,sell,7319.71,BTC-27SEP19-7000-P,89.04,0.1815,0.1,2,1558141545284,21256477,37
2019-05-18 01:30:45.282,0.1,sell,7289.15,BTC-27SEP19-7000-P,88.78,0.1835,0.1,0,1558143045282,21257891,38
2019-05-19 02:47:15.708,0.2,buy,7774.35,BTC-27SEP19-7000-P,94.57,0.1655,0.2,2,1558234035708,21354315,39
2019-05-19 13:36:13.846,1.0,sell,7964.71,BTC-27SEP19-7000-P,88.65,0.1365,1.0,2,1558272973846,21423884,40
2019-05-19 16:16:16.347,0.1,buy,7938.14,BTC-27SEP19-7000-P,96.52,0.1535,0.1,0,1558282576347,21434474,41
2019-05-19 18:06:07.466,2.0,sell,7980.31,BTC-27SEP19-7000-P,85.75,0.129,2.0,2,1558289167466,21442745,42
2019-05-19 21:30:58.343,1.0,buy,8055.84,BTC-27SEP19-7000-P,88.31,0.13,1.0,0,1558301458343,21457874,43
2019-05-20 05:12:17.349,0.1,buy,8010.2,BTC-27SEP19-7000-P,90.08,0.134,0.1,0,1558329137349,21529793,44
2019-05-21 18:56:25.962,3.0,buy,8047.47,BTC-27SEP19-7000-P,85.32,0.123,3.0,2,1558464985962,21717993,45
2019-05-22 04:02:19.805,0.1,buy,7927.9,BTC-27SEP19-7000-P,86.26,0.131,0.1,0,1558497739805,21744204,46
2019-05-22 10:51:14.597,1.0,buy,7878.48,BTC-27SEP19-7000-P,89.65,0.14,1.0,0,1558522274597,21758814,47
2019-05-23 15:29:01.059,2.0,sell,7800.55,BTC-27SEP19-7000-P,85.73,0.139,2.0,2,1558625341059,21912153,48
2019-05-24 05:47:21.199,0.1,sell,7832.79,BTC-27SEP19-7000-P,84.77,0.1315,0.1,2,1558676841199,21964215,49
2019-05-24 08:03:34.165,0.1,sell,7902.35,BTC-27SEP19-7000-P,85.8,0.1295,0.1,2,1558685014165,21969254,50
2019-05-24 08:14:42.194,4.9,sell,7933.43,BTC-27SEP19-7000-P,86.43,0.1295,4.9,3,1558685682194,21970224,51
2019-05-24 16:15:30.640,0.1,sell,8163.28,BTC-27SEP19-7000-P,88.52,0.12,0.1,2,1558714530640,22002430,52
2019-05-25 12:16:42.655,0.1,sell,8060.49,BTC-27SEP19-7000-P,85.74,0.119,0.1,2,1558786602655,22054119,53
2019-05-25 12:17:01.576,5.0,sell,8073.97,BTC-27SEP19-7000-P,83.35,0.1135,5.0,2,1558786621576,22054240,54
2019-05-25 12:17:32.123,5.0,sell,8077.64,BTC-27SEP19-7000-P,82.96,0.1125,5.0,2,1558786652123,22054254,55
2019-05-25 14:13:43.883,3.5,sell,8031.81,BTC-27SEP19-7000-P,81.98,0.113,3.5,0,1558793623883,22058484,56
2019-05-26 05:50:08.788,1.0,sell,7994.46,BTC-27SEP19-7000-P,82.3,0.1145,1.0,0,1558849808788,22086383,57
2019-05-26 07:50:28.531,0.5,sell,8003.67,BTC-27SEP19-7000-P,82.41,0.1145,0.5,1,1558857028531,22091743,58
2019-05-26 14:29:41.477,1.0,sell,7997.24,BTC-27SEP19-7000-P,82.33,0.1155,1.0,0,1558880981477,22105763,59
2019-05-26 19:27:52.115,1.5,sell,8153.97,BTC-27SEP19-7000-P,82.26,0.1075,1.5,2,1558898872115,22117144,60
2019-05-26 19:28:36.115,2.0,sell,8195.08,BTC-27SEP19-7000-P,80.1,0.1005,2.0,2,1558898916115,22119239,61
2019-05-26 19:28:37.520,0.1,sell,8194.19,BTC-27SEP19-7000-P,79.9,0.1,0.1,2,1558898917520,22119359,62
2019-05-26 21:41:34.566,1.0,buy,8644.22,BTC-27SEP19-7000-P,91.66,0.0965,1.0,2,1558906894566,22207721,63
2019-05-27 00:29:15.477,0.1,buy,8879.61,BTC-27SEP19-7000-P,89.77,0.0855,0.1,2,1558916955477,22245889,64
2019-05-27 02:09:16.776,0.1,sell,8810.69,BTC-27SEP19-7000-P,89.2,0.0865,0.1,0,1558922956776,22262462,65
2019-05-27 03:21:48.139,0.1,buy,8770.08,BTC-27SEP19-7000-P,90.64,0.09,0.1,0,1558927308139,22270739,66
2019-05-27 10:09:03.076,1.9,buy,8741.98,BTC-27SEP19-7000-P,90.42,0.09,1.9,1,1558951743076,22285075,67
2019-05-27 10:11:24.109,4.0,buy,8728.07,BTC-27SEP19-7000-P,90.95,0.0915,4.0,0,1558951884109,22285518,68
2019-05-27 10:27:32.235,4.0,buy,8739.19,BTC-27SEP19-7000-P,94.13,0.0965,4.0,0,1558952852235,22286061,69
2019-05-27 12:10:58.737,0.1,sell,8802.24,BTC-27SEP19-7000-P,94.35,0.0935,0.1,2,1558959058737,22294345,70
2019-05-27 20:41:09.212,5.0,sell,8764.74,BTC-27SEP19-7000-P,90.8,0.0885,5.0,2,1558989669212,22356060,71
2019-05-28 07:29:29.397,2.0,sell,8729.36,BTC-27SEP19-7000-P,87.96,0.084,2.0,2,1559028569397,22388843,72
2019-05-28 07:31:00.727,0.2,sell,8730.87,BTC-27SEP19-7000-P,87.89,0.084,0.2,3,1559028660727,22388946,73
2019-05-28 07:31:24.945,2.0,sell,8736.54,BTC-27SEP19-7000-P,88.02,0.084,2.0,3,1559028684945,22389071,74
2019-05-28 17:11:24.214,12.6,buy,8676.84,BTC-27SEP19-7000-P,90.93,0.0915,12.6,0,1559063484214,22428139,75
2019-05-29 08:47:45.019,4.0,buy,8594.66,BTC-27SEP19-7000-P,87.28,0.094,4.0,0,1559119665019,22491721,76
2019-05-30 02:07:14.089,0.5,buy,8605.1,BTC-27SEP19-7000-P,87.15,0.092,0.5,2,1559182034089,22564472,77
2019-05-30 14:12:56.763,0.1,buy,8724.39,BTC-27SEP19-7000-P,86.76,0.0865,0.1,2,1559225576763,22604740,78
2019-05-30 16:21:00.015,5.0,buy,8663.84,BTC-27SEP19-7000-P,86.63,0.0895,5.0,0,1559233260015,22646066,79
2019-05-31 13:41:47.071,0.1,sell,8406.24,BTC-27SEP19-7000-P,84.02,0.0955,0.1,0,1559310107071,22804701,80
2019-05-31 20:08:32.924,0.4,sell,8448.89,BTC-27SEP19-7000-P,83.61,0.092,0.4,2,1559333312924,22837097,81
2019-06-01 07:02:16.623,0.2,sell,8512.77,BTC-27SEP19-7000-P,85.54,0.09,0.2,2,1559372536623,22870144,82
2019-06-02 03:07:55.950,0.1,buy,8560.97,BTC-27SEP19-7000-P,84.79,0.08900000000000001,0.1,2,1559444875950,22911893,83
2019-06-03 10:33:04.357,0.2,sell,8500.04,BTC-27SEP19-7000-P,82.75,0.087,0.2,2,1559557984357,23018001,84
2019-06-03 17:05:32.480,0.4,sell,8510.38,BTC-27SEP19-7000-P,82.84,0.086,0.4,2,1559581532480,23056615,85
2019-06-03 23:59:46.195,4.9,buy,8114.76,BTC-27SEP19-7000-P,84.87,0.107,4.9,1,1559606386195,23112347,87
2019-06-03 23:59:46.195,10.0,buy,8114.76,BTC-27SEP19-7000-P,84.87,0.107,10.0,0,1559606386195,23112346,86
2019-06-03 23:59:46.197,21.4,sell,8114.76,BTC-27SEP19-7000-P,84.87,0.107,21.4,1,1559606386197,23112348,88
2019-06-03 23:59:46.213,3.2,sell,8114.76,BTC-27SEP19-7000-P,84.87,0.107,3.2,1,1559606386213,23112349,89
2019-06-04 06:38:29.968,8.5,sell,7800.86,BTC-27SEP19-7000-P,80.1,0.11599999999999999,8.5,0,1559630309968,23175479,90
2019-06-04 09:56:27.993,2.0,buy,7948.5,BTC-27SEP19-7000-P,82.21,0.113,2.0,2,1559642187993,23196639,91
2019-06-04 17:50:10.394,0.5,buy,7622.68,BTC-27SEP19-7000-P,85.12,0.14,0.5,0,1559670610394,23257267,92
2019-06-04 18:00:01.032,0.1,buy,7592.21,BTC-27SEP19-7000-P,85.03,0.142,0.1,0,1559671201032,23262128,94
2019-06-04 18:00:01.032,4.9,buy,7592.21,BTC-27SEP19-7000-P,84.78,0.1415,4.9,0,1559671201032,23262127,93
2019-06-04 18:02:29.384,3.1,buy,7622.1,BTC-27SEP19-7000-P,87.99,0.146,3.1,0,1559671349384,23262824,97
2019-06-04 18:02:29.384,3.0,buy,7622.1,BTC-27SEP19-7000-P,85.53,0.141,3.0,0,1559671349384,23262823,96
2019-06-04 18:02:29.384,4.9,buy,7622.1,BTC-27SEP19-7000-P,84.8,0.1395,4.9,2,1559671349384,23262822,95
2019-06-04 18:17:00.803,2.0,sell,7678.48,BTC-27SEP19-7000-P,81.68,0.1295,2.0,2,1559672220803,23266003,98
2019-06-04 19:14:14.741,2.0,sell,7608.37,BTC-27SEP19-7000-P,85.35,0.1415,2.0,0,1559675654741,23278790,99
2019-06-04 20:22:53.324,0.1,buy,7648.37,BTC-27SEP19-7000-P,84.14,0.136,0.1,2,1559679773324,23292536,100
2019-06-04 22:00:40.805,2.1,sell,7471.24,BTC-27SEP19-7000-P,78.46,0.1355,2.1,2,1559685640805,23305750,101
2019-06-04 22:02:47.295,1.9,buy,7498.11,BTC-27SEP19-7000-P,83.55,0.14400000000000002,1.9,0,1559685767295,23307563,102
2019-06-05 02:06:26.491,10.0,buy,7783.43,BTC-27SEP19-7000-P,79.77,0.11800000000000001,10.0,2,1559700386491,23329229,103
2019-06-05 04:55:58.099,0.1,buy,7789.33,BTC-27SEP19-7000-P,83.65,0.1255,0.1,0,1559710558099,23335078,104
2019-06-05 13:20:12.795,4.1,buy,7776.41,BTC-27SEP19-7000-P,83.67,0.1275,4.1,0,1559740812795,23360539,107
2019-06-05 13:20:12.795,4.9,buy,7776.41,BTC-27SEP19-7000-P,82.17,0.1245,4.9,2,1559740812795,23360537,105
2019-06-05 13:20:12.795,3.0,buy,7776.41,BTC-27SEP19-7000-P,82.17,0.1245,3.0,3,1559740812795,23360538,106
2019-06-05 15:29:34.526,0.1,sell,7648.79,BTC-27SEP19-7000-P,81.39,0.13,0.1,0,1559748574526,23374019,108
2019-06-05 15:44:19.253,5.0,sell,7644.35,BTC-27SEP19-7000-P,81.14,0.13,5.0,1,1559749459253,23376873,109
2019-06-05 17:31:02.514,10.0,sell,7793.04,BTC-27SEP19-7000-P,81.27,0.121,10.0,2,1559755862514,23384846,110
2019-06-06 02:56:16.012,15.0,buy,7824.77,BTC-27SEP19-7000-P,81.37,0.1175,15.0,0,1559789776012,23438023,113
2019-06-06 02:56:16.012,3.0,buy,7824.77,BTC-27SEP19-7000-P,80.86,0.1165,3.0,3,1559789776012,23438022,112
2019-06-06 02:56:16.012,4.9,buy,7824.77,BTC-27SEP19-7000-P,80.86,0.1165,4.9,2,1559789776012,23438021,111
2019-06-06 18:51:10.335,1.0,sell,7582.93,BTC-27SEP19-7000-P,75.31,0.12300000000000001,1.0,0,1559847070335,23515895,114
2019-06-06 23:35:06.250,4.9,buy,7722.31,BTC-27SEP19-7000-P,78.57,0.1205,4.9,2,1559864106250,23538544,115
2019-06-06 23:35:06.250,3.1,buy,7722.31,BTC-27SEP19-7000-P,80.07,0.1235,3.1,0,1559864106250,23538545,116
2019-06-06 23:35:53.230,0.6,buy,7727.07,BTC-27SEP19-7000-P,78.97,0.121,0.6,2,1559864153230,23538597,117
2019-06-07 00:54:54.443,15.0,sell,7793.34,BTC-27SEP19-7000-P,74.87,0.109,15.0,3,1559868894443,23545789,120
2019-06-07 00:54:54.443,4.9,sell,7793.34,BTC-27SEP19-7000-P,74.87,0.109,4.9,2,1559868894443,23545787,118
2019-06-07 00:54:54.443,3.0,sell,7793.34,BTC-27SEP19-7000-P,74.87,0.109,3.0,3,1559868894443,23545788,119
2019-06-07 00:55:00.283,5.0,sell,7793.5,BTC-27SEP19-7000-P,74.87,0.109,5.0,3,1559868900283,23545790,121
2019-06-07 07:32:52.299,0.2,sell,7944.84,BTC-27SEP19-7000-P,73.89,0.098,0.2,2,1559892772299,23572826,122
2019-06-07 10:33:13.842,4.0,buy,7981.85,BTC-27SEP19-7000-P,77.34,0.10300000000000001,4.0,0,1559903593842,23583409,123
2019-06-07 10:48:20.759,5.0,sell,7979.63,BTC-27SEP19-7000-P,76.18,0.101,5.0,2,1559904500759,23583656,124
2019-06-07 11:41:09.275,4.0,buy,7917.02,BTC-27SEP19-7000-P,75.87,0.10300000000000001,4.0,0,1559907669275,23585333,125
2019-06-07 12:23:34.637,1.0,buy,7931.5,BTC-27SEP19-7000-P,76.2,0.10300000000000001,1.0,1,1559910214637,23586563,126
2019-06-07 14:14:45.309,0.1,sell,7973.07,BTC-27SEP19-7000-P,74.13,0.09699999999999999,0.1,2,1559916885309,23590046,127
2019-06-07 16:37:37.921,2.0,sell,8067.09,BTC-27SEP19-7000-P,73.95,0.092,2.0,2,1559925457921,23598973,128
2019-06-07 22:00:45.032,0.1,buy,7955.96,BTC-27SEP19-7000-P,76.11,0.10099999999999999,0.1,0,1559944845032,23625913,129
2019-06-08 01:47:02.967,3.0,sell,8016.95,BTC-27SEP19-7000-P,72.53,0.092,3.0,3,1559958422967,23633930,131
2019-06-08 01:47:02.967,4.9,sell,8016.95,BTC-27SEP19-7000-P,72.53,0.092,4.9,2,1559958422967,23633929,130
2019-06-08 01:47:02.967,11.2,sell,8016.95,BTC-27SEP19-7000-P,71.48,0.09,11.2,2,1559958422967,23633931,132
2019-06-08 13:55:10.703,4.7,buy,7970.53,BTC-27SEP19-7000-P,74.23,0.098,4.7,0,1560002110703,23659218,133
2019-06-08 13:55:36.275,4.7,buy,7972.56,BTC-27SEP19-7000-P,74.02,0.0975,4.7,2,1560002136275,23659224,134
2019-06-08 17:38:26.722,2.0,buy,7794.19,BTC-27SEP19-7000-P,70.54,0.1,2.0,0,1560015506722,23673479,135
2019-06-09 02:04:01.220,4.9,sell,7883.23,BTC-27SEP19-7000-P,70.8,0.096,4.9,2,1560045841220,23689395,136
2019-06-09 02:04:32.560,4.9,sell,7883.91,BTC-27SEP19-7000-P,70.82,0.096,4.9,3,1560045872560,23689399,137
2019-06-09 02:04:39.817,4.9,sell,7884.28,BTC-27SEP19-7000-P,70.82,0.096,4.9,3,1560045879817,23689400,138
2019-06-09 12:25:15.898,4.9,buy,7780.27,BTC-27SEP19-7000-P,70.34,0.10099999999999999,4.9,0,1560083115898,23704840,139
2019-06-09 16:46:15.554,16.5,buy,7621.39,BTC-27SEP19-7000-P,73.84,0.11800000000000001,16.5,0,1560098775554,23730870,140
2019-06-10 16:42:01.768,5.0,sell,7946.09,BTC-27SEP19-7000-P,74.1,0.09699999999999999,5.0,2,1560184921768,23867214,141
2019-06-10 18:26:08.296,1.0,sell,7946.95,BTC-27SEP19-7000-P,73.97,0.096,1.0,2,1560191168296,23871225,142
2019-06-11 01:48:42.430,5.5,sell,7966.85,BTC-27SEP19-7000-P,71.31,0.0885,5.5,2,1560217722430,23890741,143
2019-06-11 01:50:43.956,5.5,sell,7968.22,BTC-27SEP19-7000-P,71.61,0.08900000000000001,5.5,0,1560217843956,23890772,144
2019-06-11 04:36:37.171,1.0,buy,7971.48,BTC-27SEP19-7000-P,75.36,0.096,1.0,0,1560227797171,23893186,145
2019-06-12 00:18:53.963,5.0,buy,7873.46,BTC-27SEP19-7000-P,72.85,0.1,5.0,0,1560298733963,23966438,146
2019-06-12 02:45:22.209,2.0,sell,7951.16,BTC-27SEP19-7000-P,73.58,0.0975,2.0,2,1560307522209,23971773,147
2019-06-12 16:20:34.982,2.0,buy,8189.61,BTC-27SEP19-7000-P,72.93,0.083,2.0,2,1560356434982,24029748,148
2019-06-12 21:21:56.269,4.3,sell,8136.51,BTC-27SEP19-7000-P,72.23,0.084,4.3,0,1560374516269,24042194,149
2019-06-13 02:49:39.729,11.0,buy,8118.33,BTC-27SEP19-7000-P,75.18,0.09,11.0,0,1560394179729,24049686,150
2019-06-13 17:24:43.888,5.0,sell,8187.43,BTC-27SEP19-7000-P,72.22,0.081,5.0,2,1560446683888,24083832,151
2019-06-14 12:03:19.503,0.1,sell,8282.41,BTC-27SEP19-7000-P,71.38,0.0745,0.1,2,1560513799503,24129130,152
2019-06-14 13:25:54.456,4.9,sell,8376.37,BTC-27SEP19-7000-P,71.42,0.0705,4.9,2,1560518754456,24137614,153
2019-06-14 13:34:59.503,4.9,sell,8379.85,BTC-27SEP19-7000-P,70.73,0.069,4.9,2,1560519299503,24138108,154
2019-06-14 14:18:41.839,0.1,buy,8382.36,BTC-27SEP19-7000-P,70.8,0.069,0.1,3,1560521921839,24143870,155
2019-06-14 16:28:30.636,2.0,buy,8412.28,BTC-27SEP19-7000-P,71.49,0.0695,2.0,0,1560529710636,24150173,156
2019-06-14 16:28:33.899,5.0,buy,8412.45,BTC-27SEP19-7000-P,71.79,0.07,5.0,0,1560529713899,24150176,157
2019-06-14 21:02:24.211,0.2,sell,8544.5,BTC-27SEP19-7000-P,73.49,0.068,0.2,2,1560546144211,24162786,158
2019-06-14 22:20:09.261,0.8,buy,8652.56,BTC-27SEP19-7000-P,73.57,0.0645,0.8,2,1560550809261,24179181,159
2019-06-14 23:39:30.089,2.0,buy,8721.09,BTC-27SEP19-7000-P,71.37,0.0585,2.0,2,1560555570089,24185456,160
2019-06-15 21:53:29.050,3.0,buy,8814.81,BTC-27SEP19-7000-P,75.52,0.0585,3.0,3,1560635609050,24250142,161
2019-06-16 01:47:05.858,0.1,sell,9010.06,BTC-27SEP19-7000-P,75.08,0.0525,0.1,2,1560649625858,24268716,162
2019-06-16 06:03:34.964,4.9,buy,9365.74,BTC-27SEP19-7000-P,79.18,0.0475,4.9,2,1560665014964,24301593,163
2019-06-16 06:13:28.925,4.9,buy,9252.85,BTC-27SEP19-7000-P,79.5,0.0505,4.9,0,1560665608925,24305580,164
2019-06-16 08:11:20.243,2.0,sell,9381.66,BTC-27SEP19-7000-P,75.54,0.042,2.0,2,1560672680243,24317124,165
2019-06-16 12:17:42.973,0.1,buy,9073.88,BTC-27SEP19-7000-P,77.36,0.051,0.1,0,1560687462973,24359564,166
2019-06-16 14:09:07.348,1.0,sell,9286.86,BTC-27SEP19-7000-P,80.16,0.05,1.0,2,1560694147348,24370047,167
2019-06-16 14:55:02.350,0.5,buy,9273.63,BTC-27SEP19-7000-P,81.6,0.052000000000000005,0.5,0,1560696902350,24375730,168
2019-06-17 17:58:13.730,13.1,buy,9256.31,BTC-27SEP19-7000-P,78.43,0.049,13.1,2,1560794293730,24540282,169
2019-06-17 17:58:35.628,4.9,sell,9257.06,BTC-27SEP19-7000-P,78.08,0.0485,4.9,2,1560794315628,24540291,170
2019-06-17 17:58:35.628,4.0,sell,9257.06,BTC-27SEP19-7000-P,78.08,0.0485,4.0,3,1560794315628,24540292,171
2019-06-17 17:58:40.370,1.1,buy,9256.52,BTC-27SEP19-7000-P,78.08,0.0485,1.1,3,1560794320370,24540293,172
2019-06-17 20:45:40.205,1.0,buy,9275.97,BTC-27SEP19-7000-P,79.0,0.049,1.0,0,1560804340205,24561851,173
2019-06-17 23:51:04.511,10.0,buy,9328.02,BTC-27SEP19-7000-P,81.37,0.05,10.0,0,1560815464511,24598167,174
2019-06-18 08:44:56.989,10.2,sell,9145.18,BTC-27SEP19-7000-P,81.8,0.0555,10.2,0,1560847496989,24636363,175
2019-06-18 08:45:51.454,2.3000000000000003,sell,9143.76,BTC-27SEP19-7000-P,82.14,0.055999999999999994,2.3000000000000003,0,1560847551454,24636369,176
2019-06-18 08:45:54.662,5.0,sell,9143.89,BTC-27SEP19-7000-P,82.14,0.055999999999999994,5.0,1,1560847554662,24636370,177
2019-06-18 08:46:53.789,4.9,buy,9148.51,BTC-27SEP19-7000-P,82.58,0.0565,4.9,0,1560847613789,24636394,178
2019-06-18 08:46:53.791,11.8,sell,9148.51,BTC-27SEP19-7000-P,82.58,0.0565,11.8,1,1560847613791,24636395,179
2019-06-18 08:46:53.816,11.8,sell,9148.51,BTC-27SEP19-7000-P,82.58,0.0565,11.8,1,1560847613816,24636396,180
2019-06-18 08:46:57.848,1.5,sell,9149.27,BTC-27SEP19-7000-P,82.6,0.0565,1.5,1,1560847617848,24636398,181
2019-06-18 13:40:32.080,0.1,buy,9197.92,BTC-27SEP19-7000-P,80.85,0.052000000000000005,0.1,2,1560865232080,24649988,182
2019-06-19 21:55:08.891,4.9,sell,9189.14,BTC-27SEP19-7000-P,81.27,0.052000000000000005,4.9,3,1560981308891,24761496,183
2019-06-20 03:17:57.889,0.2,sell,9338.38,BTC-27SEP19-7000-P,79.7,0.045,0.2,2,1561000677889,24784494,184
2019-06-20 11:34:08.368,0.1,buy,9239.58,BTC-27SEP19-7000-P,81.92,0.0505,0.1,0,1561030448368,24804748,185
2019-06-20 14:38:17.906,2.0,sell,9358.46,BTC-27SEP19-7000-P,79.41,0.044,2.0,2,1561041497906,24814670,186
