date_utc,amount,direction,indexPrice,instrument,iv,price,quantity,tickDirection,timeStamp,tradeId,tradeSeq
2019-04-02 17:34:42.947,0.4,buy,4722.31,BTC-26APR19-5750-C,64.28,0.01,0.4,1,1554226482947,17125461,1
2019-04-02 18:39:29.808,0.4,sell,4733.52,BTC-26APR19-5750-C,63.81,0.01,0.4,1,1554230369808,17126623,2
2019-04-02 20:10:19.876,0.4,buy,4777.19,BTC-26APR19-5750-C,64.47,0.0115,0.4,0,1554235819876,17129205,3
2019-04-02 20:10:19.876,1.6,buy,4777.19,BTC-26APR19-5750-C,65.32,0.012,1.6,0,1554235819876,17129206,4
2019-04-02 22:26:26.842,1.0,buy,4819.5,BTC-26APR19-5750-C,66.61,0.013999999999999999,1.0,0,1554243986842,17140513,5
2019-04-03 03:09:30.004,0.1,buy,5073.61,BTC-26APR19-5750-C,74.89,0.0305,0.1,0,1554260970004,17174615,6
2019-04-03 05:53:49.956,0.3,buy,4950.25,BTC-26APR19-5750-C,72.9,0.023,0.3,2,1554270829956,17188870,7
2019-04-03 09:25:41.065,0.4,buy,4950.16,BTC-26APR19-5750-C,72.49,0.0225,0.4,2,1554283541065,17192832,8
2019-04-03 13:46:42.027,0.4,buy,5040.02,BTC-26APR19-5750-C,75.81,0.028999999999999998,0.4,0,1554299202027,17201615,9
2019-04-03 14:29:56.920,0.4,sell,5019.55,BTC-26APR19-5750-C,73.37,0.026000000000000002,0.4,2,1554301796920,17203204,10
2019-04-03 16:59:17.622,9.6,buy,5131.05,BTC-26APR19-5750-C,71.83,0.03,9.6,0,1554310757622,17214711,11
2019-04-03 16:59:20.666,40.4,buy,5131.18,BTC-26APR19-5750-C,71.83,0.03,40.4,1,1554310760666,17214712,12
2019-04-03 18:22:48.729,6.0,buy,5144.56,BTC-26APR19-5750-C,76.3,0.0345,6.0,0,1554315768729,17222007,13
2019-04-03 18:35:09.888,4.0,buy,5165.52,BTC-26APR19-5750-C,74.46,0.034,4.0,3,1554316509888,17222366,15
2019-04-03 18:35:09.888,0.1,buy,5165.52,BTC-26APR19-5750-C,74.46,0.034,0.1,2,1554316509888,17222365,14
2019-04-03 20:14:37.816,3.0,buy,5191.18,BTC-26APR19-5750-C,76.36,0.037000000000000005,3.0,0,1554322477816,17228886,16
2019-04-03 20:34:03.514,0.4,sell,5242.14,BTC-26APR19-5750-C,73.73,0.0375,0.4,0,1554323643514,17235887,17
2019-04-03 20:34:10.563,0.6,sell,5241.78,BTC-26APR19-5750-C,73.75,0.0375,0.6,1,1554323650563,17235897,18
2019-04-03 20:34:10.563,0.4,sell,5241.78,BTC-26APR19-5750-C,73.75,0.0375,0.4,1,1554323650563,17235898,19
2019-04-03 21:12:22.247,1.0,sell,5308.66,BTC-26APR19-5750-C,75.44,0.043,1.0,0,1554325942247,17240141,20
2019-04-03 21:52:28.980,0.5,buy,5280.08,BTC-26APR19-5750-C,76.82,0.0425,0.5,2,1554328348980,17243883,21
2019-04-03 21:53:36.994,4.5,buy,5275.82,BTC-26APR19-5750-C,78.71,0.044000000000000004,4.5,0,1554328416994,17243931,22
2019-04-04 12:18:42.983,1.0,sell,5006.13,BTC-26APR19-5750-C,78.19,0.028,1.0,2,1554380322983,17305971,23
2019-04-04 18:32:03.912,0.1,sell,4858.75,BTC-26APR19-5750-C,73.52,0.018000000000000002,0.1,2,1554402723912,17324017,24
2019-04-05 06:14:50.842,0.2,buy,4973.56,BTC-26APR19-5750-C,74.96,0.023,0.2,0,1554444890842,17351326,25
2019-04-05 12:05:10.593,1.0,sell,4999.83,BTC-26APR19-5750-C,70.44,0.0205,1.0,2,1554465910593,17360794,26
2019-04-05 18:49:11.126,5.0,sell,5018.49,BTC-26APR19-5750-C,70.53,0.021,5.0,0,1554490151126,17379347,27
2019-04-06 00:14:27.139,2.0,sell,5020.51,BTC-26APR19-5750-C,69.41,0.02,2.0,2,1554509667139,17386385,28
2019-04-08 01:59:56.075,0.1,buy,5276.04,BTC-26APR19-5750-C,67.68,0.027999999999999997,0.1,0,1554688796075,17504501,29
2019-04-08 21:21:55.586,6.0,buy,5267.61,BTC-26APR19-5750-C,71.11,0.028999999999999998,6.0,0,1554758515586,17543872,30
2019-04-08 21:58:06.231,2.0,buy,5276.06,BTC-26APR19-5750-C,70.57,0.028999999999999998,2.0,1,1554760686231,17544714,31
2019-04-09 01:20:02.786,10.0,buy,5255.04,BTC-26APR19-5750-C,71.02,0.027999999999999997,10.0,2,1554772802786,17553031,32
2019-04-09 14:14:24.650,3.9,buy,5206.8,BTC-26APR19-5750-C,70.75,0.0245,3.9,2,1554819264650,17576041,33
2019-04-09 15:31:41.939,3.9,sell,5218.05,BTC-26APR19-5750-C,66.61,0.022000000000000002,3.9,2,1554823901939,17577572,34
2019-04-09 19:25:14.192,4.0,buy,5216.42,BTC-26APR19-5750-C,69.16,0.0235,4.0,0,1554837914192,17580345,35
2019-04-09 19:33:38.704,6.0,sell,5211.74,BTC-26APR19-5750-C,65.94,0.021,6.0,3,1554838418704,17580458,37
2019-04-09 19:33:38.704,10.0,sell,5211.74,BTC-26APR19-5750-C,65.94,0.021,10.0,2,1554838418704,17580457,36
2019-04-09 19:55:04.976,10.0,sell,5212.24,BTC-26APR19-5750-C,65.94,0.021,10.0,3,1554839704976,17580577,38
2019-04-09 19:55:05.035,6.0,buy,5212.24,BTC-26APR19-5750-C,65.94,0.021,6.0,3,1554839705035,17580578,39
2019-04-09 19:57:29.156,10.0,sell,5213.71,BTC-26APR19-5750-C,65.12,0.0205,10.0,2,1554839849156,17580620,40
2019-04-09 19:57:29.156,6.0,sell,5213.71,BTC-26APR19-5750-C,64.4,0.02,6.0,2,1554839849156,17580621,41
2019-04-09 20:01:10.686,0.5,buy,5215.08,BTC-26APR19-5750-C,65.75,0.021,0.5,0,1554840070686,17580652,42
2019-04-09 23:56:06.600,0.5,sell,5195.84,BTC-26APR19-5750-C,62.18,0.0175,0.5,2,1554854166600,17587002,43
2019-04-10 08:45:32.845,0.4,sell,5241.43,BTC-26APR19-5750-C,63.58,0.02,0.4,0,1554885932845,17595656,44
2019-04-10 11:44:14.715,2.0,sell,5243.85,BTC-26APR19-5750-C,59.19,0.017,2.0,2,1554896654715,17597448,45
2019-04-10 13:04:45.363,0.2,sell,5267.53,BTC-26APR19-5750-C,59.95,0.0185,0.2,0,1554901485363,17600051,46
2019-04-10 14:13:40.471,5.0,buy,5267.49,BTC-26APR19-5750-C,60.04,0.0185,5.0,1,1554905620471,17601840,47
2019-04-10 14:58:55.759,0.4,buy,5270.89,BTC-26APR19-5750-C,59.87,0.0185,0.4,1,1554908335759,17602232,48
2019-04-10 15:31:54.486,0.1,sell,5264.64,BTC-26APR19-5750-C,59.59,0.018000000000000002,0.1,2,1554910314486,17602776,49
2019-04-10 17:59:05.380,1.0,sell,5303.92,BTC-26APR19-5750-C,57.1,0.018000000000000002,1.0,3,1554919145380,17608085,50
2019-04-10 18:04:03.403,0.1,buy,5312.86,BTC-26APR19-5750-C,60.11,0.0205,0.1,0,1554919443403,17608378,51
2019-04-10 18:04:05.273,0.1,buy,5312.53,BTC-26APR19-5750-C,60.13,0.0205,0.1,1,1554919445273,17608383,52
2019-04-10 18:31:56.919,0.1,buy,5382.0,BTC-26APR19-5750-C,60.69,0.0245,0.1,0,1554921116919,17612652,53
2019-04-10 18:37:02.768,0.1,buy,5457.42,BTC-26APR19-5750-C,60.86,0.028999999999999998,0.1,0,1554921422768,17617546,54
2019-04-10 20:03:23.638,0.2,sell,5416.07,BTC-26APR19-5750-C,60.92,0.0265,0.2,2,1554926603638,17626539,55
2019-04-11 04:32:01.880,10.0,sell,5218.84,BTC-26APR19-5750-C,64.57,0.0185,10.0,2,1554957121880,17668713,56
2019-04-11 04:32:36.605,10.0,buy,5220.86,BTC-26APR19-5750-C,64.44,0.0185,10.0,3,1554957156605,17668734,57
2019-04-11 07:36:58.414,0.1,sell,5213.69,BTC-26APR19-5750-C,61.26,0.016,0.1,2,1554968218414,17671611,58
2019-04-11 09:53:54.790,10.0,sell,5048.24,BTC-26APR19-5750-C,68.91,0.013999999999999999,10.0,2,1554976434790,17681843,59
2019-04-12 01:26:13.181,0.4,sell,4936.92,BTC-26APR19-5750-C,69.55,0.01,0.4,2,1555032373181,17727322,60
2019-04-12 05:18:49.618,1.0,sell,5010.16,BTC-26APR19-5750-C,65.41,0.01,1.0,3,1555046329618,17737964,61
2019-04-12 07:56:47.581,1.0,buy,5031.26,BTC-26APR19-5750-C,70.36,0.013000000000000001,1.0,0,1555055807581,17741176,62
2019-04-12 07:56:47.581,0.4,buy,5031.26,BTC-26APR19-5750-C,70.36,0.013000000000000001,0.4,1,1555055807581,17741177,63
2019-04-12 07:56:47.581,0.6,buy,5031.26,BTC-26APR19-5750-C,71.32,0.0135,0.6,0,1555055807581,17741178,64
2019-04-12 09:00:24.965,1.0,sell,5020.84,BTC-26APR19-5750-C,62.95,0.009000000000000001,1.0,2,1555059624965,17743025,65
2019-04-12 17:33:47.694,1.0,buy,5086.17,BTC-26APR19-5750-C,62.83,0.0105,1.0,0,1555090427694,17752833,66
2019-04-12 17:33:47.694,3.0,buy,5086.17,BTC-26APR19-5750-C,63.84,0.011000000000000001,3.0,0,1555090427694,17752834,67
2019-04-12 22:33:51.469,5.0,buy,5077.01,BTC-26APR19-5750-C,62.87,0.01,5.0,2,1555108431469,17761845,68
2019-04-13 14:24:44.260,10.0,sell,5090.88,BTC-26APR19-5750-C,51.5,0.005,10.0,2,1555165484260,17778770,69
2019-04-14 10:11:04.424,1.0,buy,5071.84,BTC-26APR19-5750-C,59.88,0.006999999999999999,1.0,0,1555236664424,17794665,70
2019-04-14 19:58:54.274,6.0,sell,5088.12,BTC-26APR19-5750-C,55.81,0.0055,6.0,2,1555271934274,17801134,71
2019-04-14 22:41:58.828,0.1,buy,5176.14,BTC-26APR19-5750-C,55.55,0.0075,0.1,0,1555281718828,17807936,72
2019-04-14 22:58:38.147,1.0,buy,5173.01,BTC-26APR19-5750-C,60.39,0.0095,1.0,0,1555282718147,17808451,73
2019-04-14 22:58:38.147,9.0,buy,5173.01,BTC-26APR19-5750-C,60.39,0.0095,9.0,1,1555282718147,17808452,74
2019-04-15 14:35:14.749,2.0,sell,5166.42,BTC-26APR19-5750-C,54.04,0.006,2.0,2,1555338914749,17819994,75
2019-04-15 14:35:29.958,5.0,buy,5167.02,BTC-26APR19-5750-C,57.87,0.0075,5.0,0,1555338929958,17820018,76
2019-04-15 22:30:56.551,1.5,buy,5046.96,BTC-26APR19-5750-C,65.8,0.006999999999999999,1.5,2,1555367456551,17847469,77
2019-04-16 14:31:40.864,1.0,buy,5058.89,BTC-26APR19-5750-C,57.62,0.004,1.0,2,1555425100864,17860617,78
2019-04-16 14:35:08.058,0.5,buy,5053.85,BTC-26APR19-5750-C,61.42,0.005,0.5,0,1555425308058,17860782,79
2019-04-16 17:28:58.013,0.1,buy,5141.31,BTC-26APR19-5750-C,55.86,0.005,0.1,1,1555435738013,17866774,80
2019-04-16 18:15:27.677,5.0,buy,5209.23,BTC-26APR19-5750-C,52.74,0.0055,5.0,0,1555438527677,17875885,81
2019-04-16 18:54:10.649,20.0,sell,5186.3,BTC-26APR19-5750-C,51.38,0.0045,20.0,2,1555440850649,17877310,82
2019-04-16 20:34:43.012,0.7000000000000001,buy,5192.37,BTC-26APR19-5750-C,52.71,0.005,0.7000000000000001,0,1555446883012,17879443,83
2019-04-16 21:37:46.134,20.0,sell,5201.25,BTC-26APR19-5750-C,50.67,0.0045,20.0,2,1555450666134,17880624,84
2019-04-16 22:47:50.842,20.0,sell,5190.35,BTC-26APR19-5750-C,49.9,0.004,20.0,2,1555454870842,17881754,85
2019-04-17 01:20:49.339,1.1,buy,5208.57,BTC-26APR19-5750-C,53.63,0.0055,1.1,0,1555464049339,17887662,86
2019-04-17 07:42:43.725,0.4,buy,5222.75,BTC-26APR19-5750-C,53.38,0.0055,0.4,1,1555486963725,17893510,87
2019-04-17 07:42:46.671,0.4,buy,5223.04,BTC-26APR19-5750-C,53.36,0.0055,0.4,1,1555486966671,17893511,88
2019-04-17 10:05:07.505,0.5,buy,5204.95,BTC-26APR19-5750-C,54.97,0.0055,0.5,1,1555495507505,17895119,89
2019-04-17 10:05:10.255,0.4,buy,5204.95,BTC-26APR19-5750-C,54.97,0.0055,0.4,1,1555495510255,17895137,90
2019-04-17 10:05:11.771,0.4,buy,5204.85,BTC-26APR19-5750-C,54.98,0.0055,0.4,1,1555495511771,17895140,91
2019-04-17 10:05:15.573,0.4,buy,5204.85,BTC-26APR19-5750-C,54.98,0.0055,0.4,1,1555495515573,17895141,92
2019-04-17 10:38:49.055,0.4,buy,5223.15,BTC-26APR19-5750-C,53.72,0.0055,0.4,1,1555497529055,17895602,93
2019-04-17 10:38:52.399,0.4,buy,5223.55,BTC-26APR19-5750-C,53.69,0.0055,0.4,1,1555497532399,17895621,94
2019-04-17 10:48:37.964,10.6,sell,5228.6,BTC-26APR19-5750-C,53.34,0.0055,10.6,1,1555498117964,17896122,95
2019-04-17 15:17:45.508,1.0,buy,5218.56,BTC-26APR19-5750-C,54.65,0.0055,1.0,1,1555514265508,17903900,96
2019-04-17 19:51:27.732,5.0,buy,5220.79,BTC-26APR19-5750-C,55.09,0.0055,5.0,1,1555530687732,17907023,97
2019-04-17 19:57:32.790,0.3,sell,5227.43,BTC-26APR19-5750-C,53.08,0.005,0.3,2,1555531052790,17907118,98
2019-04-17 21:25:18.066,3.0,buy,5229.14,BTC-26APR19-5750-C,56.16,0.006,3.0,0,1555536318066,17909013,99
2019-04-18 01:25:45.719,1.1,sell,5260.25,BTC-26APR19-5750-C,52.86,0.0055,1.1,2,1555550745719,17911995,100
