date_utc,amount,direction,indexPrice,instrument,iv,price,quantity,tickDirection,timeStamp,tradeId,tradeSeq
2019-04-05 12:29:36.530,0.2,sell,4999.12,BTC-19APR19-5625-C,73.64,0.0175,0.2,1,1554467376530,17361442,1
2019-04-06 15:56:12.122,0.2,buy,5077.84,BTC-19APR19-5625-C,74.4,0.0195,0.2,0,1554566172122,17400808,2
2019-04-06 19:00:43.831,4.0,sell,5160.9,BTC-19APR19-5625-C,69.92,0.0205,4.0,0,1554577243831,17418659,3
2019-04-06 19:01:19.626,2.0,sell,5158.75,BTC-19APR19-5625-C,70.09,0.0205,2.0,1,1554577279626,17418687,4
2019-04-06 19:20:14.151,2.0,sell,5183.92,BTC-19APR19-5625-C,70.51,0.022000000000000002,2.0,0,1554578414151,17419580,5
2019-04-06 19:23:28.723,2.0,sell,5185.98,BTC-19APR19-5625-C,70.34,0.022000000000000002,2.0,1,1554578608723,17419692,6
2019-04-06 22:13:18.689,3.0,sell,5013.11,BTC-19APR19-5625-C,74.84,0.0165,3.0,2,1554588798689,17439228,7
2019-04-06 22:14:07.717,1.0,sell,5013.27,BTC-19APR19-5625-C,74.83,0.0165,1.0,3,1554588847717,17439269,8
2019-04-06 22:15:45.369,4.0,sell,5016.08,BTC-19APR19-5625-C,74.62,0.0165,4.0,3,1554588945369,17439290,9
2019-04-06 23:20:02.793,3.8,buy,5038.59,BTC-19APR19-5625-C,81.79,0.0215,3.8,0,1554592802793,17445360,10
2019-04-07 20:49:40.815,4.1,buy,5133.42,BTC-19APR19-5625-C,75.4,0.0205,4.1,2,1554670180815,17480895,11
2019-04-07 20:55:12.370,0.1,buy,5132.8,BTC-19APR19-5625-C,75.47,0.0205,0.1,3,1554670512370,17481144,12
2019-04-07 20:55:15.948,0.1,sell,5133.43,BTC-19APR19-5625-C,75.42,0.0205,0.1,3,1554670515948,17481145,13
2019-04-07 20:55:28.981,10.0,sell,5133.6,BTC-19APR19-5625-C,75.4,0.0205,10.0,3,1554670528981,17481151,14
2019-04-07 20:57:40.825,0.1,buy,5136.52,BTC-19APR19-5625-C,76.02,0.021,0.1,0,1554670660825,17481179,15
2019-04-07 20:57:51.696,0.1,buy,5137.12,BTC-19APR19-5625-C,76.82,0.0215,0.1,0,1554670671696,17481198,16
2019-04-07 22:00:57.386,0.1,buy,5167.54,BTC-19APR19-5625-C,75.25,0.022000000000000002,0.1,0,1554674457386,17482604,17
2019-04-08 03:00:48.442,3.7,sell,5284.34,BTC-19APR19-5625-C,78.35,0.03,3.7,0,1554692448442,17509047,18
2019-04-09 02:18:16.813,1.0,sell,5278.48,BTC-19APR19-5625-C,74.38,0.025,1.0,2,1554776296813,17554306,19
2019-04-09 10:14:38.190,0.2,sell,5175.46,BTC-19APR19-5625-C,72.77,0.018000000000000002,0.2,2,1554804878190,17568839,20
2019-04-09 22:36:39.204,5.0,sell,5197.5,BTC-19APR19-5625-C,61.91,0.0125,5.0,2,1554849399204,17583539,21
2019-04-10 03:58:42.350,0.3,sell,5218.1,BTC-19APR19-5625-C,60.88,0.0125,0.3,3,1554868722350,17591264,22
2019-04-10 16:09:18.236,0.3,buy,5280.06,BTC-19APR19-5625-C,61.04,0.0145,0.3,0,1554912558236,17604671,23
2019-04-10 17:51:17.227,0.9,buy,5294.19,BTC-19APR19-5625-C,59.95,0.0145,0.9,1,1554918677227,17606266,24
2019-04-10 18:32:54.344,16.0,buy,5422.05,BTC-19APR19-5625-C,59.9,0.0215,16.0,0,1554921174344,17613678,25
2019-04-10 18:46:29.106,1.1,sell,5401.92,BTC-19APR19-5625-C,63.87,0.0225,1.1,0,1554921989106,17620663,26
2019-04-10 18:50:37.727,8.0,buy,5415.84,BTC-19APR19-5625-C,61.49,0.022000000000000002,8.0,2,1554922237727,17621580,27
2019-04-10 19:07:20.141,0.1,sell,5420.04,BTC-19APR19-5625-C,59.33,0.021,0.1,2,1554923240141,17622869,28
2019-04-10 19:58:45.559,0.6,buy,5402.06,BTC-19APR19-5625-C,64.92,0.023,0.6,0,1554926325559,17626241,29
2019-04-10 20:02:37.559,0.2,sell,5414.47,BTC-19APR19-5625-C,60.95,0.0215,0.2,2,1554926557559,17626505,30
2019-04-11 00:58:22.910,1.5,sell,5305.83,BTC-19APR19-5625-C,61.86,0.0155,1.5,2,1554944302910,17654721,31
2019-04-11 07:23:54.636,0.1,buy,5211.08,BTC-19APR19-5625-C,66.82,0.013000000000000001,0.1,2,1554967434636,17671538,32
2019-04-11 09:58:59.901,0.1,buy,5085.34,BTC-19APR19-5625-C,66.22,0.008,0.1,2,1554976739901,17685957,33
2019-04-11 10:11:29.652,5.0,sell,5067.8,BTC-19APR19-5625-C,58.6,0.005,5.0,2,1554977489652,17687188,34
2019-04-11 19:56:54.709,10.5,sell,5073.09,BTC-19APR19-5625-C,57.99,0.0045,10.5,2,1555012614709,17714069,35
2019-04-11 19:56:54.709,9.5,sell,5073.09,BTC-19APR19-5625-C,57.99,0.0045,9.5,3,1555012614709,17714070,36
