date_utc,amount,direction,indexPrice,instrument,iv,price,quantity,tickDirection,timeStamp,tradeId,tradeSeq
2019-03-30 06:44:16.219,6.0,sell,4088.66,BTC-12APR19-4625-P,69.98,0.1445,6.0,1,1553928256219,16976261,1
2019-04-02 04:38:23.506,3.0,buy,4424.01,BTC-12APR19-4625-P,39.57,0.0555,3.0,2,1554179903506,17028294,2
2019-04-02 04:39:00.408,3.1,buy,4453.25,BTC-12APR19-4625-P,44.04,0.053,3.1,2,1554179940408,17028939,3
2019-04-02 05:34:07.972,4.0,sell,4870.69,BTC-12APR19-4625-P,76.06,0.028,4.0,2,1554183247972,17068049,4
2019-04-02 06:01:02.541,44.9,buy,4742.91,BTC-12APR19-4625-P,68.51,0.0335,44.9,0,1554184862541,17076077,5
2019-04-02 06:01:02.587,5.1000000000000005,sell,4742.91,BTC-12APR19-4625-P,68.51,0.0335,5.1000000000000005,1,1554184862587,17076078,6
2019-04-02 06:04:24.630,44.9,buy,4714.73,BTC-12APR19-4625-P,69.15,0.0365,44.9,0,1554185064630,17076693,7
2019-04-02 06:04:24.640,5.1000000000000005,sell,4714.73,BTC-12APR19-4625-P,69.15,0.0365,5.1000000000000005,1,1554185064640,17076694,8
2019-04-02 06:05:09.604,44.9,buy,4685.98,BTC-12APR19-4625-P,70.21,0.04,44.9,0,1554185109604,17077241,9
2019-04-02 06:05:10.409,5.1000000000000005,sell,4688.89,BTC-12APR19-4625-P,70.66,0.04,5.1000000000000005,1,1554185110409,17077263,10
2019-04-02 06:05:26.255,25.0,sell,4695.59,BTC-12APR19-4625-P,70.15,0.039,25.0,2,1554185126255,17077486,11
2019-04-02 06:05:31.954,25.0,sell,4694.79,BTC-12APR19-4625-P,70.03,0.039,25.0,3,1554185131954,17077530,12
2019-04-02 06:05:58.249,50.0,sell,4699.08,BTC-12APR19-4625-P,68.37,0.0375,50.0,2,1554185158249,17077705,13
2019-04-02 10:23:52.377,0.3,buy,4764.33,BTC-12APR19-4625-P,61.71,0.027000000000000003,0.3,2,1554200632377,17104461,14
2019-04-02 10:38:13.734,1.0,sell,4773.26,BTC-12APR19-4625-P,64.54,0.028,1.0,0,1554201493734,17105084,15
2019-04-02 11:41:47.001,3.0,buy,4778.59,BTC-12APR19-4625-P,68.64,0.03,3.0,0,1554205307001,17107840,16
2019-04-02 12:19:06.159,0.5,sell,4795.44,BTC-12APR19-4625-P,60.25,0.0235,0.5,2,1554207546159,17108482,17
2019-04-02 14:10:11.746,3.0,buy,4710.38,BTC-12APR19-4625-P,55.5,0.0275,3.0,0,1554214211746,17114004,18
2019-04-02 15:28:40.062,0.1,sell,4733.58,BTC-12APR19-4625-P,58.96,0.0275,0.1,1,1554218920062,17121035,19
2019-04-02 20:10:55.880,0.2,sell,4784.79,BTC-12APR19-4625-P,64.1,0.026,0.2,2,1554235855880,17129299,20
2019-04-03 00:06:24.354,1.0,sell,4922.68,BTC-12APR19-4625-P,65.06,0.017,1.0,2,1554249984354,17154413,21
2019-04-03 04:16:25.953,4.1,buy,4952.6,BTC-12APR19-4625-P,86.18,0.026000000000000002,4.1,0,1554264985953,17182284,22
2019-04-03 11:32:56.077,0.5,sell,4970.28,BTC-12APR19-4625-P,76.04,0.019,0.5,2,1554291176077,17194489,23
2019-04-03 16:20:45.085,0.5,buy,5121.58,BTC-12APR19-4625-P,83.87,0.015,0.5,2,1554308445085,17211070,24
2019-04-03 18:08:33.555,2.0,sell,5129.83,BTC-12APR19-4625-P,77.73,0.012,2.0,3,1554314913555,17221720,26
2019-04-03 18:08:33.555,1.0,sell,5129.83,BTC-12APR19-4625-P,77.73,0.012,1.0,2,1554314913555,17221719,25
2019-04-03 19:49:34.976,10.0,buy,5134.45,BTC-12APR19-4625-P,83.43,0.014,10.0,0,1554320974976,17227225,27
2019-04-03 21:30:32.081,1.1,buy,5331.53,BTC-12APR19-4625-P,88.96,0.0095,1.1,2,1554327032081,17241391,28
2019-04-03 22:13:32.152,1.1,sell,5252.95,BTC-12APR19-4625-P,82.6,0.0095,1.1,3,1554329612152,17247303,29
2019-04-03 22:40:52.028,10.0,buy,5200.69,BTC-12APR19-4625-P,83.78,0.0115,10.0,0,1554331252028,17249431,30
2019-04-03 22:42:59.213,10.0,buy,5160.04,BTC-12APR19-4625-P,82.7,0.0125,10.0,0,1554331379213,17249983,31
2019-04-03 23:08:36.796,0.1,sell,4871.3,BTC-12APR19-4625-P,73.34,0.0225,0.1,0,1554332916796,17265500,32
2019-04-04 03:06:05.102,1.0,sell,5004.03,BTC-12APR19-4625-P,87.01,0.021,1.0,2,1554347165102,17288551,33
2019-04-04 07:18:45.918,10.0,buy,5024.12,BTC-12APR19-4625-P,87.03,0.0195,10.0,2,1554362325918,17295316,34
2019-04-04 16:38:29.113,2.8000000000000003,buy,4958.26,BTC-12APR19-4625-P,83.62,0.0205,2.8000000000000003,0,1554395909113,17314965,35
2019-04-04 16:38:29.113,22.2,buy,4958.26,BTC-12APR19-4625-P,84.68,0.021,22.2,0,1554395909113,17314966,36
2019-04-04 16:56:03.133,10.0,sell,4938.48,BTC-12APR19-4625-P,83.37,0.0215,10.0,0,1554396963133,17315745,37
2019-04-04 16:56:19.896,15.0,sell,4937.27,BTC-12APR19-4625-P,83.22,0.0215,15.0,1,1554396979896,17315749,38
2019-04-04 17:11:40.133,1.0,sell,4953.84,BTC-12APR19-4625-P,78.94,0.0185,1.0,2,1554397900133,17316353,39
2019-04-04 19:12:23.178,0.4,sell,4860.27,BTC-12APR19-4625-P,76.82,0.023,0.4,0,1554405143178,17326046,40
2019-04-04 19:54:00.047,0.1,buy,4833.63,BTC-12APR19-4625-P,83.01,0.027999999999999997,0.1,0,1554407640047,17327945,41
2019-04-04 21:46:40.902,24.0,buy,4930.5,BTC-12APR19-4625-P,83.49,0.0215,24.0,2,1554414400902,17337927,42
2019-04-04 21:46:40.902,1.0,buy,4930.5,BTC-12APR19-4625-P,83.49,0.0215,1.0,3,1554414400902,17337928,43
2019-04-04 22:05:34.367,0.4,buy,4942.12,BTC-12APR19-4625-P,82.9,0.0205,0.4,2,1554415534367,17338688,44
2019-04-04 22:46:22.101,1.7,buy,4885.32,BTC-12APR19-4625-P,80.96,0.023,1.7,0,1554417982101,17340141,45
2019-04-04 23:12:01.473,23.3,sell,4912.93,BTC-12APR19-4625-P,81.58,0.0215,23.3,2,1554419521473,17340770,46
2019-04-05 02:59:37.882,20.0,sell,4923.18,BTC-12APR19-4625-P,80.6,0.02,20.0,2,1554433177882,17345926,47
2019-04-05 03:08:11.870,0.1,buy,4921.59,BTC-12APR19-4625-P,82.56,0.021,0.1,0,1554433691870,17346083,48
2019-04-05 03:23:23.346,0.1,sell,4914.9,BTC-12APR19-4625-P,77.48,0.019,0.1,2,1554434603346,17346232,49
2019-04-05 04:14:49.220,1.0,sell,4929.53,BTC-12APR19-4625-P,81.7,0.02,1.0,0,1554437689220,17347725,50
2019-04-05 04:36:01.530,1.0,buy,4924.61,BTC-12APR19-4625-P,82.23,0.0205,1.0,0,1554438961530,17348157,51
2019-04-05 08:05:35.355,0.5,buy,4955.38,BTC-12APR19-4625-P,82.56,0.0185,0.5,2,1554451535355,17354920,52
2019-04-05 08:06:00.857,0.5,sell,4957.74,BTC-12APR19-4625-P,82.86,0.0185,0.5,3,1554451560857,17354942,53
2019-04-05 09:14:06.085,25.0,sell,4954.56,BTC-12APR19-4625-P,80.47,0.0175,25.0,2,1554455646085,17356508,54
2019-04-05 10:19:50.280,0.5,sell,4959.6,BTC-12APR19-4625-P,79.05,0.0165,0.5,2,1554459590280,17357621,55
2019-04-05 11:33:22.082,0.1,sell,5012.4,BTC-12APR19-4625-P,82.01,0.015,0.1,2,1554464002082,17359328,56
2019-04-05 12:01:36.083,0.4,sell,5011.55,BTC-12APR19-4625-P,82.04,0.015,0.4,3,1554465696083,17360680,57
2019-04-05 12:01:36.086,1.0,sell,5011.55,BTC-12APR19-4625-P,82.04,0.015,1.0,3,1554465696086,17360681,58
2019-04-05 12:33:49.071,0.1,sell,5019.71,BTC-12APR19-4625-P,81.87,0.0145,0.1,2,1554467629071,17362336,59
2019-04-05 12:45:00.081,0.5,buy,5027.07,BTC-12APR19-4625-P,81.49,0.013999999999999999,0.5,2,1554468300081,17362972,60
2019-04-05 12:49:36.112,23.1,buy,5026.83,BTC-12APR19-4625-P,81.49,0.013999999999999999,23.1,3,1554468576112,17363150,61
2019-04-05 13:01:19.331,25.0,buy,5025.96,BTC-12APR19-4625-P,80.16,0.0135,25.0,2,1554469279331,17363420,62
2019-04-05 13:46:30.081,3.0,sell,5013.37,BTC-12APR19-4625-P,77.64,0.013000000000000001,3.0,2,1554471990081,17366770,63
2019-04-05 13:59:11.315,22.0,buy,5006.62,BTC-12APR19-4625-P,83.19,0.0155,22.0,0,1554472751315,17367214,64
2019-04-05 14:33:18.298,21.9,sell,5015.93,BTC-12APR19-4625-P,78.11,0.013000000000000001,21.9,2,1554474798298,17368166,65
2019-04-05 15:54:00.250,20.1,sell,4989.33,BTC-12APR19-4625-P,77.92,0.013999999999999999,20.1,0,1554479640250,17371360,66
2019-04-05 16:41:44.912,2.0,buy,5025.8,BTC-12APR19-4625-P,82.35,0.013999999999999999,2.0,1,1554482504912,17373267,67
2019-04-05 18:55:12.457,20.0,sell,5021.29,BTC-12APR19-4625-P,78.49,0.0125,20.0,2,1554490512457,17379496,68
2019-04-05 18:55:30.296,5.0,sell,5021.01,BTC-12APR19-4625-P,78.45,0.0125,5.0,3,1554490530296,17379503,69
2019-04-05 21:07:47.428,0.5,sell,5008.86,BTC-12APR19-4625-P,76.29,0.012,0.5,2,1554498467428,17383369,70
2019-04-06 12:47:09.161,2.0,sell,5020.62,BTC-12APR19-4625-P,71.45,0.0085,2.0,2,1554554829161,17393983,71
2019-04-06 13:01:45.422,1.0,sell,5010.63,BTC-12APR19-4625-P,71.94,0.009000000000000001,1.0,0,1554555705422,17394170,72
2019-04-06 23:04:36.682,1.0,buy,5029.04,BTC-12APR19-4625-P,81.58,0.0105,1.0,0,1554591876682,17445099,73
2019-04-06 23:31:26.492,4.0,sell,5037.57,BTC-12APR19-4625-P,77.97,0.009000000000000001,4.0,2,1554593486492,17445590,74
2019-04-07 05:33:03.188,0.5,buy,5141.35,BTC-12APR19-4625-P,88.2,0.008,0.5,2,1554615183188,17456436,75
2019-04-07 09:05:00.635,1.0,sell,5165.03,BTC-12APR19-4625-P,74.69,0.004,1.0,2,1554627900635,17461886,76
2019-04-07 13:59:20.231,0.1,sell,5150.48,BTC-12APR19-4625-P,79.72,0.005,0.1,0,1554645560231,17467757,77
2019-04-07 19:31:49.200,1.1,buy,5143.34,BTC-12APR19-4625-P,89.86,0.006999999999999999,1.1,0,1554665509200,17477385,78
2019-04-07 21:13:31.120,0.4,sell,5157.03,BTC-12APR19-4625-P,80.6,0.0045,0.4,2,1554671611120,17481615,79
2019-04-07 22:53:03.488,8.700000000000001,sell,5185.57,BTC-12APR19-4625-P,89.25,0.0055,8.700000000000001,0,1554677583488,17490122,80
2019-04-08 11:27:51.862,2.0,buy,5159.56,BTC-12APR19-4625-P,86.87,0.0045,2.0,2,1554722871862,17526989,81
2019-04-08 15:29:08.875,3.0,buy,5242.21,BTC-12APR19-4625-P,91.9,0.0035,3.0,2,1554737348875,17534577,82
2019-04-09 03:58:02.641,20.0,buy,5238.26,BTC-12APR19-4625-P,94.99,0.003,20.0,2,1554782282641,17556958,83
2019-04-09 04:08:54.426,3.0,buy,5250.39,BTC-12APR19-4625-P,96.46,0.003,3.0,3,1554782934426,17557078,84
2019-04-09 04:11:19.920,2.0,sell,5249.77,BTC-12APR19-4625-P,92.34,0.0025,2.0,2,1554783079920,17557096,85
2019-04-09 04:13:07.684,2.0,sell,5248.53,BTC-12APR19-4625-P,92.23,0.0025,2.0,3,1554783187684,17557100,86
2019-04-09 04:13:21.174,1.0,sell,5248.73,BTC-12APR19-4625-P,92.25,0.0025,1.0,3,1554783201174,17557101,87
2019-04-09 10:20:51.912,0.4,sell,5152.22,BTC-12APR19-4625-P,85.05,0.0025,0.4,3,1554805251912,17569365,88
2019-04-09 10:20:54.327,0.4,sell,5152.13,BTC-12APR19-4625-P,85.04,0.0025,0.4,3,1554805254327,17569367,89
2019-04-09 10:20:54.514,0.4,sell,5152.13,BTC-12APR19-4625-P,85.04,0.0025,0.4,3,1554805254514,17569369,90
2019-04-09 10:22:15.067,0.4,sell,5177.09,BTC-12APR19-4625-P,87.98,0.0025,0.4,3,1554805335067,17569576,91
2019-04-09 11:10:26.323,2.4,sell,5211.87,BTC-12APR19-4625-P,92.55,0.0025,2.4,3,1554808226323,17571522,92
2019-04-09 11:55:26.617,0.6,sell,5200.41,BTC-12APR19-4625-P,87.16,0.002,0.6,2,1554810926617,17572126,93
2019-04-09 11:55:26.617,0.4,sell,5200.41,BTC-12APR19-4625-P,81.96,0.0015,0.4,2,1554810926617,17572127,94
2019-04-09 19:31:19.607,7.2,sell,5212.34,BTC-12APR19-4625-P,88.33,0.0015,7.2,3,1554838279607,17580444,95
2019-04-09 19:31:19.607,1.5,sell,5212.34,BTC-12APR19-4625-P,88.33,0.0015,1.5,3,1554838279607,17580445,96
2019-04-09 19:31:19.607,9.9,sell,5212.34,BTC-12APR19-4625-P,88.33,0.0015,9.9,3,1554838279607,17580446,97
2019-04-09 23:58:59.440,10.0,buy,5191.7,BTC-12APR19-4625-P,89.32,0.0015,10.0,3,1554854339440,17587022,98
2019-04-09 23:58:59.440,20.0,buy,5191.7,BTC-12APR19-4625-P,89.32,0.0015,20.0,3,1554854339440,17587023,99
