date_utc,amount,direction,indexPrice,instrument,iv,price,quantity,tickDirection,timeStamp,tradeId,tradeSeq
2019-03-22 11:15:45.771,24.0,sell,135.3,ETH-28JUN19-220-C,75.85,0.025,24.0,1,1553253345771,99824,1
2019-03-22 21:53:00.580,1.0,sell,136.07,ETH-28JUN19-220-C,73.77,0.023,1.0,2,1553291580580,105192,2
2019-03-23 11:07:10.324,4.0,sell,136.71,ETH-28JUN19-220-C,73.32,0.023,4.0,3,1553339230324,112451,3
2019-03-23 21:17:52.207,35.0,buy,136.0,ETH-28JUN19-220-C,76.17,0.026000000000000002,35.0,0,1553375872207,115961,4
2019-03-24 06:32:52.868,30.0,sell,135.42,ETH-28JUN19-220-C,74.14,0.023,30.0,2,1553409172868,118766,5
2019-03-27 01:21:46.367,5.0,buy,135.44,ETH-28JUN19-220-C,66.96,0.015,5.0,2,1553649706367,164490,6
2019-03-27 08:19:44.886,15.0,sell,136.77,ETH-28JUN19-220-C,66.04,0.015,15.0,3,1553674784886,169914,7
2019-03-31 00:18:16.942,1.0,buy,141.98,ETH-28JUN19-220-C,70.96,0.024,1.0,0,1553991496942,222382,8
2019-04-01 01:35:13.545,98.0,sell,141.98,ETH-28JUN19-220-C,67.17,0.019,98.0,2,1554082513545,238091,9
2019-04-02 18:11:47.447,1.0,buy,156.43,ETH-28JUN19-220-C,76.86,0.047,1.0,0,1554228707447,310871,10
2019-04-02 19:50:02.149,1.0,buy,160.6,ETH-28JUN19-220-C,71.17,0.044,1.0,2,1554234602149,315819,11
2019-04-03 02:52:35.691,437.0,buy,176.2,ETH-28JUN19-220-C,74.35,0.071,437.0,0,1554259955691,348411,12
2019-04-04 12:54:58.112,60.0,buy,162.12,ETH-28JUN19-220-C,85.23,0.068,60.0,2,1554382498112,442556,13
2019-04-05 15:41:42.296,100.0,buy,164.31,ETH-28JUN19-220-C,79.55,0.062,100.0,2,1554478902296,482819,14
2019-04-05 18:29:03.939,1.0,sell,164.71,ETH-28JUN19-220-C,75.74,0.055999999999999994,1.0,2,1554488943939,485564,15
2019-04-06 14:13:46.798,48.0,buy,164.04,ETH-28JUN19-220-C,81.1,0.062,48.0,0,1554560026798,500178,16
2019-04-06 19:35:24.231,1.0,sell,171.56,ETH-28JUN19-220-C,75.85,0.065,1.0,0,1554579324231,512375,17
2019-04-06 19:53:36.707,48.0,buy,170.89,ETH-28JUN19-220-C,81.66,0.07400000000000001,48.0,0,1554580416707,513888,18
2019-04-06 20:00:59.330,48.0,buy,170.16,ETH-28JUN19-220-C,82.16,0.07400000000000001,48.0,1,1554580859330,514968,19
2019-04-06 20:02:15.952,2.0,buy,170.43,ETH-28JUN19-220-C,82.23,0.07400000000000001,2.0,1,1554580935952,515084,20
2019-04-07 00:52:06.831,8.0,sell,164.35,ETH-28JUN19-220-C,76.28,0.056,8.0,2,1554598326831,530416,21
2019-04-07 09:35:26.795,33.0,sell,168.31,ETH-28JUN19-220-C,75.9,0.061,33.0,0,1554629726795,541429,22
2019-04-07 19:46:45.439,48.0,sell,169.3,ETH-28JUN19-220-C,76.52,0.062,48.0,0,1554666405439,556256,23
2019-04-07 20:03:13.532,12.0,buy,170.9,ETH-28JUN19-220-C,75.97,0.064,12.0,0,1554667393532,557098,24
2019-04-07 20:11:42.383,20.0,buy,172.72,ETH-28JUN19-220-C,75.71,0.066,20.0,0,1554667902383,558711,25
2019-04-08 02:49:56.160,36.0,buy,183.73,ETH-28JUN19-220-C,81.44,0.102,36.0,0,1554691796160,601740,26
2019-04-08 02:59:43.102,36.0,sell,182.66,ETH-28JUN19-220-C,83.76,0.106,36.0,0,1554692383102,602903,27
2019-04-08 07:14:02.239,48.0,buy,179.87,ETH-28JUN19-220-C,82.0,0.094,48.0,2,1554707642239,616037,28
2019-04-08 09:01:40.545,48.0,buy,180.66,ETH-28JUN19-220-C,75.37,0.084,48.0,2,1554714100545,621292,29
2019-04-09 02:49:18.698,1.0,sell,178.71,ETH-28JUN19-220-C,77.13,0.08199999999999999,1.0,2,1554778158698,675266,30
2019-04-09 14:55:04.380,72.0,buy,177.23,ETH-28JUN19-220-C,76.7,0.078,72.0,2,1554821704380,701516,31
2019-04-09 14:55:59.213,72.0,buy,177.09,ETH-28JUN19-220-C,77.85,0.08,72.0,0,1554821759213,701539,32
2019-04-09 15:21:11.048,52.0,buy,177.63,ETH-28JUN19-220-C,74.85,0.076,52.0,2,1554823271048,702328,33
2019-04-09 15:26:39.532,72.0,buy,177.84,ETH-28JUN19-220-C,75.07,0.077,72.0,0,1554823599532,702605,34
2019-04-09 15:26:43.562,9.0,buy,177.83,ETH-28JUN19-220-C,75.6,0.078,9.0,0,1554823603562,702631,35
2019-04-10 01:18:40.711,56.0,buy,177.96,ETH-28JUN19-220-C,72.08,0.07200000000000001,56.0,2,1554859120711,717392,36
2019-04-10 20:45:45.592,2.0,sell,173.9,ETH-28JUN19-220-C,71.83,0.063,2.0,2,1554929145592,774020,37
2019-04-10 20:45:52.874,1.0,sell,173.86,ETH-28JUN19-220-C,71.86,0.063,1.0,3,1554929152874,774050,38
2019-04-12 03:38:56.713,3.0,sell,162.62,ETH-28JUN19-220-C,77.29,0.049,3.0,2,1555040336713,859709,39
2019-04-12 14:09:14.638,15.0,buy,164.7,ETH-28JUN19-220-C,76.81,0.05,15.0,0,1555078154638,884157,40
2019-04-17 00:28:46.192,1.0,buy,167.73,ETH-28JUN19-220-C,73.9,0.046,1.0,2,1555460926192,1029003,41
2019-04-19 21:14:42.343,1.0,buy,172.8,ETH-28JUN19-220-C,74.78,0.053,1.0,0,1555708482343,1102879,42
2019-04-21 22:18:25.798,5.0,buy,169.72,ETH-28JUN19-220-C,75.47,0.048,5.0,2,1555885105798,1147565,43
2019-04-21 23:25:54.021,89.0,buy,169.7,ETH-28JUN19-220-C,71.5,0.042,89.0,2,1555889154021,1148235,44
2019-04-22 20:17:03.532,1.0,sell,172.25,ETH-28JUN19-220-C,69.21,0.042,1.0,3,1555964223532,1165468,45
2019-04-22 21:04:47.485,60.0,buy,171.78,ETH-28JUN19-220-C,73.87,0.048,60.0,0,1555967087485,1166044,46
2019-04-23 22:30:06.768,1.0,sell,170.55,ETH-28JUN19-220-C,71.6,0.042,1.0,2,1556058606768,1192168,47
2019-04-24 08:18:43.826,100.0,sell,164.59,ETH-28JUN19-220-C,70.17,0.032,100.0,2,1556093923826,1208469,48
2019-04-24 23:05:31.968,80.0,buy,165.31,ETH-28JUN19-220-C,69.26,0.031,80.0,2,1556147131968,1223176,49
2019-04-25 11:33:17.648,1.0,buy,163.64,ETH-28JUN19-220-C,67.87,0.027000000000000003,1.0,2,1556191997648,1231580,50
2019-04-25 12:11:40.687,120.0,buy,163.94,ETH-28JUN19-220-C,68.46,0.027999999999999997,120.0,0,1556194300687,1231893,51
2019-04-25 15:03:32.515,120.0,buy,163.9,ETH-28JUN19-220-C,70.31,0.03,120.0,0,1556204612515,1233358,52
2019-04-25 22:07:06.729,1.0,buy,151.01,ETH-28JUN19-220-C,75.04,0.022000000000000002,1.0,2,1556230026729,1247277,53
2019-04-26 00:57:52.799,1.0,buy,150.94,ETH-28JUN19-220-C,72.2,0.02,1.0,2,1556240272799,1262320,54
2019-04-26 10:47:56.804,10.0,buy,152.29,ETH-28JUN19-220-C,75.04,0.024,10.0,0,1556275676804,1273258,55
2019-04-27 22:41:15.999,120.0,buy,156.46,ETH-28JUN19-220-C,69.17,0.02,120.0,2,1556404875999,1297331,56
2019-04-30 08:19:39.272,1.0,sell,155.3,ETH-28JUN19-220-C,68.42,0.017,1.0,2,1556612379272,1347651,57
2019-04-30 08:19:39.272,99.0,sell,155.3,ETH-28JUN19-220-C,68.42,0.017,99.0,3,1556612379272,1347652,58
2019-05-01 19:20:04.566,1.0,sell,157.06,ETH-28JUN19-220-C,69.39,0.018000000000000002,1.0,0,1556738404566,1384360,59
2019-05-01 20:50:42.003,2.0,sell,157.63,ETH-28JUN19-220-C,68.9,0.018000000000000002,2.0,1,1556743842003,1385287,60
2019-05-02 03:49:07.045,160.0,buy,158.45,ETH-28JUN19-220-C,72.49,0.022000000000000002,160.0,0,1556768947045,1388577,61
2019-05-02 03:49:07.208,139.0,buy,158.45,ETH-28JUN19-220-C,72.49,0.022000000000000002,139.0,1,1556768947208,1388583,62
2019-05-03 09:16:01.051,10.0,buy,165.37,ETH-28JUN19-220-C,68.08,0.023,10.0,0,1556874961051,1427075,63
2019-05-03 15:32:16.278,759.0,sell,166.3,ETH-28JUN19-220-C,69.59,0.026000000000000002,759.0,1,1556897536278,1443760,66
2019-05-03 15:32:16.278,96.0,sell,166.3,ETH-28JUN19-220-C,69.59,0.026000000000000002,96.0,0,1556897536278,1443758,64
2019-05-03 15:32:16.278,145.0,sell,166.3,ETH-28JUN19-220-C,69.59,0.026000000000000002,145.0,1,1556897536278,1443759,65
2019-05-03 16:06:39.786,4.0,buy,166.29,ETH-28JUN19-220-C,72.17,0.028999999999999998,4.0,0,1556899599786,1444372,67
2019-05-03 16:06:43.854,4.0,buy,166.29,ETH-28JUN19-220-C,72.18,0.028999999999999998,4.0,1,1556899603854,1444373,68
2019-05-03 16:06:47.591,4.0,buy,166.29,ETH-28JUN19-220-C,72.18,0.028999999999999998,4.0,1,1556899607591,1444374,69
2019-05-06 18:58:40.318,96.0,buy,174.0,ETH-28JUN19-220-C,77.26,0.043,96.0,0,1557169120318,1533394,70
2019-05-06 18:59:01.599,4.0,buy,174.03,ETH-28JUN19-220-C,77.21,0.043,4.0,1,1557169141599,1533400,71
2019-05-07 00:22:57.543,1.0,buy,177.32,ETH-28JUN19-220-C,77.89,0.049,1.0,0,1557188577543,1544894,72
2019-05-07 10:54:36.204,10.0,buy,175.97,ETH-28JUN19-220-C,77.57,0.045,10.0,2,1557226476204,1563918,73
2019-05-07 10:55:26.317,22.0,buy,175.95,ETH-28JUN19-220-C,77.56,0.045,22.0,3,1557226526317,1563930,74
2019-05-07 16:22:41.205,100.0,buy,172.9,ETH-28JUN19-220-C,77.22,0.039,100.0,2,1557246161205,1578161,75
2019-05-07 19:12:29.801,50.0,sell,169.47,ETH-28JUN19-220-C,76.99,0.035,50.0,2,1557256349801,1583175,76
2019-05-07 19:12:29.801,1.0,sell,169.47,ETH-28JUN19-220-C,76.99,0.035,1.0,3,1557256349801,1583176,77
2019-05-07 23:51:48.691,50.0,sell,168.2,ETH-28JUN19-220-C,77.69,0.034,50.0,2,1557273108691,1592482,78
2019-05-08 09:48:01.123,160.0,buy,168.15,ETH-28JUN19-220-C,79.6,0.035,160.0,0,1557308881123,1618660,79
2019-05-08 09:48:01.123,60.0,buy,168.15,ETH-28JUN19-220-C,79.6,0.035,60.0,1,1557308881123,1618661,80
2019-05-08 09:48:01.123,140.0,buy,168.15,ETH-28JUN19-220-C,79.6,0.035,140.0,1,1557308881123,1618662,81
2019-05-08 09:49:57.159,120.0,buy,168.19,ETH-28JUN19-220-C,79.56,0.035,120.0,1,1557308997159,1618681,82
2019-05-08 23:29:36.475,17.0,sell,168.13,ETH-28JUN19-220-C,79.94,0.034,17.0,2,1557358176475,1636794,83
2019-05-09 13:55:06.307,60.0,buy,168.29,ETH-28JUN19-220-C,80.76,0.035,60.0,0,1557410106307,1660088,84
2019-05-09 13:55:16.154,60.0,buy,168.31,ETH-28JUN19-220-C,80.72,0.035,60.0,1,1557410116154,1660097,85
2019-05-09 17:23:56.350,1.0,sell,167.1,ETH-28JUN19-220-C,76.68,0.028999999999999998,1.0,2,1557422636350,1662029,86
2019-05-11 03:45:53.540,10.0,buy,176.18,ETH-28JUN19-220-C,80.13,0.040999999999999995,10.0,0,1557546353540,1725383,87
2019-05-11 05:21:40.749,10.0,buy,177.08,ETH-28JUN19-220-C,79.64,0.042,10.0,0,1557552100749,1730912,88
2019-05-11 07:18:30.663,33.0,buy,177.18,ETH-28JUN19-220-C,84.3,0.047,33.0,0,1557559110663,1741337,89
2019-05-11 07:20:23.592,50.0,buy,177.33,ETH-28JUN19-220-C,84.11,0.047,50.0,1,1557559223592,1741369,90
2019-05-11 18:28:19.782,120.0,sell,196.87,ETH-28JUN19-220-C,86.55,0.084,120.0,0,1557599299782,1806401,91
2019-05-11 18:28:48.175,50.0,sell,196.05,ETH-28JUN19-220-C,87.59,0.084,50.0,1,1557599328175,1806631,92
2019-05-11 18:28:48.481,30.0,sell,196.05,ETH-28JUN19-220-C,87.59,0.084,30.0,1,1557599328481,1806639,93
2019-05-11 23:05:30.036,50.0,sell,203.73,ETH-28JUN19-220-C,85.3,0.094,50.0,0,1557615930036,1835053,94
2019-05-11 23:07:02.134,17.0,buy,205.36,ETH-28JUN19-220-C,85.79,0.098,17.0,0,1557616022134,1835724,95
2019-05-12 05:46:30.762,40.0,buy,197.43,ETH-28JUN19-220-C,94.95,0.095,40.0,2,1557639990762,1900099,96
2019-05-12 05:46:50.811,20.0,buy,197.36,ETH-28JUN19-220-C,95.74,0.096,20.0,0,1557640010811,1900107,97
2019-05-12 06:12:29.975,13.0,buy,197.45,ETH-28JUN19-220-C,95.83,0.096,13.0,1,1557641549975,1900948,98
2019-05-12 07:24:28.707,1.0,sell,202.21,ETH-28JUN19-220-C,87.33,0.092,1.0,2,1557645868707,1906970,99
2019-05-12 07:27:11.342,10.0,buy,202.91,ETH-28JUN19-220-C,88.36,0.095,10.0,0,1557646031342,1907147,100
2019-05-12 11:37:59.885,13.0,sell,188.41,ETH-28JUN19-220-C,81.93,0.061,13.0,2,1557661079885,1947430,101
