date_utc,amount,direction,indexPrice,instrument,iv,price,quantity,tickDirection,timeStamp,tradeId,tradeSeq
2019-05-17 10:27:35.030,0.4,buy,7205.32,BTC-31MAY19-7750-P,95.32,0.1205,0.4,1,1558088855030,21141334,1
2019-05-19 07:55:33.309,10.0,sell,8003.67,BTC-31MAY19-7750-P,105.2,0.06,10.0,2,1558252533309,21383713,2
2019-05-19 09:44:30.462,6.0,sell,8000.29,BTC-31MAY19-7750-P,100.23,0.0565,6.0,2,1558259070462,21388769,3
2019-05-19 09:56:29.070,4.0,sell,8083.71,BTC-31MAY19-7750-P,99.6,0.0515,4.0,2,1558259789070,21391926,4
2019-05-19 09:56:37.764,0.1,buy,8088.94,BTC-31MAY19-7750-P,104.39,0.0545,0.1,0,1558259797764,21391937,5
2019-05-19 10:14:04.702,2.0,sell,8091.33,BTC-31MAY19-7750-P,99.51,0.051,2.0,2,1558260844702,21393863,6
2019-05-19 11:02:00.425,2.0,buy,8050.91,BTC-31MAY19-7750-P,102.34,0.055,2.0,0,1558263720425,21399740,7
2019-05-19 11:02:00.425,0.8,buy,8050.91,BTC-31MAY19-7750-P,102.34,0.055,0.8,1,1558263720425,21399741,8
2019-05-19 12:21:47.632,0.3,buy,7865.64,BTC-31MAY19-7750-P,97.1,0.062,0.3,0,1558268507632,21407343,9
2019-05-19 15:56:52.032,0.1,sell,7994.62,BTC-31MAY19-7750-P,103.05,0.057999999999999996,0.1,2,1558281412032,21433371,10
2019-05-19 21:18:07.454,5.0,sell,8071.67,BTC-31MAY19-7750-P,92.49,0.046,5.0,2,1558300687454,21457031,11
2019-05-19 22:46:32.083,2.5,sell,8229.12,BTC-31MAY19-7750-P,90.46,0.037000000000000005,2.5,2,1558305992083,21467489,12
2019-05-19 22:54:33.628,3.0,buy,8193.61,BTC-31MAY19-7750-P,95.78,0.042,3.0,0,1558306473628,21470779,13
2019-05-19 23:01:14.079,10.0,sell,8230.59,BTC-31MAY19-7750-P,89.82,0.0365,10.0,2,1558306874079,21472644,14
2019-05-19 23:03:51.817,8.0,buy,8232.19,BTC-31MAY19-7750-P,92.3,0.038,8.0,0,1558307031817,21473283,15
2019-05-19 23:07:26.171,8.0,buy,8247.53,BTC-31MAY19-7750-P,93.37,0.038,8.0,1,1558307246171,21475905,16
2019-05-19 23:14:10.158,3.0,buy,8281.01,BTC-31MAY19-7750-P,92.49,0.036000000000000004,3.0,2,1558307650158,21478070,17
2019-05-19 23:15:09.747,5.0,buy,8286.49,BTC-31MAY19-7750-P,92.87,0.036000000000000004,5.0,3,1558307709747,21478678,18
2019-05-19 23:29:59.606,4.0,buy,8268.29,BTC-31MAY19-7750-P,91.68,0.036000000000000004,4.0,3,1558308599606,21481387,19
2019-05-20 03:49:25.415,5.0,sell,8099.39,BTC-31MAY19-7750-P,99.56,0.0485,5.0,0,1558324165415,21521353,20
2019-05-20 04:11:48.093,5.0,buy,8117.45,BTC-31MAY19-7750-P,101.79,0.049,5.0,0,1558325508093,21524935,21
2019-05-20 08:09:05.798,2.0,sell,7879.81,BTC-31MAY19-7750-P,97.57,0.059000000000000004,2.0,0,1558339745798,21546249,22
2019-05-20 08:09:34.699,2.0,sell,7879.91,BTC-31MAY19-7750-P,96.84,0.0585,2.0,2,1558339774699,21546317,23
2019-05-20 08:09:51.984,1.0,sell,7870.72,BTC-31MAY19-7750-P,96.01,0.0585,1.0,3,1558339791984,21546331,24
2019-05-20 08:14:34.499,5.0,sell,7874.38,BTC-31MAY19-7750-P,93.42,0.0565,5.0,2,1558340074499,21546792,25
2019-05-20 08:51:59.977,6.0,buy,7798.9,BTC-31MAY19-7750-P,97.45,0.064,6.0,0,1558342319977,21550802,26
2019-05-20 10:12:29.680,0.3,buy,7946.11,BTC-31MAY19-7750-P,98.66,0.0555,0.3,2,1558347149680,21559558,27
2019-05-20 13:26:50.956,0.3,sell,7709.15,BTC-31MAY19-7750-P,86.39,0.062,0.3,0,1558358810956,21586650,28
2019-05-20 22:03:21.117,15.0,sell,8106.83,BTC-31MAY19-7750-P,94.25,0.0425,15.0,2,1558389801117,21639542,29
2019-05-20 22:06:24.093,5.0,buy,8078.23,BTC-31MAY19-7750-P,97.5,0.046,5.0,0,1558389984093,21639876,30
2019-05-20 22:10:04.396,1.0,buy,8081.92,BTC-31MAY19-7750-P,96.24,0.045,1.0,2,1558390204396,21640222,31
2019-05-20 22:10:14.756,9.0,buy,8080.81,BTC-31MAY19-7750-P,96.15,0.045,9.0,3,1558390214756,21640230,32
2019-05-21 07:09:46.568,0.1,sell,7954.6,BTC-31MAY19-7750-P,89.62,0.0465,0.1,0,1558422586568,21675145,33
2019-05-21 07:10:10.538,0.4,sell,7945.28,BTC-31MAY19-7750-P,89.58,0.047,0.4,0,1558422610538,21675164,34
2019-05-21 17:59:01.692,5.0,sell,8006.59,BTC-31MAY19-7750-P,92.27,0.044000000000000004,5.0,2,1558461541692,21712059,35
2019-05-21 18:50:13.953,10.0,sell,8053.91,BTC-31MAY19-7750-P,84.19,0.0365,10.0,2,1558464613953,21717114,36
2019-05-21 18:54:12.338,6.0,buy,8013.75,BTC-31MAY19-7750-P,86.59,0.04,6.0,0,1558464852338,21717670,37
2019-05-21 19:06:15.357,0.3,buy,8015.79,BTC-31MAY19-7750-P,91.67,0.043,0.3,0,1558465575357,21718577,38
2019-05-21 19:06:31.846,3.2,buy,8015.42,BTC-31MAY19-7750-P,92.46,0.0435,3.2,0,1558465591846,21718601,39
2019-05-21 19:06:39.428,0.5,sell,8016.15,BTC-31MAY19-7750-P,92.52,0.0435,0.5,1,1558465599428,21718602,40
2019-05-22 11:15:10.247,0.1,buy,7782.63,BTC-31MAY19-7750-P,86.41,0.0515,0.1,0,1558523710247,21762478,41
2019-05-22 15:22:04.988,0.1,sell,7965.83,BTC-31MAY19-7750-P,86.41,0.04,0.1,2,1558538524988,21779801,42
2019-05-22 15:50:11.759,0.3,buy,7978.4,BTC-31MAY19-7750-P,91.04,0.042,0.3,0,1558540211759,21785938,43
2019-05-22 20:38:02.233,0.1,buy,7802.69,BTC-31MAY19-7750-P,82.27,0.0465,0.1,0,1558557482233,21815218,44
2019-05-22 21:54:40.584,6.0,sell,7673.15,BTC-31MAY19-7750-P,86.84,0.057999999999999996,6.0,0,1558562080584,21826787,45
2019-05-23 00:40:39.933,6.0,buy,7625.26,BTC-31MAY19-7750-P,87.29,0.0615,6.0,0,1558572039933,21857354,46
2019-05-23 01:52:45.299,4.0,buy,7606.81,BTC-31MAY19-7750-P,85.17,0.0615,4.0,1,1558576365299,21860602,47
2019-05-23 04:53:24.022,2.0,sell,7663.53,BTC-31MAY19-7750-P,82.98,0.0555,2.0,2,1558587204022,21867263,48
2019-05-23 06:16:57.818,1.0,sell,7570.68,BTC-31MAY19-7750-P,87.2,0.065,1.0,0,1558592217818,21871927,49
2019-05-23 08:50:56.526,2.0,sell,7578.31,BTC-31MAY19-7750-P,81.14,0.0605,2.0,2,1558601456526,21881781,50
2019-05-23 14:50:40.761,2.0,sell,7722.93,BTC-31MAY19-7750-P,79.61,0.048,2.0,2,1558623040761,21907364,51
2019-05-23 14:51:13.492,2.0,buy,7726.95,BTC-31MAY19-7750-P,80.09,0.048,2.0,3,1558623073492,21907416,52
2019-05-23 16:21:16.514,2.0,buy,7841.84,BTC-31MAY19-7750-P,91.75,0.047,2.0,2,1558628476514,21918047,53
2019-05-23 17:47:46.438,1.0,buy,7775.72,BTC-31MAY19-7750-P,87.34,0.0485,1.0,0,1558633666438,21924114,54
2019-05-23 18:36:38.486,0.1,buy,7811.71,BTC-31MAY19-7750-P,83.73,0.044000000000000004,0.1,2,1558636598486,21925682,55
2019-05-23 18:48:22.229,3.0,buy,7782.4,BTC-31MAY19-7750-P,90.98,0.05,3.0,0,1558637302229,21926186,56
2019-05-23 19:29:29.413,0.5,sell,7750.1,BTC-31MAY19-7750-P,87.38,0.05,0.5,1,1558639769413,21928169,57
2019-05-23 21:06:29.190,0.1,sell,7866.69,BTC-31MAY19-7750-P,88.54,0.043,0.1,2,1558645589190,21934894,58
2019-05-23 22:18:20.903,0.2,buy,7912.24,BTC-31MAY19-7750-P,89.12,0.0405,0.2,2,1558649900903,21942064,59
2019-05-23 22:37:08.268,0.3,buy,7971.09,BTC-31MAY19-7750-P,88.74,0.037000000000000005,0.3,2,1558651028268,21944959,60
2019-05-23 23:47:52.815,1.0,buy,7886.18,BTC-31MAY19-7750-P,83.18,0.0385,1.0,0,1558655272815,21949723,61
2019-05-24 01:04:32.120,6.0,sell,7909.62,BTC-31MAY19-7750-P,84.1,0.0375,6.0,2,1558659872120,21955312,62
2019-05-24 04:38:27.119,2.0,buy,7859.78,BTC-31MAY19-7750-P,82.42,0.039,2.0,0,1558672707119,21962139,63
2019-05-24 06:39:13.221,19.0,sell,7854.42,BTC-31MAY19-7750-P,85.99,0.040999999999999995,19.0,0,1558679953221,21965355,64
2019-05-24 06:49:21.367,1.2,sell,7858.53,BTC-31MAY19-7750-P,80.98,0.038,1.2,2,1558680561367,21965634,65
2019-05-24 07:36:37.245,0.1,sell,7869.55,BTC-31MAY19-7750-P,86.06,0.04,0.1,0,1558683397245,21968187,66
2019-05-24 07:47:54.378,0.1,sell,7872.23,BTC-31MAY19-7750-P,81.79,0.0375,0.1,2,1558684074378,21968598,67
2019-05-24 07:50:34.247,0.2,buy,7873.14,BTC-31MAY19-7750-P,84.66,0.039,0.2,1,1558684234247,21968649,69
2019-05-24 07:50:34.247,0.1,buy,7873.14,BTC-31MAY19-7750-P,84.66,0.039,0.1,0,1558684234247,21968648,68
2019-05-24 07:55:36.969,0.1,sell,7867.73,BTC-31MAY19-7750-P,84.1,0.039,0.1,1,1558684536969,21968789,70
2019-05-24 07:59:26.404,1.6,sell,7879.21,BTC-31MAY19-7750-P,85.35,0.039,1.6,1,1558684766404,21968906,71
2019-05-24 08:02:13.196,0.3,sell,7890.26,BTC-31MAY19-7750-P,81.92,0.0365,0.3,2,1558684933196,21969081,72
2019-05-24 08:09:08.656,0.1,buy,7923.6,BTC-31MAY19-7750-P,88.24,0.038,0.1,0,1558685348656,21969691,73
2019-05-24 08:09:08.656,0.2,buy,7923.6,BTC-31MAY19-7750-P,88.24,0.038,0.2,1,1558685348656,21969692,74
2019-05-24 08:09:08.656,1.7,buy,7923.6,BTC-31MAY19-7750-P,89.17,0.0385,1.7,0,1558685348656,21969693,75
2019-05-24 08:34:40.803,0.2,sell,8019.86,BTC-31MAY19-7750-P,80.79,0.028999999999999998,0.2,2,1558686880803,21973719,76
2019-05-24 08:37:10.210,1.0,buy,8012.42,BTC-31MAY19-7750-P,83.0,0.0305,1.0,0,1558687030210,21974416,77
2019-05-24 09:14:00.903,1.5,sell,7978.03,BTC-31MAY19-7750-P,78.89,0.03,1.5,2,1558689240903,21976425,78
2019-05-24 09:27:37.875,2.0,sell,7977.33,BTC-31MAY19-7750-P,77.92,0.0295,2.0,2,1558690057875,21976943,79
2019-05-24 09:29:25.617,0.5,buy,7969.61,BTC-31MAY19-7750-P,83.85,0.033,0.5,0,1558690165617,21977022,80
2019-05-24 09:29:25.617,0.1,buy,7969.61,BTC-31MAY19-7750-P,83.85,0.033,0.1,1,1558690165617,21977023,81
2019-05-24 10:37:35.140,1.0,buy,7979.53,BTC-31MAY19-7750-P,77.45,0.029,1.0,2,1558694255140,21980133,82
2019-05-24 11:34:10.029,1.0,sell,8051.39,BTC-31MAY19-7750-P,81.51,0.0275,1.0,2,1558697650029,21984692,83
2019-05-24 13:01:24.247,0.1,buy,8044.62,BTC-31MAY19-7750-P,83.23,0.0285,0.1,0,1558702884247,21987876,84
2019-05-24 13:03:04.268,0.2,sell,8037.27,BTC-31MAY19-7750-P,80.57,0.0275,0.2,3,1558702984268,21987936,86
2019-05-24 13:03:04.268,0.9,sell,8037.27,BTC-31MAY19-7750-P,80.57,0.0275,0.9,2,1558702984268,21987935,85
2019-05-24 13:03:05.712,1.1,sell,8037.27,BTC-31MAY19-7750-P,80.57,0.0275,1.1,3,1558702985712,21987937,87
2019-05-24 13:20:22.877,1.0,buy,7993.23,BTC-31MAY19-7750-P,81.36,0.03,1.0,0,1558704022877,21988763,88
2019-05-24 14:22:24.835,2.0,sell,8023.07,BTC-31MAY19-7750-P,77.59,0.0265,2.0,2,1558707744835,21991292,89
2019-05-24 15:04:13.149,0.2,sell,8074.54,BTC-31MAY19-7750-P,79.46,0.025,0.2,2,1558710253149,21994221,90
2019-05-24 15:09:05.968,0.2,sell,8076.56,BTC-31MAY19-7750-P,79.66,0.025,0.2,3,1558710545968,21994617,91
2019-05-24 15:09:49.981,0.2,sell,8081.9,BTC-31MAY19-7750-P,76.05,0.023,0.2,2,1558710589981,21994667,92
2019-05-24 16:01:43.918,0.8,sell,8101.47,BTC-31MAY19-7750-P,77.98,0.023,0.8,3,1558713703918,22000442,93
2019-05-24 17:33:52.387,3.0,sell,8112.91,BTC-31MAY19-7750-P,79.35,0.023,3.0,3,1558719232387,22008989,94
2019-05-24 19:22:14.524,0.3,sell,8040.1,BTC-31MAY19-7750-P,81.44,0.027000000000000003,0.3,0,1558725734524,22013972,95
2019-05-24 19:25:21.125,0.3,buy,8042.33,BTC-31MAY19-7750-P,82.67,0.0275,0.3,0,1558725921125,22014161,96
2019-05-24 19:29:37.776,0.2,buy,8034.0,BTC-31MAY19-7750-P,82.91,0.027999999999999997,0.2,0,1558726177776,22014312,97
2019-05-24 23:09:23.684,0.2,buy,7997.98,BTC-31MAY19-7750-P,82.4,0.028999999999999998,0.2,0,1558739363684,22025087,98
2019-05-24 23:09:29.341,0.2,buy,7989.4,BTC-31MAY19-7750-P,82.55,0.0295,0.2,0,1558739369341,22025362,99
2019-05-25 06:13:01.877,1.2,sell,7997.77,BTC-31MAY19-7750-P,79.18,0.0265,1.2,2,1558764781877,22039128,100
2019-05-25 06:13:34.770,0.1,sell,7996.9,BTC-31MAY19-7750-P,79.1,0.0265,0.1,3,1558764814770,22039232,101
2019-05-25 06:27:50.656,2.0,sell,8001.87,BTC-31MAY19-7750-P,79.66,0.0265,2.0,3,1558765670656,22039718,102
2019-05-25 07:38:42.820,0.1,buy,7987.7,BTC-31MAY19-7750-P,84.77,0.0295,0.1,0,1558769922820,22042145,103
2019-05-25 09:27:08.668,0.1,sell,8026.76,BTC-31MAY19-7750-P,78.74,0.0245,0.1,2,1558776428668,22044958,104
2019-05-25 12:24:39.264,1.0,buy,8084.86,BTC-31MAY19-7750-P,85.22,0.0245,1.0,3,1558787079264,22054526,105
2019-05-25 12:24:39.264,1.0,buy,8084.86,BTC-31MAY19-7750-P,86.32,0.025,1.0,0,1558787079264,22054527,106
2019-05-25 16:31:14.958,0.4,sell,8049.65,BTC-31MAY19-7750-P,78.63,0.0225,0.4,2,1558801874958,22063609,107
2019-05-25 16:31:15.992,0.4,sell,8049.95,BTC-31MAY19-7750-P,78.66,0.0225,0.4,3,1558801875992,22063612,108
2019-05-25 16:31:16.910,0.4,sell,8050.18,BTC-31MAY19-7750-P,78.68,0.0225,0.4,3,1558801876910,22063617,109
2019-05-25 16:31:17.210,0.4,sell,8050.15,BTC-31MAY19-7750-P,78.68,0.0225,0.4,3,1558801877210,22063619,110
2019-05-25 17:02:24.973,0.1,sell,8050.81,BTC-31MAY19-7750-P,77.78,0.022,0.1,2,1558803744973,22064174,111
2019-05-25 17:02:24.973,2.9,sell,8050.81,BTC-31MAY19-7750-P,76.67,0.0215,2.9,2,1558803744973,22064175,112
2019-05-25 17:56:28.743,20.0,sell,8068.2,BTC-31MAY19-7750-P,77.47,0.021,20.0,2,1558806988743,22065501,113
2019-05-25 19:27:43.712,1.0,buy,8031.85,BTC-31MAY19-7750-P,88.78,0.0275,1.0,0,1558812463712,22069576,114
2019-05-25 23:04:41.212,2.0,sell,8082.78,BTC-31MAY19-7750-P,75.76,0.019,2.0,2,1558825481212,22076447,115
2019-05-25 23:20:34.630,1.0,buy,8071.89,BTC-31MAY19-7750-P,87.47,0.0245,1.0,0,1558826434630,22076757,116
2019-05-26 02:37:53.952,1.0,buy,8047.81,BTC-31MAY19-7750-P,87.29,0.025,1.0,0,1558838273952,22081055,117
2019-05-26 10:14:43.528,0.4,sell,7984.2,BTC-31MAY19-7750-P,78.52,0.023,0.4,2,1558865683528,22094599,118
2019-05-26 10:14:43.528,0.1,sell,7984.2,BTC-31MAY19-7750-P,72.7,0.0205,0.1,2,1558865683528,22094600,119
2019-05-26 10:14:43.528,1.5,sell,7984.2,BTC-31MAY19-7750-P,72.7,0.0205,1.5,3,1558865683528,22094601,120
2019-05-26 10:22:33.194,0.1,buy,7980.51,BTC-31MAY19-7750-P,88.51,0.0275,0.1,0,1558866153194,22094783,121
2019-05-26 12:50:06.868,4.5,sell,7967.33,BTC-31MAY19-7750-P,71.67,0.0205,4.5,2,1558875006868,22102477,122
2019-05-26 13:25:03.654,0.1,sell,7957.2,BTC-31MAY19-7750-P,70.73,0.0205,0.1,3,1558877103654,22103391,123
2019-05-26 13:28:08.697,4.5,sell,7960.3,BTC-31MAY19-7750-P,71.09,0.0205,4.5,3,1558877288697,22103450,124
2019-05-26 13:49:27.874,1.0,sell,7982.69,BTC-31MAY19-7750-P,68.9,0.0185,1.0,2,1558878567874,22104559,127
2019-05-26 13:49:27.874,4.0,sell,7982.69,BTC-31MAY19-7750-P,71.28,0.0195,4.0,2,1558878567874,22104557,125
2019-05-26 13:49:27.874,1.0,sell,7982.69,BTC-31MAY19-7750-P,70.09,0.019,1.0,2,1558878567874,22104558,126
2019-05-26 17:27:11.620,4.9,sell,8016.47,BTC-31MAY19-7750-P,71.18,0.0175,4.9,2,1558891631620,22110717,129
2019-05-26 17:27:11.620,0.1,sell,8016.47,BTC-31MAY19-7750-P,73.65,0.0185,0.1,3,1558891631620,22110716,128
2019-05-26 19:08:51.275,2.8000000000000003,sell,8064.48,BTC-31MAY19-7750-P,75.45,0.017,2.8000000000000003,2,1558897731275,22113365,130
2019-05-26 19:51:45.713,3.0,buy,8452.81,BTC-31MAY19-7750-P,85.86,0.009000000000000001,3.0,2,1558900305713,22155085,131
2019-05-26 20:22:55.721,0.4,buy,8656.74,BTC-31MAY19-7750-P,102.88,0.0095,0.4,0,1558902175721,22184540,132
2019-05-26 20:22:55.721,1.6,buy,8656.74,BTC-31MAY19-7750-P,110.31,0.0115,1.6,0,1558902175721,22184541,133
2019-05-26 20:38:43.123,5.0,buy,8603.12,BTC-31MAY19-7750-P,84.98,0.006,5.0,2,1558903123123,22191129,134
2019-05-26 20:48:38.344,0.1,buy,8653.6,BTC-31MAY19-7750-P,104.77,0.01,0.1,0,1558903718344,22194457,135
2019-05-26 20:48:39.630,0.4,sell,8651.64,BTC-31MAY19-7750-P,104.63,0.01,0.4,1,1558903719630,22194469,136
2019-05-26 21:12:33.799,0.2,sell,8625.38,BTC-31MAY19-7750-P,93.12,0.0075,0.2,2,1558905153799,22202171,137
2019-05-26 21:15:57.100,0.5,buy,8589.71,BTC-31MAY19-7750-P,94.63,0.0085,0.5,0,1558905357100,22202873,138
2019-05-26 21:44:32.269,1.0,sell,8621.71,BTC-31MAY19-7750-P,68.19,0.0025,1.0,2,1558907072269,22208321,139
2019-05-26 22:33:14.461,26.0,sell,8692.32,BTC-31MAY19-7750-P,86.85,0.005,26.0,0,1558909994461,22222053,140
2019-05-26 23:21:52.754,0.4,buy,8702.77,BTC-31MAY19-7750-P,92.71,0.006,0.4,0,1558912912754,22228006,141
2019-05-27 00:17:21.509,2.4,buy,8847.88,BTC-31MAY19-7750-P,118.39,0.0095,2.4,0,1558916241509,22239806,142
2019-05-27 04:14:57.394,1.0,sell,8760.87,BTC-31MAY19-7750-P,93.73,0.005,1.0,2,1558930497394,22272793,143
2019-05-27 04:22:42.769,0.2,buy,8727.75,BTC-31MAY19-7750-P,99.07,0.0065,0.2,0,1558930962769,22273217,144
2019-05-27 04:24:35.090,0.1,buy,8738.95,BTC-31MAY19-7750-P,99.85,0.0065,0.1,1,1558931075090,22273407,145
2019-05-27 05:29:33.732,0.1,sell,8748.81,BTC-31MAY19-7750-P,98.65,0.006,0.1,2,1558934973732,22276367,146
2019-05-27 05:29:35.998,0.1,sell,8748.81,BTC-31MAY19-7750-P,98.65,0.006,0.1,3,1558934975998,22276369,147
2019-05-27 05:29:36.076,0.1,sell,8748.81,BTC-31MAY19-7750-P,98.65,0.006,0.1,3,1558934976076,22276371,148
2019-05-27 05:58:19.779,0.6,buy,8736.76,BTC-31MAY19-7750-P,107.34,0.008,0.6,0,1558936699779,22276982,149
2019-05-27 05:58:19.779,0.4,buy,8736.76,BTC-31MAY19-7750-P,109.51,0.0085,0.4,0,1558936699779,22276983,150
2019-05-27 07:04:17.589,0.1,sell,8772.63,BTC-31MAY19-7750-P,101.04,0.006,0.1,2,1558940657589,22278637,151
2019-05-27 08:09:56.910,3.0,sell,8760.77,BTC-31MAY19-7750-P,103.29,0.0065,3.0,0,1558944596910,22280781,152
2019-05-27 08:33:12.473,0.5,sell,8753.38,BTC-31MAY19-7750-P,100.52,0.006,0.5,2,1558945992473,22281703,153
2019-05-27 08:43:50.007,0.1,sell,8747.87,BTC-31MAY19-7750-P,100.24,0.006,0.1,3,1558946630007,22282005,154
2019-05-27 08:44:38.925,0.4,buy,8749.83,BTC-31MAY19-7750-P,95.19,0.005,0.4,2,1558946678925,22282008,155
2019-05-27 08:46:34.055,1.0,sell,8753.04,BTC-31MAY19-7750-P,92.65,0.0045,1.0,2,1558946794055,22282049,156
2019-05-27 11:33:00.176,0.9,sell,8707.52,BTC-31MAY19-7750-P,96.42,0.0055,0.9,0,1558956780176,22289476,157
2019-05-27 12:40:42.277,0.3,buy,8791.43,BTC-31MAY19-7750-P,102.75,0.0055,0.3,1,1558960842277,22297612,158
2019-05-27 16:21:56.932,0.1,sell,8869.77,BTC-31MAY19-7750-P,97.78,0.0035,0.1,2,1558974116932,22320473,159
2019-05-27 16:54:25.629,4.1,buy,8756.12,BTC-31MAY19-7750-P,99.98,0.005,4.1,0,1558976065629,22334956,160
2019-05-27 18:46:10.835,0.2,buy,8759.56,BTC-31MAY19-7750-P,109.43,0.0065,0.2,0,1558982770835,22346952,161
2019-05-27 19:59:27.032,4.9,sell,8812.78,BTC-31MAY19-7750-P,96.19,0.0035,4.9,2,1558987167032,22352884,162
2019-05-27 19:59:27.032,2.0,sell,8812.78,BTC-31MAY19-7750-P,96.19,0.0035,2.0,3,1558987167032,22352885,163
2019-05-27 20:05:47.452,0.1,buy,8796.64,BTC-31MAY19-7750-P,110.33,0.006,0.1,0,1558987547452,22354016,164
2019-05-28 00:57:32.760,15.0,sell,8761.55,BTC-31MAY19-7750-P,92.11,0.003,15.0,2,1559005052760,22370334,165
2019-05-28 01:42:54.337,0.1,sell,8798.2,BTC-31MAY19-7750-P,90.96,0.0025,0.1,2,1559007774337,22371771,166
2019-05-28 01:42:54.337,10.0,sell,8798.2,BTC-31MAY19-7750-P,90.96,0.0025,10.0,3,1559007774337,22371772,167
2019-05-28 01:42:54.337,0.2,sell,8798.2,BTC-31MAY19-7750-P,90.96,0.0025,0.2,3,1559007774337,22371773,168
2019-05-28 04:35:44.572,2.0,sell,8799.92,BTC-31MAY19-7750-P,100.65,0.0035,2.0,0,1559018144572,22376099,169
2019-05-28 05:29:29.152,3.0,sell,8771.54,BTC-31MAY19-7750-P,99.28,0.0035,3.0,1,1559021369152,22377655,170
2019-05-28 23:29:03.032,0.1,sell,8718.0,BTC-31MAY19-7750-P,100.96,0.0025,0.1,2,1559086143032,22451363,171
2019-05-28 23:29:03.032,0.4,sell,8718.0,BTC-31MAY19-7750-P,100.96,0.0025,0.4,3,1559086143032,22451364,172
2019-05-29 02:27:56.403,0.5,sell,8638.86,BTC-31MAY19-7750-P,97.44,0.0025,0.5,3,1559096876403,22458711,173
2019-05-29 02:27:56.403,0.2,sell,8638.86,BTC-31MAY19-7750-P,86.89,0.0015,0.2,2,1559096876403,22458712,174
2019-05-29 02:27:56.403,0.3,sell,8638.86,BTC-31MAY19-7750-P,86.89,0.0015,0.3,3,1559096876403,22458713,175
2019-05-29 05:30:02.712,0.2,buy,8553.09,BTC-31MAY19-7750-P,109.03,0.0045,0.2,0,1559107802712,22473837,176
2019-05-29 10:07:19.647,5.0,sell,8642.35,BTC-31MAY19-7750-P,105.56,0.0025,5.0,2,1559124439647,22498361,177
2019-05-29 13:29:43.178,5.0,sell,8726.08,BTC-31MAY19-7750-P,111.34,0.002,5.0,2,1559136583178,22510480,178
2019-05-29 16:11:06.675,0.3,sell,8663.4,BTC-31MAY19-7750-P,109.47,0.002,0.3,3,1559146266675,22526253,179
2019-05-29 18:09:25.699,0.2,sell,8686.84,BTC-31MAY19-7750-P,107.55,0.0015,0.2,2,1559153365699,22532196,180
2019-05-29 20:40:36.143,1.0,buy,8659.11,BTC-31MAY19-7750-P,108.82,0.0015,1.0,3,1559162436143,22538796,181
2019-05-30 00:12:43.904,2.0,buy,8634.35,BTC-31MAY19-7750-P,119.6,0.002,2.0,0,1559175163904,22548540,182
2019-05-30 03:43:15.446,1.0,sell,8661.9,BTC-31MAY19-7750-P,112.47,0.001,1.0,2,1559187795446,22573873,183
2019-05-30 03:43:15.446,1.4,sell,8661.9,BTC-31MAY19-7750-P,112.47,0.001,1.4,3,1559187795446,22573874,184
2019-05-30 06:34:45.999,0.1,buy,8734.04,BTC-31MAY19-7750-P,136.24,0.0015,0.1,0,1559198085999,22585862,185
2019-05-30 09:10:31.402,4.5,buy,8705.44,BTC-31MAY19-7750-P,129.8,0.001,4.5,2,1559207431402,22591434,186
2019-05-30 09:11:30.320,0.1,buy,8703.81,BTC-31MAY19-7750-P,129.67,0.001,0.1,3,1559207490320,22591477,187
2019-05-30 10:18:36.744,10.0,buy,8744.15,BTC-31MAY19-7750-P,148.66,0.0015,10.0,0,1559211516744,22594865,188
2019-05-30 10:18:36.744,5.0,buy,8744.15,BTC-31MAY19-7750-P,148.66,0.0015,5.0,1,1559211516744,22594866,189
2019-05-30 14:15:56.607,3.0,buy,8720.79,BTC-31MAY19-7750-P,149.12,0.001,3.0,2,1559225756607,22604804,190
2019-05-30 15:44:30.245,4.0,sell,8810.46,BTC-31MAY19-7750-P,148.32,0.0005,4.0,2,1559231070245,22611725,191
2019-05-30 15:44:30.245,3.0,sell,8810.46,BTC-31MAY19-7750-P,148.32,0.0005,3.0,3,1559231070245,22611726,192
2019-05-30 15:53:04.678,1.0,sell,8862.6,BTC-31MAY19-7750-P,154.85,0.0005,1.0,3,1559231584678,22615552,193
2019-05-30 15:53:04.678,10.0,sell,8862.6,BTC-31MAY19-7750-P,154.85,0.0005,10.0,3,1559231584678,22615553,194
2019-05-30 15:53:04.678,7.3,sell,8862.6,BTC-31MAY19-7750-P,154.85,0.0005,7.3,3,1559231584678,22615554,195
2019-05-30 19:36:42.201,0.1,sell,8635.78,BTC-31MAY19-7750-P,166.17,0.001,0.1,0,1559245002201,22674852,196
2019-05-30 20:54:30.794,2.0,buy,8465.53,BTC-31MAY19-7750-P,161.9,0.0015,2.0,0,1559249670794,22695790,197
2019-05-30 21:16:13.624,2.0,buy,8330.67,BTC-31MAY19-7750-P,140.7,0.0015,2.0,1,1559250973624,22700962,198
2019-05-30 21:16:42.563,1.0,buy,8285.75,BTC-31MAY19-7750-P,132.59,0.0015,1.0,1,1559251002563,22702205,199
2019-05-30 21:25:28.679,0.1,buy,8144.21,BTC-31MAY19-7750-P,136.1,0.0035,0.1,0,1559251528679,22713752,200
2019-05-30 21:52:36.373,0.4,buy,8208.99,BTC-31MAY19-7750-P,130.98,0.002,0.4,2,1559253156373,22736606,201
2019-05-30 21:52:36.513,0.4,buy,8208.99,BTC-31MAY19-7750-P,130.98,0.002,0.4,3,1559253156513,22736612,202
2019-05-30 21:52:39.801,0.2,buy,8210.77,BTC-31MAY19-7750-P,131.35,0.002,0.2,3,1559253159801,22736641,203
2019-05-30 23:15:22.880,1.0,buy,8215.22,BTC-31MAY19-7750-P,174.53,0.004,1.0,0,1559258122880,22749945,204
2019-05-31 03:52:58.442,0.1,buy,8265.46,BTC-31MAY19-7750-P,223.3,0.002,0.1,2,1559274778442,22766705,205
2019-05-31 03:53:15.462,0.1,sell,8267.66,BTC-31MAY19-7750-P,165.92,0.0005,0.1,2,1559274795462,22766706,206
