date_utc,amount,direction,indexPrice,instrument,iv,price,quantity,tickDirection,timeStamp,tradeId,tradeSeq
2019-02-14 00:38:40.197,0.4,buy,3583.88,BTC-29MAR19-3750-C,56.76,0.057,0.4,0,1550104720197,15350880,428
2019-02-14 12:39:25.894,5.0,buy,3561.72,BTC-29MAR19-3750-C,57.2,0.0545,5.0,2,1550147965894,15367628,429
2019-02-14 12:43:07.966,5.0,sell,3560.79,BTC-29MAR19-3750-C,55.75,0.0525,5.0,2,1550148187966,15367673,430
2019-02-14 12:49:28.222,1.0,sell,3560.17,BTC-29MAR19-3750-C,55.19,0.0515,1.0,2,1550148568222,15367766,431
2019-02-14 20:32:19.041,0.2,sell,3565.25,BTC-29MAR19-3750-C,55.76,0.0525,0.2,0,1550176339041,15373464,432
2019-02-14 22:50:24.672,0.2,sell,3565.07,BTC-29MAR19-3750-C,55.97,0.0525,0.2,1,1550184624672,15375280,433
2019-02-14 23:07:09.286,1.6,sell,3563.48,BTC-29MAR19-3750-C,56.0,0.0525,1.6,1,1550185629286,15375389,434
2019-02-15 01:19:33.011,0.1,buy,3565.06,BTC-29MAR19-3750-C,55.35,0.052000000000000005,0.1,2,1550193573011,15376874,435
2019-02-15 02:03:01.172,1.6,sell,3569.94,BTC-29MAR19-3750-C,54.15,0.051,1.6,2,1550196181172,15377227,436
2019-02-15 05:06:20.073,6.0,buy,3579.45,BTC-29MAR19-3750-C,55.68,0.054000000000000006,6.0,1,1550207180073,15380200,439
2019-02-15 05:06:20.073,0.1,buy,3579.45,BTC-29MAR19-3750-C,55.68,0.054000000000000006,0.1,0,1550207180073,15380199,438
2019-02-15 05:06:20.073,0.1,buy,3579.45,BTC-29MAR19-3750-C,55.3,0.0535,0.1,0,1550207180073,15380198,437
2019-02-15 05:07:18.111,0.1,buy,3578.91,BTC-29MAR19-3750-C,55.3,0.0535,0.1,2,1550207238111,15380209,440
2019-02-15 05:07:18.111,3.7,buy,3578.91,BTC-29MAR19-3750-C,56.42,0.055,3.7,0,1550207238111,15380210,441
2019-02-15 06:03:33.906,0.1,sell,3575.43,BTC-29MAR19-3750-C,54.58,0.052000000000000005,0.1,2,1550210613906,15380729,442
2019-02-15 06:03:45.991,0.1,sell,3575.41,BTC-29MAR19-3750-C,54.59,0.052000000000000005,0.1,3,1550210625991,15380732,443
2019-02-15 06:04:13.078,0.1,sell,3575.45,BTC-29MAR19-3750-C,54.58,0.052000000000000005,0.1,3,1550210653078,15380735,444
2019-02-15 06:04:22.302,0.1,sell,3575.37,BTC-29MAR19-3750-C,54.59,0.052000000000000005,0.1,3,1550210662302,15380740,445
2019-02-15 06:04:33.521,0.1,sell,3575.58,BTC-29MAR19-3750-C,54.57,0.052000000000000005,0.1,3,1550210673521,15380742,446
2019-02-15 06:05:16.025,0.1,sell,3575.55,BTC-29MAR19-3750-C,54.58,0.052000000000000005,0.1,3,1550210716025,15380748,447
2019-02-15 06:05:18.221,0.1,sell,3575.55,BTC-29MAR19-3750-C,54.58,0.052000000000000005,0.1,3,1550210718221,15380749,448
2019-02-15 09:54:52.995,0.2,sell,3573.31,BTC-29MAR19-3750-C,54.06,0.051,0.2,2,1550224492995,15383555,449
2019-02-15 10:24:44.050,0.1,sell,3576.37,BTC-29MAR19-3750-C,54.19,0.0515,0.1,0,1550226284050,15383969,450
2019-02-15 10:42:23.452,0.2,sell,3577.16,BTC-29MAR19-3750-C,53.89,0.051,0.2,2,1550227343452,15384186,451
2019-02-15 11:04:44.244,0.2,buy,3597.5,BTC-29MAR19-3750-C,55.9,0.056,0.2,0,1550228684244,15385151,453
2019-02-15 11:04:44.244,0.1,buy,3597.5,BTC-29MAR19-3750-C,54.03,0.0535,0.1,0,1550228684244,15385150,452
2019-02-15 11:45:27.067,0.5,sell,3575.61,BTC-29MAR19-3750-C,54.15,0.0515,0.5,2,1550231127067,15386595,454
2019-02-15 14:18:20.917,0.2,buy,3607.14,BTC-29MAR19-3750-C,54.28,0.055,0.2,0,1550240300917,15389287,455
2019-02-15 14:40:33.306,0.2,sell,3564.66,BTC-29MAR19-3750-C,54.32,0.0505,0.2,2,1550241633306,15395514,456
2019-02-15 14:41:41.511,0.4,buy,3566.71,BTC-29MAR19-3750-C,54.1,0.0505,0.4,3,1550241701511,15395548,457
2019-02-15 14:42:05.514,0.4,buy,3567.27,BTC-29MAR19-3750-C,54.11,0.0505,0.4,3,1550241725514,15395553,458
2019-02-15 17:06:43.692,0.2,buy,3562.49,BTC-29MAR19-3750-C,54.52,0.05,0.2,2,1550250403692,15400350,459
2019-02-15 17:09:49.898,0.2,buy,3562.87,BTC-29MAR19-3750-C,54.47,0.05,0.2,3,1550250589898,15400377,460
2019-02-15 17:26:53.146,7.1000000000000005,sell,3565.46,BTC-29MAR19-3750-C,53.72,0.0495,7.1000000000000005,2,1550251613146,15400600,461
2019-02-15 17:27:10.807,2.9,buy,3565.78,BTC-29MAR19-3750-C,53.7,0.0495,2.9,3,1550251630807,15400622,462
2019-02-15 17:29:14.672,0.2,sell,3566.65,BTC-29MAR19-3750-C,53.61,0.0495,0.2,3,1550251754672,15400679,463
2019-02-15 17:52:10.981,2.3000000000000003,sell,3563.6,BTC-29MAR19-3750-C,53.4,0.049,2.3000000000000003,2,1550253130981,15400869,464
2019-02-15 19:03:47.633,0.2,sell,3568.73,BTC-29MAR19-3750-C,53.55,0.0495,0.2,0,1550257427633,15401201,465
2019-02-15 19:05:02.290,0.1,buy,3567.8,BTC-29MAR19-3750-C,53.6,0.0495,0.1,1,1550257502290,15401227,466
2019-02-15 19:05:12.491,0.1,buy,3567.88,BTC-29MAR19-3750-C,53.56,0.0495,0.1,1,1550257512491,15401229,467
2019-02-15 19:39:17.421,0.1,buy,3568.36,BTC-29MAR19-3750-C,54.08,0.05,0.1,0,1550259557421,15401600,468
2019-02-15 19:48:39.166,0.1,buy,3566.93,BTC-29MAR19-3750-C,54.06,0.05,0.1,1,1550260119166,15401769,469
2019-02-15 23:04:49.896,0.1,buy,3564.8,BTC-29MAR19-3750-C,54.19,0.05,0.1,1,1550271889896,15402711,470
2019-02-15 23:21:50.984,2.7,sell,3564.63,BTC-29MAR19-3750-C,53.47,0.049,2.7,2,1550272910984,15402781,471
2019-02-16 00:17:20.321,0.3,buy,3569.05,BTC-29MAR19-3750-C,53.7,0.05,0.3,0,1550276240321,15403190,472
2019-02-16 04:21:24.862,1.0,buy,3588.54,BTC-29MAR19-3750-C,55.32,0.0545,1.0,0,1550290884862,15408223,473
2019-02-16 12:05:04.172,0.3,buy,3590.17,BTC-29MAR19-3750-C,53.74,0.0525,0.3,2,1550318704172,15412237,474
2019-02-16 12:07:42.020,0.2,buy,3591.13,BTC-29MAR19-3750-C,53.67,0.0525,0.2,3,1550318862020,15412316,476
2019-02-16 12:07:42.020,0.2,buy,3591.13,BTC-29MAR19-3750-C,53.67,0.0525,0.2,3,1550318862020,15412315,475
2019-02-16 12:08:52.788,8.0,buy,3591.94,BTC-29MAR19-3750-C,53.53,0.0525,8.0,3,1550318932788,15412351,477
2019-02-16 12:12:03.884,12.0,buy,3590.7,BTC-29MAR19-3750-C,53.71,0.0525,12.0,3,1550319123884,15412475,478
2019-02-16 12:13:34.628,0.4,buy,3590.59,BTC-29MAR19-3750-C,53.71,0.0525,0.4,3,1550319214628,15412537,479
2019-02-16 12:24:50.649,4.0,buy,3600.57,BTC-29MAR19-3750-C,53.09,0.0525,4.0,3,1550319890649,15413226,480
2019-02-16 12:24:56.485,0.4,buy,3604.96,BTC-29MAR19-3750-C,52.72,0.0525,0.4,3,1550319896485,15413362,481
2019-02-16 12:35:50.155,3.9,buy,3584.57,BTC-29MAR19-3750-C,53.63,0.0515,3.9,2,1550320550155,15414687,482
2019-02-16 12:36:56.792,6.3,buy,3584.51,BTC-29MAR19-3750-C,54.76,0.053,6.3,0,1550320616792,15414691,484
2019-02-16 12:36:56.792,3.8,buy,3584.51,BTC-29MAR19-3750-C,54.38,0.0525,3.8,0,1550320616792,15414690,483
2019-02-16 14:43:51.671,0.1,buy,3606.03,BTC-29MAR19-3750-C,52.8,0.053,0.1,1,1550328231671,15418181,485
2019-02-16 17:29:52.179,49.8,sell,3589.13,BTC-29MAR19-3750-C,54.02,0.0525,49.8,3,1550338192179,15421829,487
2019-02-16 17:29:52.179,0.2,sell,3589.13,BTC-29MAR19-3750-C,54.02,0.0525,0.2,2,1550338192179,15421828,486
2019-02-16 17:31:21.360,0.3,sell,3588.65,BTC-29MAR19-3750-C,54.0,0.0525,0.3,3,1550338281360,15421867,488
2019-02-17 04:34:24.510,0.1,buy,3589.07,BTC-29MAR19-3750-C,54.21,0.052000000000000005,0.1,2,1550378064510,15427363,489
2019-02-17 04:59:18.116,0.1,buy,3595.49,BTC-29MAR19-3750-C,54.77,0.054000000000000006,0.1,0,1550379558116,15427831,490
2019-02-17 05:00:45.804,0.3,sell,3595.37,BTC-29MAR19-3750-C,53.63,0.0525,0.3,2,1550379645804,15427848,491
2019-02-17 05:00:50.440,2.0,sell,3595.19,BTC-29MAR19-3750-C,53.65,0.0525,2.0,3,1550379650440,15427850,492
2019-02-17 05:02:20.689,1.0,sell,3594.78,BTC-29MAR19-3750-C,53.31,0.052000000000000005,1.0,2,1550379740689,15427872,493
2019-02-17 05:02:49.434,0.5,sell,3595.78,BTC-29MAR19-3750-C,53.35,0.052000000000000005,0.5,3,1550379769434,15427878,494
2019-02-17 05:47:26.525,0.1,buy,3594.13,BTC-29MAR19-3750-C,54.71,0.0535,0.1,0,1550382446525,15428175,495
2019-02-17 07:44:51.593,2.0,buy,3596.53,BTC-29MAR19-3750-C,55.07,0.054000000000000006,2.0,0,1550389491593,15428992,496
2019-02-17 08:32:34.681,0.1,buy,3596.36,BTC-29MAR19-3750-C,54.93,0.054000000000000006,0.1,1,1550392354681,15429273,497
2019-02-17 08:33:45.162,0.2,buy,3596.1,BTC-29MAR19-3750-C,54.96,0.054000000000000006,0.2,1,1550392425162,15429276,498
2019-02-17 09:25:23.305,0.1,sell,3597.97,BTC-29MAR19-3750-C,53.99,0.0525,0.1,2,1550395523305,15429498,499
2019-02-17 09:25:23.305,0.3,sell,3597.97,BTC-29MAR19-3750-C,53.99,0.0525,0.3,3,1550395523305,15429499,500
2019-02-17 09:32:06.347,0.5,buy,3598.8,BTC-29MAR19-3750-C,55.06,0.054000000000000006,0.5,0,1550395926347,15429543,501
2019-02-17 09:33:13.271,0.5,buy,3599.08,BTC-29MAR19-3750-C,55.05,0.054000000000000006,0.5,1,1550395993271,15429554,502
2019-02-17 09:48:31.407,0.2,buy,3599.46,BTC-29MAR19-3750-C,54.93,0.054000000000000006,0.2,1,1550396911407,15429595,503
2019-02-17 09:48:31.407,0.1,buy,3599.46,BTC-29MAR19-3750-C,55.69,0.055,0.1,0,1550396911407,15429596,504
2019-02-17 10:26:05.812,0.2,buy,3618.01,BTC-29MAR19-3750-C,54.58,0.056,0.2,0,1550399165812,15431026,505
2019-02-17 10:26:05.812,5.6000000000000005,buy,3618.01,BTC-29MAR19-3750-C,54.96,0.0565,5.6000000000000005,0,1550399165812,15431027,506
2019-02-17 10:27:56.423,0.2,buy,3660.06,BTC-29MAR19-3750-C,52.9,0.058,0.2,0,1550399276423,15433640,507
2019-02-17 10:27:57.500,2.8000000000000003,buy,3661.93,BTC-29MAR19-3750-C,52.57,0.058,2.8000000000000003,1,1550399277500,15433687,508
2019-02-17 10:31:13.574,0.1,buy,3638.46,BTC-29MAR19-3750-C,54.57,0.058,0.1,1,1550399473574,15436013,509
2019-02-17 10:35:12.232,1.0,sell,3634.69,BTC-29MAR19-3750-C,53.65,0.0565,1.0,2,1550399712232,15437201,510
2019-02-17 10:37:12.607,0.6,sell,3630.0,BTC-29MAR19-3750-C,54.15,0.0565,0.6,3,1550399832607,15437622,511
2019-02-17 10:38:06.505,0.2,buy,3628.58,BTC-29MAR19-3750-C,54.98,0.0575,0.2,0,1550399886505,15437752,512
2019-02-17 10:42:47.954,0.9,sell,3619.08,BTC-29MAR19-3750-C,54.18,0.0555,0.9,2,1550400167954,15438555,513
2019-02-17 10:44:35.946,2.3000000000000003,sell,3613.66,BTC-29MAR19-3750-C,54.11,0.055,2.3000000000000003,2,1550400275946,15439027,514
2019-02-17 11:23:04.205,0.1,sell,3593.96,BTC-29MAR19-3750-C,53.72,0.052000000000000005,0.1,2,1550402584205,15442918,515
2019-02-17 11:38:04.426,0.2,sell,3589.34,BTC-29MAR19-3750-C,54.2,0.052000000000000005,0.2,2,1550403484426,15443023,517
2019-02-17 11:38:04.426,0.3,sell,3589.34,BTC-29MAR19-3750-C,54.59,0.0525,0.3,0,1550403484426,15443022,516
2019-02-17 13:06:53.751,0.2,sell,3563.89,BTC-29MAR19-3750-C,54.6,0.05,0.2,2,1550408813751,15446582,518
2019-02-17 13:06:53.751,1.8,sell,3563.89,BTC-29MAR19-3750-C,54.6,0.05,1.8,3,1550408813751,15446583,519
2019-02-17 13:07:41.505,0.2,buy,3557.21,BTC-29MAR19-3750-C,54.82,0.0495,0.2,2,1550408861505,15446784,520
2019-02-17 13:07:54.332,3.4,buy,3558.5,BTC-29MAR19-3750-C,54.76,0.0495,3.4,3,1550408874332,15446844,521
2019-02-17 13:29:52.337,3.2,buy,3566.11,BTC-29MAR19-3750-C,54.21,0.0495,3.2,3,1550410192337,15447611,522
2019-02-17 20:14:28.416,0.3,buy,3573.66,BTC-29MAR19-3750-C,54.45,0.0505,0.3,0,1550434468416,15452379,523
2019-02-17 21:17:14.981,0.5,buy,3578.34,BTC-29MAR19-3750-C,53.05,0.049,0.5,2,1550438234981,15452927,524
2019-02-17 21:18:09.438,0.3,buy,3580.27,BTC-29MAR19-3750-C,54.17,0.0505,0.3,0,1550438289438,15452945,525
2019-02-18 00:56:56.846,0.2,buy,3649.56,BTC-29MAR19-3750-C,53.76,0.058,0.2,0,1550451416846,15465815,526
2019-02-18 00:57:31.390,2.0,buy,3657.63,BTC-29MAR19-3750-C,54.27,0.0595,2.0,0,1550451451390,15466078,527
2019-02-18 00:58:24.322,0.2,buy,3664.32,BTC-29MAR19-3750-C,53.85,0.06,0.2,0,1550451504322,15466599,528
2019-02-18 01:07:23.784,0.1,sell,3677.4,BTC-29MAR19-3750-C,53.55,0.0615,0.1,0,1550452043784,15468813,529
2019-02-18 01:07:26.487,0.2,buy,3678.06,BTC-29MAR19-3750-C,53.92,0.062,0.2,0,1550452046487,15468828,530
2019-02-18 01:07:30.499,0.2,buy,3683.62,BTC-29MAR19-3750-C,54.17,0.063,0.2,0,1550452050499,15469030,531
2019-02-18 01:07:35.703,0.2,buy,3693.15,BTC-29MAR19-3750-C,53.92,0.064,0.2,0,1550452055703,15469233,532
2019-02-18 01:07:47.479,0.2,buy,3705.8,BTC-29MAR19-3750-C,54.65,0.066,0.2,0,1550452067479,15469721,533
2019-02-18 01:07:56.321,0.2,buy,3714.01,BTC-29MAR19-3750-C,54.7,0.0685,0.2,0,1550452076321,15470113,534
2019-02-18 01:17:10.650,1.5,buy,3632.01,BTC-29MAR19-3750-C,54.73,0.057,1.5,3,1550452630650,15476836,537
2019-02-18 01:17:10.650,0.2,buy,3632.01,BTC-29MAR19-3750-C,54.73,0.057,0.2,3,1550452630650,15476835,536
2019-02-18 01:17:10.650,3.3000000000000003,buy,3632.01,BTC-29MAR19-3750-C,54.73,0.057,3.3000000000000003,2,1550452630650,15476834,535
2019-02-18 01:32:19.112,0.3,sell,3633.47,BTC-29MAR19-3750-C,53.57,0.056,0.3,2,1550453539112,15478955,538
2019-02-18 01:32:20.100,0.1,buy,3633.47,BTC-29MAR19-3750-C,53.57,0.056,0.1,3,1550453540100,15478957,539
2019-02-18 01:35:36.538,0.4,buy,3634.13,BTC-29MAR19-3750-C,53.55,0.056,0.4,3,1550453736538,15479101,546
2019-02-18 01:35:36.538,1.5,buy,3634.13,BTC-29MAR19-3750-C,53.55,0.056,1.5,3,1550453736538,15479100,545
2019-02-18 01:35:36.538,1.4,buy,3634.13,BTC-29MAR19-3750-C,53.55,0.056,1.4,3,1550453736538,15479097,542
2019-02-18 01:35:36.538,0.6,buy,3634.13,BTC-29MAR19-3750-C,53.55,0.056,0.6,3,1550453736538,15479098,543
2019-02-18 01:35:36.538,0.6,buy,3634.13,BTC-29MAR19-3750-C,53.55,0.056,0.6,3,1550453736538,15479095,540
2019-02-18 01:35:36.538,0.5,buy,3634.13,BTC-29MAR19-3750-C,53.55,0.056,0.5,3,1550453736538,15479096,541
2019-02-18 01:35:36.538,0.6,buy,3634.13,BTC-29MAR19-3750-C,53.55,0.056,0.6,3,1550453736538,15479099,544
2019-02-18 01:41:50.323,0.1,sell,3647.92,BTC-29MAR19-3750-C,53.69,0.0575,0.1,0,1550454110323,15479752,547
2019-02-18 01:41:50.323,0.2,sell,3647.92,BTC-29MAR19-3750-C,52.93,0.0565,0.2,2,1550454110323,15479753,548
2019-02-18 02:36:45.593,1.8,sell,3660.85,BTC-29MAR19-3750-C,52.76,0.058,1.8,1,1550457405593,15483130,550
2019-02-18 02:36:45.593,0.2,sell,3660.85,BTC-29MAR19-3750-C,52.76,0.058,0.2,0,1550457405593,15483129,549
2019-02-18 02:48:56.349,0.3,buy,3667.62,BTC-29MAR19-3750-C,54.66,0.061,0.3,1,1550458136349,15483938,552
2019-02-18 02:48:56.349,0.2,buy,3667.62,BTC-29MAR19-3750-C,54.66,0.061,0.2,0,1550458136349,15483937,551
2019-02-18 02:49:36.095,0.3,buy,3669.1,BTC-29MAR19-3750-C,55.21,0.062,0.3,0,1550458176095,15483987,554
2019-02-18 02:49:36.095,0.2,buy,3669.1,BTC-29MAR19-3750-C,54.83,0.0615,0.2,0,1550458176095,15483986,553
2019-02-18 02:55:27.031,0.1,sell,3670.87,BTC-29MAR19-3750-C,53.51,0.06,0.1,2,1550458527031,15484574,555
2019-02-18 06:20:54.920,0.2,buy,3686.93,BTC-29MAR19-3750-C,53.95,0.0615,0.2,0,1550470854920,15494778,556
2019-02-18 06:37:44.859,0.2,buy,3695.47,BTC-29MAR19-3750-C,53.59,0.062,0.2,0,1550471864859,15496202,557
2019-02-18 06:38:36.428,0.2,buy,3694.96,BTC-29MAR19-3750-C,53.76,0.062,0.2,1,1550471916428,15496236,558
2019-02-18 06:40:55.834,0.2,buy,3694.86,BTC-29MAR19-3750-C,53.8,0.062,0.2,1,1550472055834,15496322,559
2019-02-18 06:53:46.400,0.2,buy,3693.19,BTC-29MAR19-3750-C,53.87,0.062,0.2,1,1550472826400,15496806,560
2019-02-18 07:39:13.049,1.0,buy,3700.99,BTC-29MAR19-3750-C,55.59,0.066,1.0,0,1550475553049,15503689,561
2019-02-18 07:40:29.970,2.0,buy,3700.12,BTC-29MAR19-3750-C,55.95,0.0665,2.0,0,1550475629970,15503721,562
2019-02-18 07:58:35.804,0.1,buy,3690.07,BTC-29MAR19-3750-C,56.03,0.0655,0.1,2,1550476715804,15504371,563
2019-02-18 08:08:53.881,2.8000000000000003,buy,3691.48,BTC-29MAR19-3750-C,56.13,0.0655,2.8000000000000003,3,1550477333881,15504833,565
2019-02-18 08:08:53.881,0.2,buy,3691.48,BTC-29MAR19-3750-C,56.13,0.0655,0.2,3,1550477333881,15504832,564
2019-02-18 08:09:10.740,0.3,sell,3691.44,BTC-29MAR19-3750-C,54.59,0.0635,0.3,2,1550477350740,15504846,566
2019-02-18 08:42:33.558,2.0,buy,3700.5,BTC-29MAR19-3750-C,56.16,0.0665,2.0,0,1550479353558,15505829,567
2019-02-18 09:30:17.057,0.1,sell,3706.14,BTC-29MAR19-3750-C,54.34,0.0645,0.1,2,1550482217057,15507226,568
2019-02-18 09:31:12.350,0.2,buy,3703.96,BTC-29MAR19-3750-C,55.17,0.0655,0.2,0,1550482272350,15507259,570
2019-02-18 09:31:12.350,0.2,buy,3703.96,BTC-29MAR19-3750-C,54.79,0.065,0.2,0,1550482272350,15507258,569
2019-02-18 09:32:11.193,0.2,buy,3703.85,BTC-29MAR19-3750-C,53.8,0.0635,0.2,2,1550482331193,15507278,571
2019-02-18 09:34:04.276,0.2,sell,3703.76,BTC-29MAR19-3750-C,54.18,0.064,0.2,0,1550482444276,15507300,572
2019-02-18 09:35:19.433,1.0,sell,3703.82,BTC-29MAR19-3750-C,54.05,0.064,1.0,1,1550482519433,15507316,573
2019-02-18 09:46:21.225,1.9,buy,3707.52,BTC-29MAR19-3750-C,55.89,0.067,1.9,0,1550483181225,15507603,575
2019-02-18 09:46:21.225,0.1,buy,3707.52,BTC-29MAR19-3750-C,55.12,0.066,0.1,0,1550483181225,15507602,574
2019-02-18 09:58:14.855,0.1,buy,3702.38,BTC-29MAR19-3750-C,55.65,0.066,0.1,2,1550483894855,15508072,576
2019-02-18 09:58:14.855,0.1,buy,3702.38,BTC-29MAR19-3750-C,56.04,0.0665,0.1,0,1550483894855,15508073,577
2019-02-18 10:01:34.431,0.3,sell,3702.01,BTC-29MAR19-3750-C,54.54,0.0645,0.3,3,1550484094431,15508181,579
2019-02-18 10:01:34.431,0.2,sell,3702.01,BTC-29MAR19-3750-C,54.54,0.0645,0.2,2,1550484094431,15508180,578
2019-02-18 10:05:25.708,0.2,sell,3700.16,BTC-29MAR19-3750-C,54.93,0.0645,0.2,3,1550484325708,15508314,580
2019-02-18 10:08:51.393,0.2,sell,3702.35,BTC-29MAR19-3750-C,54.75,0.0645,0.2,3,1550484531393,15508455,581
2019-02-18 10:22:38.896,0.2,sell,3699.13,BTC-29MAR19-3750-C,55.26,0.065,0.2,0,1550485358896,15509546,582
2019-02-18 10:29:07.983,0.1,buy,3690.95,BTC-29MAR19-3750-C,55.47,0.0645,0.1,2,1550485747983,15509954,583
2019-02-18 11:21:54.170,0.2,buy,3696.68,BTC-29MAR19-3750-C,55.63,0.0655,0.2,0,1550488914170,15511469,584
2019-02-18 11:21:54.170,0.1,buy,3696.68,BTC-29MAR19-3750-C,55.63,0.0655,0.1,1,1550488914170,15511471,586
2019-02-18 11:21:54.170,1.0,buy,3696.68,BTC-29MAR19-3750-C,55.63,0.0655,1.0,1,1550488914170,15511470,585
2019-02-18 11:24:39.602,0.2,sell,3697.35,BTC-29MAR19-3750-C,54.72,0.0645,0.2,2,1550489079602,15511487,587
2019-02-18 11:27:49.274,0.4,buy,3693.41,BTC-29MAR19-3750-C,55.62,0.065,0.4,0,1550489269274,15511623,588
2019-02-18 11:35:56.435,0.2,sell,3694.37,BTC-29MAR19-3750-C,54.48,0.0635,0.2,2,1550489756435,15511768,589
2019-02-18 11:38:09.905,2.8000000000000003,buy,3700.67,BTC-29MAR19-3750-C,53.97,0.0635,2.8000000000000003,3,1550489889905,15511881,590
2019-02-18 11:47:34.540,0.1,buy,3702.01,BTC-29MAR19-3750-C,55.55,0.066,0.1,0,1550490454540,15512224,591
2019-02-18 12:03:49.328,0.1,buy,3697.25,BTC-29MAR19-3750-C,54.61,0.064,0.1,2,1550491429328,15514265,592
2019-02-18 12:10:46.736,0.1,sell,3700.81,BTC-29MAR19-3750-C,53.91,0.0635,0.1,2,1550491846736,15514665,593
2019-02-18 12:18:24.571,0.1,buy,3701.78,BTC-29MAR19-3750-C,54.48,0.0645,0.1,0,1550492304571,15515113,594
2019-02-18 12:18:24.571,0.2,buy,3701.78,BTC-29MAR19-3750-C,54.86,0.065,0.2,0,1550492304571,15515114,595
2019-02-18 12:28:57.016,0.1,buy,3705.1,BTC-29MAR19-3750-C,55.01,0.0655,0.1,0,1550492937016,15515863,596
2019-02-18 12:37:13.398,0.1,buy,3716.19,BTC-29MAR19-3750-C,54.93,0.0665,0.1,0,1550493433398,15516510,597
2019-02-18 12:37:13.398,0.3,buy,3716.19,BTC-29MAR19-3750-C,54.93,0.0665,0.3,1,1550493433398,15516511,598
2019-02-18 12:48:20.574,0.2,buy,3725.23,BTC-29MAR19-3750-C,54.29,0.067,0.2,0,1550494100574,15517316,599
2019-02-18 12:56:27.312,0.2,buy,3732.21,BTC-29MAR19-3750-C,54.17,0.0675,0.2,0,1550494587312,15518635,600
2019-02-18 12:59:36.374,0.2,buy,3732.18,BTC-29MAR19-3750-C,54.21,0.0675,0.2,1,1550494776374,15520102,601
2019-02-18 13:18:31.677,0.2,buy,3735.28,BTC-29MAR19-3750-C,54.19,0.0675,0.2,1,1550495911677,15521843,602
2019-02-18 13:18:47.440,0.2,buy,3736.68,BTC-29MAR19-3750-C,54.02,0.0675,0.2,1,1550495927440,15521883,603
2019-02-18 13:18:59.871,0.2,buy,3736.43,BTC-29MAR19-3750-C,54.0,0.0675,0.2,1,1550495939871,15521949,604
2019-02-18 13:20:58.984,0.1,buy,3743.69,BTC-29MAR19-3750-C,54.11,0.0685,0.1,0,1550496058984,15522299,605
2019-02-18 13:21:04.267,0.2,sell,3745.28,BTC-29MAR19-3750-C,53.15,0.0675,0.2,2,1550496064267,15522360,606
2019-02-18 13:28:18.440,0.1,sell,3762.32,BTC-29MAR19-3750-C,53.57,0.07,0.1,0,1550496498440,15525245,607
2019-02-18 13:44:16.797,0.1,sell,3790.16,BTC-29MAR19-3750-C,53.67,0.0735,0.1,0,1550497456797,15530565,608
2019-02-18 13:47:13.194,0.1,sell,3787.97,BTC-29MAR19-3750-C,54.83,0.075,0.1,0,1550497633194,15531872,609
2019-02-18 13:47:31.603,0.1,sell,3788.6,BTC-29MAR19-3750-C,54.87,0.075,0.1,1,1550497651603,15532015,610
2019-02-18 13:47:34.471,0.1,sell,3789.52,BTC-29MAR19-3750-C,54.77,0.075,0.1,1,1550497654471,15532058,611
2019-02-18 13:49:19.434,0.1,sell,3794.18,BTC-29MAR19-3750-C,54.13,0.075,0.1,1,1550497759434,15532467,612
2019-02-18 13:51:03.788,3.4,buy,3805.08,BTC-29MAR19-3750-C,53.73,0.0755,3.4,0,1550497863788,15532786,613
2019-02-18 13:54:16.354,0.3,buy,3810.47,BTC-29MAR19-3750-C,52.98,0.0755,0.3,1,1550498056354,15533830,614
2019-02-18 13:55:39.189,0.3,buy,3814.5,BTC-29MAR19-3750-C,53.02,0.0755,0.3,1,1550498139189,15534389,615
2019-02-18 13:57:17.556,3.3000000000000003,sell,3810.47,BTC-29MAR19-3750-C,54.05,0.076,3.3000000000000003,0,1550498237556,15534774,616
2019-02-18 13:57:25.847,0.1,buy,3809.01,BTC-29MAR19-3750-C,54.59,0.0765,0.1,0,1550498245847,15534824,617
2019-02-18 13:59:52.313,0.4,sell,3794.02,BTC-29MAR19-3750-C,54.63,0.075,0.4,2,1550498392313,15535851,618
2019-02-18 14:03:22.866,0.2,sell,3786.73,BTC-29MAR19-3750-C,55.31,0.075,0.2,3,1550498602866,15536359,619
2019-02-18 14:15:24.591,0.1,sell,3803.66,BTC-29MAR19-3750-C,53.12,0.075,0.1,3,1550499324591,15538817,620
2019-02-18 14:17:19.960,0.5,buy,3809.01,BTC-29MAR19-3750-C,53.08,0.0755,0.5,0,1550499439960,15539011,621
2019-02-18 14:29:43.814,0.2,buy,3815.25,BTC-29MAR19-3750-C,55.19,0.0795,0.2,0,1550500183814,15541266,622
2019-02-18 14:29:43.814,0.1,buy,3815.25,BTC-29MAR19-3750-C,55.58,0.08,0.1,0,1550500183814,15541267,623
2019-02-18 15:03:38.907,0.2,sell,3790.49,BTC-29MAR19-3750-C,55.56,0.0765,0.2,2,1550502218907,15544235,624
2019-02-18 15:03:59.264,1.4,sell,3790.32,BTC-29MAR19-3750-C,55.58,0.0765,1.4,3,1550502239264,15544290,625
2019-02-18 15:29:10.825,0.2,sell,3800.84,BTC-29MAR19-3750-C,53.46,0.0755,0.2,2,1550503750825,15546142,626
2019-02-18 16:00:54.839,2.0,sell,3806.18,BTC-29MAR19-3750-C,53.56,0.076,2.0,0,1550505654839,15547242,627
2019-02-18 16:01:19.981,0.2,sell,3808.67,BTC-29MAR19-3750-C,53.46,0.076,0.2,1,1550505679981,15547253,628
2019-02-18 16:01:34.087,0.2,buy,3810.73,BTC-29MAR19-3750-C,55.48,0.079,0.2,0,1550505694087,15547293,629
2019-02-18 16:01:38.526,0.2,sell,3811.59,BTC-29MAR19-3750-C,55.02,0.0785,0.2,2,1550505698526,15547347,630
2019-02-18 16:02:04.095,0.2,buy,3812.84,BTC-29MAR19-3750-C,54.81,0.0785,0.2,3,1550505724095,15547385,631
2019-02-18 16:03:25.752,0.2,sell,3816.69,BTC-29MAR19-3750-C,54.31,0.0785,0.2,3,1550505805752,15547626,632
2019-02-18 16:05:45.022,0.2,sell,3820.87,BTC-29MAR19-3750-C,54.04,0.0785,0.2,3,1550505945022,15547859,633
2019-02-18 16:06:39.886,0.2,buy,3826.06,BTC-29MAR19-3750-C,54.77,0.08,0.2,0,1550505999886,15548362,634
2019-02-18 16:06:42.239,0.2,buy,3825.99,BTC-29MAR19-3750-C,54.77,0.08,0.2,1,1550506002239,15548367,635
2019-02-18 16:08:18.292,0.2,buy,3828.72,BTC-29MAR19-3750-C,54.95,0.0805,0.2,0,1550506098292,15548840,636
2019-02-18 16:08:21.531,0.2,buy,3827.13,BTC-29MAR19-3750-C,55.12,0.0805,0.2,1,1550506101531,15548859,637
2019-02-18 16:08:41.110,0.2,sell,3828.25,BTC-29MAR19-3750-C,55.27,0.081,0.2,0,1550506121110,15548927,638
2019-02-18 16:08:56.669,0.2,sell,3828.49,BTC-29MAR19-3750-C,54.8,0.0805,0.2,2,1550506136669,15548947,639
2019-02-18 16:09:37.948,0.2,sell,3816.09,BTC-29MAR19-3750-C,55.67,0.08,0.2,2,1550506177948,15549122,640
2019-02-18 16:09:43.524,0.2,sell,3814.86,BTC-29MAR19-3750-C,55.38,0.0795,0.2,2,1550506183524,15549151,641
2019-02-18 16:09:51.792,0.4,buy,3814.37,BTC-29MAR19-3750-C,55.3,0.0795,0.4,3,1550506191792,15549193,642
2019-02-18 16:10:04.371,0.2,buy,3815.67,BTC-29MAR19-3750-C,55.27,0.0795,0.2,3,1550506204371,15549220,643
2019-02-18 16:10:22.791,0.2,sell,3816.12,BTC-29MAR19-3750-C,54.78,0.079,0.2,2,1550506222791,15549244,644
2019-02-18 16:26:54.996,0.2,buy,3872.77,BTC-29MAR19-3750-C,52.48,0.084,0.2,0,1550507214996,15553072,645
2019-02-18 16:30:36.882,0.2,buy,3880.41,BTC-29MAR19-3750-C,51.89,0.084,0.2,1,1550507436882,15554354,646
2019-02-18 16:30:37.203,0.3,buy,3880.41,BTC-29MAR19-3750-C,51.87,0.084,0.3,1,1550507437203,15554357,647
2019-02-18 16:30:42.851,0.2,buy,3883.07,BTC-29MAR19-3750-C,51.58,0.084,0.2,1,1550507442851,15554434,648
2019-02-18 16:30:43.558,0.4,buy,3883.9,BTC-29MAR19-3750-C,51.51,0.084,0.4,1,1550507443558,15554441,649
2019-02-18 16:30:47.818,1.7,buy,3885.38,BTC-29MAR19-3750-C,51.43,0.084,1.7,1,1550507447818,15554488,650
2019-02-18 16:30:48.611,0.2,buy,3885.95,BTC-29MAR19-3750-C,52.57,0.0855,0.2,0,1550507448611,15554493,651
2019-02-18 16:31:04.342,0.3,buy,3890.43,BTC-29MAR19-3750-C,52.1,0.0855,0.3,1,1550507464342,15554611,652
2019-02-18 16:31:10.009,0.2,buy,3891.44,BTC-29MAR19-3750-C,51.97,0.0855,0.2,1,1550507470009,15554666,653
2019-02-18 16:31:15.845,0.3,buy,3893.54,BTC-29MAR19-3750-C,51.88,0.0855,0.3,1,1550507475845,15554781,654
2019-02-18 16:34:41.178,0.3,buy,3900.62,BTC-29MAR19-3750-C,51.68,0.087,0.3,0,1550507681178,15556763,655
2019-02-18 16:35:13.916,1.3,buy,3913.61,BTC-29MAR19-3750-C,54.45,0.092,1.3,1,1550507713916,15557154,657
2019-02-18 16:35:13.916,0.2,buy,3913.61,BTC-29MAR19-3750-C,54.45,0.092,0.2,0,1550507713916,15557153,656
2019-02-18 16:44:13.528,0.2,sell,3874.11,BTC-29MAR19-3750-C,55.19,0.0875,0.2,2,1550508253528,15559875,658
2019-02-18 16:51:22.901,0.2,buy,3869.24,BTC-29MAR19-3750-C,53.4,0.0845,0.2,2,1550508682901,15563758,659
2019-02-18 16:52:36.446,0.2,buy,3869.8,BTC-29MAR19-3750-C,53.23,0.0845,0.2,3,1550508756446,15563898,660
2019-02-18 16:52:36.446,0.1,buy,3869.8,BTC-29MAR19-3750-C,53.63,0.085,0.1,0,1550508756446,15563899,661
2019-02-18 16:52:37.125,0.2,buy,3869.8,BTC-29MAR19-3750-C,54.02,0.0855,0.2,0,1550508757125,15563902,663
2019-02-18 16:52:37.125,0.1,buy,3869.8,BTC-29MAR19-3750-C,53.62,0.085,0.1,1,1550508757125,15563901,662
2019-02-18 16:53:06.631,0.2,sell,3869.64,BTC-29MAR19-3750-C,53.19,0.0845,0.2,2,1550508786631,15563946,664
2019-02-18 16:53:07.486,0.2,sell,3869.8,BTC-29MAR19-3750-C,53.21,0.0845,0.2,3,1550508787486,15563947,665
2019-02-18 16:53:27.321,0.2,buy,3869.6,BTC-29MAR19-3750-C,53.26,0.0845,0.2,3,1550508807321,15564002,666
2019-02-18 16:53:27.616,0.1,buy,3869.6,BTC-29MAR19-3750-C,54.06,0.0855,0.1,0,1550508807616,15564005,668
2019-02-18 16:53:27.616,0.2,buy,3869.6,BTC-29MAR19-3750-C,53.66,0.085,0.2,0,1550508807616,15564004,667
2019-02-18 16:53:35.771,0.1,buy,3869.69,BTC-29MAR19-3750-C,54.41,0.086,0.1,0,1550508815771,15564015,670
2019-02-18 16:53:35.771,0.1,buy,3869.69,BTC-29MAR19-3750-C,54.02,0.0855,0.1,1,1550508815771,15564014,669
2019-02-18 16:54:33.660,0.2,buy,3871.19,BTC-29MAR19-3750-C,53.16,0.0845,0.2,2,1550508873660,15564052,671
2019-02-18 16:54:53.062,0.1,buy,3874.21,BTC-29MAR19-3750-C,53.55,0.0855,0.1,0,1550508893062,15564126,673
2019-02-18 16:54:53.062,0.2,buy,3874.21,BTC-29MAR19-3750-C,53.15,0.085,0.2,0,1550508893062,15564125,672
2019-02-18 16:55:02.355,0.2,sell,3874.98,BTC-29MAR19-3750-C,53.09,0.085,0.2,2,1550508902355,15564135,674
2019-02-18 16:55:03.358,0.2,buy,3875.02,BTC-29MAR19-3750-C,53.08,0.085,0.2,3,1550508903358,15564136,675
2019-02-18 17:07:15.342,0.2,buy,3849.85,BTC-29MAR19-3750-C,55.55,0.0845,0.2,2,1550509635342,15567320,676
2019-02-18 17:22:04.560,0.3,sell,3873.21,BTC-29MAR19-3750-C,55.4,0.0875,0.3,1,1550510524560,15569023,678
2019-02-18 17:22:04.560,0.2,sell,3873.21,BTC-29MAR19-3750-C,55.4,0.0875,0.2,0,1550510524560,15569022,677
2019-02-18 17:40:34.886,0.2,buy,3858.84,BTC-29MAR19-3750-C,57.46,0.08800000000000001,0.2,0,1550511634886,15570224,679
2019-02-18 18:01:05.347,0.2,sell,3865.98,BTC-29MAR19-3750-C,55.45,0.086,0.2,2,1550512865347,15571245,680
2019-02-18 18:03:18.962,0.2,buy,3861.48,BTC-29MAR19-3750-C,56.99,0.0875,0.2,0,1550512998962,15571313,681
2019-02-18 18:11:21.250,0.2,sell,3868.35,BTC-29MAR19-3750-C,55.82,0.0865,0.2,2,1550513481250,15571406,682
2019-02-18 18:18:16.840,0.2,sell,3888.46,BTC-29MAR19-3750-C,56.32,0.09,0.2,0,1550513896840,15572512,683
2019-02-18 19:24:49.603,4.0,buy,3873.79,BTC-29MAR19-3750-C,59.02,0.092,4.0,0,1550517889603,15575842,686
2019-02-18 19:24:49.603,0.2,buy,3873.79,BTC-29MAR19-3750-C,57.42,0.09,0.2,1,1550517889603,15575840,684
2019-02-18 19:24:49.603,2.8000000000000003,buy,3873.79,BTC-29MAR19-3750-C,58.22,0.091,2.8000000000000003,0,1550517889603,15575841,685
2019-02-18 19:24:49.607,4.0,sell,3873.79,BTC-29MAR19-3750-C,59.02,0.092,4.0,1,1550517889607,15575843,687
2019-02-18 19:53:42.267,0.2,buy,3873.45,BTC-29MAR19-3750-C,57.82,0.0905,0.2,2,1550519622267,15577104,688
2019-02-18 19:53:42.267,2.7,buy,3873.45,BTC-29MAR19-3750-C,58.22,0.091,2.7,0,1550519622267,15577105,689
2019-02-18 19:53:43.371,0.2,sell,3873.5,BTC-29MAR19-3750-C,58.19,0.091,0.2,1,1550519623371,15577110,690
2019-02-18 19:53:43.790,0.2,sell,3873.5,BTC-29MAR19-3750-C,58.19,0.091,0.2,1,1550519623790,15577112,691
2019-02-18 19:53:44.177,0.7000000000000001,sell,3873.5,BTC-29MAR19-3750-C,58.19,0.091,0.7000000000000001,1,1550519624177,15577120,692
2019-02-18 22:04:33.273,0.2,sell,3843.47,BTC-29MAR19-3750-C,57.0,0.0855,0.2,2,1550527473273,15582445,693
2019-02-18 22:06:17.149,0.2,sell,3840.31,BTC-29MAR19-3750-C,56.49,0.0845,0.2,2,1550527577149,15582609,694
2019-02-18 22:06:17.160,0.2,sell,3840.31,BTC-29MAR19-3750-C,55.69,0.0835,0.2,2,1550527577160,15582610,695
2019-02-18 22:10:32.962,1.1,sell,3845.19,BTC-29MAR19-3750-C,55.67,0.084,1.1,0,1550527832962,15583230,696
2019-02-18 22:10:32.962,0.2,sell,3845.19,BTC-29MAR19-3750-C,55.67,0.084,0.2,1,1550527832962,15583231,697
2019-02-18 22:10:33.081,0.2,buy,3845.19,BTC-29MAR19-3750-C,55.67,0.084,0.2,1,1550527833081,15583232,698
2019-02-18 22:12:04.962,1.5,buy,3848.69,BTC-29MAR19-3750-C,55.05,0.084,1.5,1,1550527924962,15583258,699
2019-02-18 22:19:22.188,0.2,buy,3856.58,BTC-29MAR19-3750-C,58.16,0.0885,0.2,0,1550528362188,15583828,700
2019-02-18 22:19:22.188,0.3,buy,3856.58,BTC-29MAR19-3750-C,59.75,0.0905,0.3,0,1550528362188,15583829,701
2019-02-18 22:19:22.195,1.4,buy,3856.58,BTC-29MAR19-3750-C,59.36,0.09,1.4,2,1550528362195,15583830,702
2019-02-18 22:19:22.196,0.6,buy,3856.58,BTC-29MAR19-3750-C,59.36,0.09,0.6,3,1550528362196,15583831,703
2019-02-18 22:19:22.200,1.0,buy,3856.58,BTC-29MAR19-3750-C,59.36,0.09,1.0,3,1550528362200,15583832,704
2019-02-18 22:19:22.418,1.5,buy,3856.58,BTC-29MAR19-3750-C,59.36,0.09,1.5,3,1550528362418,15583834,705
2019-02-18 22:19:22.421,0.2,buy,3856.58,BTC-29MAR19-3750-C,59.75,0.0905,0.2,0,1550528362421,15583836,707
2019-02-18 22:19:22.421,0.4,buy,3856.58,BTC-29MAR19-3750-C,59.36,0.09,0.4,3,1550528362421,15583835,706
2019-02-18 22:19:22.445,0.4,buy,3856.58,BTC-29MAR19-3750-C,59.75,0.0905,0.4,1,1550528362445,15583837,708
2019-02-18 22:23:29.396,0.2,buy,3858.64,BTC-29MAR19-3750-C,57.74,0.0885,0.2,2,1550528609396,15584053,709
2019-02-18 22:24:45.671,0.2,sell,3856.4,BTC-29MAR19-3750-C,58.03,0.0885,0.2,3,1550528685671,15584134,710
2019-02-18 22:24:45.671,0.1,sell,3856.4,BTC-29MAR19-3750-C,57.63,0.08800000000000001,0.1,2,1550528685671,15584135,711
2019-02-18 22:25:24.345,0.2,buy,3855.87,BTC-29MAR19-3750-C,58.08,0.0885,0.2,0,1550528724345,15584142,712
2019-02-18 22:27:27.688,0.2,buy,3851.07,BTC-29MAR19-3750-C,59.03,0.08900000000000001,0.2,0,1550528847688,15584298,713
2019-02-18 22:27:40.341,0.2,sell,3850.93,BTC-29MAR19-3750-C,59.02,0.08900000000000001,0.2,1,1550528860341,15584312,714
2019-02-18 22:27:40.481,0.2,sell,3850.93,BTC-29MAR19-3750-C,58.62,0.0885,0.2,2,1550528860481,15584313,715
2019-02-18 22:40:53.561,0.1,sell,3851.16,BTC-29MAR19-3750-C,57.79,0.08800000000000001,0.1,2,1550529653561,15584700,716
2019-02-18 22:40:53.561,0.1,sell,3851.16,BTC-29MAR19-3750-C,57.39,0.0875,0.1,2,1550529653561,15584701,717
2019-02-18 23:00:13.439,0.1,sell,3859.3,BTC-29MAR19-3750-C,56.27,0.087,0.1,2,1550530813439,15584984,719
2019-02-18 23:00:13.439,0.1,sell,3859.3,BTC-29MAR19-3750-C,56.66,0.0875,0.1,3,1550530813439,15584983,718
2019-02-19 00:28:34.613,1.0,buy,3893.41,BTC-29MAR19-3750-C,61.08,0.098,1.0,0,1550536114613,15590596,721
2019-02-19 00:28:34.613,4.0,buy,3893.41,BTC-29MAR19-3750-C,60.68,0.0975,4.0,0,1550536114613,15590595,720
2019-02-19 00:38:27.875,0.2,buy,3933.64,BTC-29MAR19-3750-C,59.02,0.101,0.2,0,1550536707875,15592199,722
2019-02-19 00:41:12.462,0.4,buy,3935.09,BTC-29MAR19-3750-C,61.89,0.105,0.4,0,1550536872462,15593674,723
2019-02-19 00:42:22.779,0.3,buy,3937.39,BTC-29MAR19-3750-C,61.95,0.105,0.3,1,1550536942779,15593825,724
2019-02-19 00:44:49.359,0.2,buy,3955.4,BTC-29MAR19-3750-C,62.11,0.1075,0.2,0,1550537089359,15594790,725
2019-02-19 00:44:49.359,0.1,buy,3955.4,BTC-29MAR19-3750-C,62.11,0.1075,0.1,1,1550537089359,15594791,726
2019-02-19 01:14:36.027,0.4,sell,3900.37,BTC-29MAR19-3750-C,59.36,0.097,0.4,3,1550538876027,15599152,728
2019-02-19 01:14:36.027,0.2,sell,3900.37,BTC-29MAR19-3750-C,59.36,0.097,0.2,2,1550538876027,15599151,727
2019-02-19 01:58:18.414,0.5,buy,3868.58,BTC-29MAR19-3750-C,62.38,0.097,0.5,3,1550541498414,15604069,729
2019-02-19 03:01:20.429,0.2,sell,3856.12,BTC-29MAR19-3750-C,60.34,0.0925,0.2,2,1550545280429,15606332,730
2019-02-19 03:01:20.429,0.8,sell,3856.12,BTC-29MAR19-3750-C,60.34,0.0925,0.8,3,1550545280429,15606333,731
2019-02-19 03:01:50.396,0.6,sell,3857.06,BTC-29MAR19-3750-C,60.33,0.0925,0.6,3,1550545310396,15606357,732
2019-02-19 03:04:43.955,0.2,sell,3862.14,BTC-29MAR19-3750-C,60.18,0.093,0.2,0,1550545483955,15606541,733
2019-02-19 03:39:43.035,0.2,sell,3865.62,BTC-29MAR19-3750-C,60.83,0.094,0.2,0,1550547583035,15607191,734
2019-02-19 03:39:43.035,0.8,sell,3865.62,BTC-29MAR19-3750-C,60.83,0.094,0.8,1,1550547583035,15607192,735
2019-02-19 03:48:43.553,0.8,buy,3865.95,BTC-29MAR19-3750-C,62.77,0.0965,0.8,0,1550548123553,15607350,737
2019-02-19 03:48:43.553,0.2,buy,3865.95,BTC-29MAR19-3750-C,62.37,0.096,0.2,0,1550548123553,15607349,736
2019-02-19 06:01:41.370,0.2,sell,3867.54,BTC-29MAR19-3750-C,58.97,0.092,0.2,2,1550556101370,15611153,738
2019-02-19 06:01:52.620,0.3,sell,3867.6,BTC-29MAR19-3750-C,58.91,0.092,0.3,3,1550556112620,15611161,739
2019-02-19 06:03:04.064,0.2,buy,3868.8,BTC-29MAR19-3750-C,62.46,0.0965,0.2,0,1550556184064,15611182,740
2019-02-19 06:03:30.994,0.2,buy,3869.19,BTC-29MAR19-3750-C,62.66,0.097,0.2,0,1550556210994,15611184,741
2019-02-19 06:03:30.996,2.3000000000000003,sell,3869.19,BTC-29MAR19-3750-C,62.66,0.097,2.3000000000000003,1,1550556210996,15611185,742
2019-02-19 09:30:32.740,0.2,sell,3881.35,BTC-29MAR19-3750-C,60.36,0.096,0.2,2,1550568632740,15616119,743
2019-02-19 09:30:53.945,0.2,sell,3881.32,BTC-29MAR19-3750-C,60.28,0.096,0.2,3,1550568653945,15616149,744
2019-02-19 09:34:25.049,0.2,sell,3876.97,BTC-29MAR19-3750-C,60.08,0.095,0.2,2,1550568865049,15616268,745
2019-02-19 09:34:25.221,0.2,buy,3876.97,BTC-29MAR19-3750-C,60.08,0.095,0.2,3,1550568865221,15616269,746
2019-02-19 09:34:40.980,0.2,sell,3873.03,BTC-29MAR19-3750-C,60.12,0.0945,0.2,2,1550568880980,15616355,747
2019-02-19 10:26:45.809,6.0,buy,3865.88,BTC-29MAR19-3750-C,60.32,0.094,6.0,2,1550572005809,15618953,748
2019-02-19 10:35:33.310,0.2,sell,3853.96,BTC-29MAR19-3750-C,59.63,0.092,0.2,2,1550572533310,15619226,749
2019-02-19 10:47:33.934,0.2,sell,3865.3,BTC-29MAR19-3750-C,59.59,0.0935,0.2,0,1550573253934,15619730,750
2019-02-19 11:08:39.870,0.2,sell,3871.48,BTC-29MAR19-3750-C,60.97,0.096,0.2,0,1550574519870,15620268,751
2019-02-19 12:07:27.676,0.2,buy,3880.12,BTC-29MAR19-3750-C,62.18,0.099,0.2,0,1550578047676,15621793,752
2019-02-19 12:11:01.448,0.2,sell,3879.1,BTC-29MAR19-3750-C,59.68,0.0955,0.2,2,1550578261448,15621883,753
2019-02-19 12:19:20.348,0.2,buy,3890.36,BTC-29MAR19-3750-C,60.6,0.098,0.2,0,1550578760348,15622265,754
2019-02-19 12:25:43.146,0.2,buy,3890.96,BTC-29MAR19-3750-C,60.78,0.098,0.2,1,1550579143146,15622948,755
2019-02-19 13:13:49.838,0.2,buy,3891.44,BTC-29MAR19-3750-C,60.28,0.0975,0.2,2,1550582029838,15624117,756
2019-02-19 13:17:42.448,0.2,sell,3909.02,BTC-29MAR19-3750-C,59.95,0.0995,0.2,0,1550582262448,15624850,757
2019-02-19 13:17:44.515,0.2,sell,3908.43,BTC-29MAR19-3750-C,60.0,0.0995,0.2,1,1550582264515,15624863,758
2019-02-19 13:22:49.149,0.2,sell,3917.91,BTC-29MAR19-3750-C,59.9,0.1005,0.2,0,1550582569149,15626041,759
2019-02-19 13:29:44.775,0.2,buy,3928.64,BTC-29MAR19-3750-C,60.5,0.1025,0.2,0,1550582984775,15628042,760
2019-02-19 13:29:44.775,1.4,buy,3928.64,BTC-29MAR19-3750-C,62.99,0.1055,1.4,0,1550582984775,15628043,761
2019-02-19 13:47:32.077,0.2,buy,3938.36,BTC-29MAR19-3750-C,59.69,0.103,0.2,2,1550584052077,15631741,762
2019-02-19 21:46:30.655,0.3,sell,3914.99,BTC-29MAR19-3750-C,57.79,0.0965,0.3,2,1550612790655,15663121,763
2019-02-19 21:46:30.655,0.7000000000000001,sell,3914.99,BTC-29MAR19-3750-C,57.79,0.0965,0.7000000000000001,3,1550612790655,15663122,764
2019-02-19 21:56:10.519,0.3,buy,3880.77,BTC-29MAR19-3750-C,60.88,0.0955,0.3,2,1550613370519,15664931,765
2019-02-19 21:56:10.519,0.5,buy,3880.77,BTC-29MAR19-3750-C,60.88,0.0955,0.5,3,1550613370519,15664932,766
2019-02-19 22:08:04.919,0.2,sell,3902.65,BTC-29MAR19-3750-C,58.52,0.0955,0.2,3,1550614084919,15665740,767
2019-02-19 22:39:16.964,0.3,sell,3916.37,BTC-29MAR19-3750-C,58.55,0.0975,0.3,0,1550615956964,15667385,768
2019-02-20 00:21:14.767,0.3,sell,3882.2,BTC-29MAR19-3750-C,58.53,0.0925,0.3,2,1550622074767,15670381,769
2019-02-20 00:24:33.004,0.2,sell,3878.61,BTC-29MAR19-3750-C,58.43,0.092,0.2,2,1550622273004,15670529,770
2019-02-20 00:24:39.421,0.3,sell,3877.66,BTC-29MAR19-3750-C,58.56,0.092,0.3,3,1550622279421,15670572,771
2019-02-20 01:20:44.187,0.1,buy,3879.74,BTC-29MAR19-3750-C,57.75,0.092,0.1,3,1550625644187,15672787,772
2019-02-20 03:03:40.504,0.2,sell,3902.72,BTC-29MAR19-3750-C,57.73,0.095,0.2,0,1550631820504,15674983,773
2019-02-20 03:30:52.311,0.2,buy,3904.39,BTC-29MAR19-3750-C,60.3,0.098,0.2,0,1550633452311,15675596,774
2019-02-20 03:53:06.108,0.2,buy,3893.58,BTC-29MAR19-3750-C,60.96,0.0975,0.2,2,1550634786108,15675917,775
2019-02-20 05:11:43.327,0.1,sell,3887.47,BTC-29MAR19-3750-C,59.89,0.0955,0.1,2,1550639503327,15676970,776
2019-02-20 05:11:43.327,0.1,sell,3887.47,BTC-29MAR19-3750-C,59.07,0.0945,0.1,2,1550639503327,15676971,777
2019-02-20 09:03:32.787,0.2,sell,3911.47,BTC-29MAR19-3750-C,57.87,0.0955,0.2,0,1550653412787,15682318,778
2019-02-20 09:18:37.526,0.2,buy,3907.11,BTC-29MAR19-3750-C,57.9,0.095,0.2,2,1550654317526,15682756,779
2019-02-20 09:18:37.526,0.1,buy,3907.11,BTC-29MAR19-3750-C,57.9,0.095,0.1,3,1550654317526,15682757,780
2019-02-20 10:22:31.114,0.2,buy,3937.63,BTC-29MAR19-3750-C,57.39,0.099,0.2,0,1550658151114,15685872,781
2019-02-20 10:25:22.507,0.2,buy,3935.97,BTC-29MAR19-3750-C,58.56,0.1,0.2,0,1550658322507,15686206,782
2019-02-20 12:37:06.335,0.2,buy,3936.39,BTC-29MAR19-3750-C,58.8,0.1005,0.2,0,1550666226335,15692072,783
2019-02-20 12:37:06.360,0.2,sell,3936.39,BTC-29MAR19-3750-C,58.8,0.1005,0.2,1,1550666226360,15692073,784
2019-02-20 12:37:06.371,0.1,sell,3936.39,BTC-29MAR19-3750-C,58.8,0.1005,0.1,1,1550666226371,15692074,785
2019-02-20 12:37:06.398,0.3,sell,3936.39,BTC-29MAR19-3750-C,58.8,0.1005,0.3,1,1550666226398,15692075,786
2019-02-20 13:04:24.353,0.4,sell,3956.06,BTC-29MAR19-3750-C,56.16,0.0995,0.4,2,1550667864353,15694558,787
2019-02-20 13:52:49.805,5.0,sell,3918.23,BTC-29MAR19-3750-C,56.52,0.094,5.0,2,1550670769805,15699370,788
2019-02-20 15:46:27.894,0.2,sell,3902.31,BTC-29MAR19-3750-C,56.6,0.092,0.2,2,1550677587894,15704267,789
2019-02-20 15:47:47.978,0.1,buy,3906.25,BTC-29MAR19-3750-C,56.32,0.092,0.1,3,1550677667978,15704354,790
2019-02-20 16:38:51.485,0.3,sell,3920.32,BTC-29MAR19-3750-C,55.98,0.094,0.3,0,1550680731485,15705695,791
2019-02-20 16:39:05.313,0.3,sell,3920.33,BTC-29MAR19-3750-C,55.99,0.094,0.3,1,1550680745313,15705700,792
2019-02-20 19:58:15.206,2.0,buy,3924.0,BTC-29MAR19-3750-C,61.5,0.101,2.0,0,1550692695206,15709432,798
2019-02-20 19:58:15.206,0.3,buy,3924.0,BTC-29MAR19-3750-C,61.08,0.1005,0.3,1,1550692695206,15709431,797
2019-02-20 19:58:15.206,1.0,buy,3924.0,BTC-29MAR19-3750-C,61.08,0.1005,1.0,0,1550692695206,15709430,796
2019-02-20 19:58:15.206,0.2,buy,3924.0,BTC-29MAR19-3750-C,60.66,0.1,0.2,0,1550692695206,15709429,795
2019-02-20 19:58:15.206,0.3,buy,3924.0,BTC-29MAR19-3750-C,59.82,0.099,0.3,0,1550692695206,15709427,793
2019-02-20 19:58:15.206,0.2,buy,3924.0,BTC-29MAR19-3750-C,60.24,0.0995,0.2,0,1550692695206,15709428,794
2019-02-20 21:32:46.547,0.6,sell,3924.87,BTC-29MAR19-3750-C,59.47,0.098,0.6,2,1550698366547,15712212,799
2019-02-21 06:04:01.255,0.2,sell,3939.01,BTC-29MAR19-3750-C,58.57,0.099,0.2,0,1550729041255,15727515,800
2019-02-21 06:04:08.392,2.8000000000000003,buy,3943.02,BTC-29MAR19-3750-C,58.26,0.099,2.8000000000000003,1,1550729048392,15727609,801
2019-02-21 08:11:19.920,1.0,buy,3927.94,BTC-29MAR19-3750-C,59.33,0.0985,1.0,2,1550736679920,15731502,802
2019-02-21 09:04:04.916,5.7,sell,3886.82,BTC-29MAR19-3750-C,58.0,0.0915,5.7,2,1550739844916,15734681,803
2019-02-21 12:12:45.536,0.2,buy,3894.41,BTC-29MAR19-3750-C,58.45,0.094,0.2,0,1550751165536,15742312,804
2019-02-21 12:41:55.534,6.0,buy,3894.91,BTC-29MAR19-3750-C,56.64,0.0915,6.0,2,1550752915534,15742900,805
2019-02-21 14:46:22.063,1.5,buy,3902.17,BTC-29MAR19-3750-C,57.35,0.0935,1.5,0,1550760382063,15745315,806
2019-02-21 15:22:19.836,0.4,sell,3893.07,BTC-29MAR19-3750-C,57.17,0.092,0.4,2,1550762539836,15745762,807
2019-02-21 15:36:28.924,0.1,buy,3893.59,BTC-29MAR19-3750-C,57.52,0.0925,0.1,0,1550763388924,15746020,808
2019-02-21 15:38:33.420,0.7000000000000001,buy,3895.16,BTC-29MAR19-3750-C,57.31,0.0925,0.7000000000000001,1,1550763513420,15746058,809
2019-02-21 16:59:55.243,0.2,sell,3886.22,BTC-29MAR19-3750-C,55.39,0.0895,0.2,2,1550768395243,15747208,810
2019-02-22 02:13:33.292,4.7,sell,3915.1,BTC-29MAR19-3750-C,56.26,0.094,4.7,0,1550801613292,15753876,811
2019-02-22 02:13:40.504,0.3,sell,3915.17,BTC-29MAR19-3750-C,55.88,0.0935,0.3,2,1550801620504,15753877,812
2019-02-22 08:15:41.315,4.0,sell,3891.9,BTC-29MAR19-3750-C,55.37,0.0885,4.0,2,1550823341315,15760466,813
2019-02-22 08:15:43.680,1.0,buy,3891.9,BTC-29MAR19-3750-C,55.37,0.0885,1.0,3,1550823343680,15760467,814
2019-02-22 11:46:52.859,0.7000000000000001,buy,3925.59,BTC-29MAR19-3750-C,57.99,0.09699999999999999,0.7000000000000001,0,1550836012859,15768360,815
2019-02-22 11:48:01.351,0.3,sell,3923.93,BTC-29MAR19-3750-C,58.06,0.09699999999999999,0.3,1,1550836081351,15768402,816
2019-02-22 11:50:01.425,0.7000000000000001,sell,3921.62,BTC-29MAR19-3750-C,58.6,0.09699999999999999,0.7000000000000001,1,1550836201425,15768499,817
2019-02-22 11:51:47.891,0.2,buy,3922.92,BTC-29MAR19-3750-C,58.72,0.0975,0.2,0,1550836307891,15768556,818
2019-02-22 12:14:10.660,0.5,sell,3923.89,BTC-29MAR19-3750-C,57.92,0.09699999999999999,0.5,2,1550837650660,15768983,819
2019-02-22 14:04:48.974,0.1,buy,3949.37,BTC-29MAR19-3750-C,59.09,0.102,0.1,0,1550844288974,15776101,820
2019-02-22 14:05:23.131,0.9,sell,3949.64,BTC-29MAR19-3750-C,59.03,0.102,0.9,1,1550844323131,15776115,821
2019-02-22 14:06:17.318,1.0,buy,3949.71,BTC-29MAR19-3750-C,59.04,0.102,1.0,1,1550844377318,15776146,822
2019-02-22 18:21:39.927,0.2,sell,3941.12,BTC-29MAR19-3750-C,58.34,0.0985,0.2,2,1550859699927,15785770,823
2019-02-22 20:59:06.229,3.0,sell,3931.38,BTC-29MAR19-3750-C,58.41,0.09699999999999999,3.0,2,1550869146229,15787413,824
2019-02-22 21:00:14.421,3.0,sell,3932.67,BTC-29MAR19-3750-C,58.38,0.09699999999999999,3.0,3,1550869214421,15787423,825
2019-02-22 21:46:04.848,4.0,buy,3943.56,BTC-29MAR19-3750-C,61.09,0.1015,4.0,1,1550871964848,15787935,829
2019-02-22 21:46:04.848,5.0,buy,3943.56,BTC-29MAR19-3750-C,60.21,0.1005,5.0,0,1550871964848,15787932,826
2019-02-22 21:46:04.848,5.0,buy,3943.56,BTC-29MAR19-3750-C,61.09,0.1015,5.0,0,1550871964848,15787934,828
2019-02-22 21:46:04.848,0.7000000000000001,buy,3943.56,BTC-29MAR19-3750-C,60.65,0.10099999999999999,0.7000000000000001,0,1550871964848,15787933,827
2019-02-22 21:46:04.848,2.2,buy,3943.56,BTC-29MAR19-3750-C,61.09,0.1015,2.2,1,1550871964848,15787936,830
2019-02-23 03:28:30.939,0.7000000000000001,sell,3936.88,BTC-29MAR19-3750-C,58.51,0.0975,0.7000000000000001,2,1550892510939,15793145,831
2019-02-23 03:28:30.939,5.3,sell,3936.88,BTC-29MAR19-3750-C,58.07,0.09699999999999999,5.3,2,1550892510939,15793146,832
2019-02-23 03:28:30.939,4.0,sell,3936.88,BTC-29MAR19-3750-C,58.07,0.09699999999999999,4.0,3,1550892510939,15793147,833
2019-02-23 05:07:37.369,0.1,sell,3927.11,BTC-29MAR19-3750-C,58.15,0.0955,0.1,2,1550898457369,15794815,834
2019-02-23 10:30:37.708,2.0,sell,3932.98,BTC-29MAR19-3750-C,59.11,0.0965,2.0,0,1550917837708,15800220,835
2019-02-23 12:01:54.923,0.1,buy,3936.43,BTC-29MAR19-3750-C,63.58,0.102,0.1,0,1550923314923,15801841,836
2019-02-23 12:01:54.929,0.2,sell,3936.43,BTC-29MAR19-3750-C,63.58,0.102,0.2,1,1550923314929,15801842,837
2019-02-23 12:02:33.764,0.2,sell,3935.82,BTC-29MAR19-3750-C,63.62,0.102,0.2,1,1550923353764,15801921,838
2019-02-23 16:57:38.691,0.7000000000000001,buy,3961.94,BTC-29MAR19-3750-C,59.58,0.1005,0.7000000000000001,2,1550941058691,15807069,839
2019-02-23 16:58:12.598,0.7000000000000001,sell,3968.45,BTC-29MAR19-3750-C,59.89,0.1015,0.7000000000000001,0,1550941092598,15807257,840
2019-02-23 17:00:38.361,0.3,buy,3960.83,BTC-29MAR19-3750-C,62.93,0.1035,0.3,0,1550941238361,15808493,841
2019-02-23 17:07:15.576,0.7000000000000001,sell,3996.18,BTC-29MAR19-3750-C,60.03,0.1045,0.7000000000000001,0,1550941635576,15810734,842
2019-02-23 17:09:44.107,0.3,sell,3983.48,BTC-29MAR19-3750-C,59.82,0.10400000000000001,0.3,2,1550941784107,15813575,845
2019-02-23 17:09:44.107,0.2,sell,3983.48,BTC-29MAR19-3750-C,59.82,0.10400000000000001,0.2,3,1550941784107,15813576,846
2019-02-23 17:09:44.107,0.1,sell,3983.48,BTC-29MAR19-3750-C,60.72,0.105,0.1,0,1550941784107,15813573,843
2019-02-23 17:09:44.107,0.1,sell,3983.48,BTC-29MAR19-3750-C,60.27,0.1045,0.1,2,1550941784107,15813574,844
2019-02-23 17:11:04.529,0.7000000000000001,buy,3950.55,BTC-29MAR19-3750-C,62.04,0.1015,0.7000000000000001,2,1550941864529,15814630,847
2019-02-23 17:13:34.564,0.7000000000000001,buy,3965.0,BTC-29MAR19-3750-C,62.56,0.1035,0.7000000000000001,0,1550942014564,15816018,848
2019-02-23 17:15:33.614,0.7000000000000001,buy,3990.98,BTC-29MAR19-3750-C,62.27,0.107,0.7000000000000001,0,1550942133614,15816659,849
2019-02-23 17:18:54.803,0.7000000000000001,buy,3983.43,BTC-29MAR19-3750-C,63.41,0.107,0.7000000000000001,1,1550942334803,15817835,850
2019-02-23 17:35:54.694,0.2,buy,4023.82,BTC-29MAR19-3750-C,59.07,0.10800000000000001,0.2,0,1550943354694,15821184,851
2019-02-23 17:35:58.824,0.6,buy,4026.1,BTC-29MAR19-3750-C,59.24,0.1085,0.6,0,1550943358824,15821219,852
2019-02-23 17:36:03.323,0.1,buy,4026.51,BTC-29MAR19-3750-C,59.13,0.1085,0.1,1,1550943363323,15821266,853
2019-02-23 17:39:58.938,0.7000000000000001,sell,4034.58,BTC-29MAR19-3750-C,60.1,0.1105,0.7000000000000001,0,1550943598938,15823291,854
2019-02-23 17:45:58.716,0.7000000000000001,sell,4045.49,BTC-29MAR19-3750-C,61.06,0.113,0.7000000000000001,0,1550943958716,15824811,855
2019-02-23 17:52:40.018,1.7,buy,4075.29,BTC-29MAR19-3750-C,65.45,0.1225,1.7,0,1550944360018,15827634,856
2019-02-23 17:52:40.018,0.3,buy,4075.29,BTC-29MAR19-3750-C,65.45,0.1225,0.3,1,1550944360018,15827635,857
2019-02-23 17:56:19.222,1.0,buy,4078.22,BTC-29MAR19-3750-C,65.14,0.1225,1.0,1,1550944579222,15828404,858
2019-02-23 17:58:17.808,0.1,buy,4086.11,BTC-29MAR19-3750-C,64.33,0.123,0.1,0,1550944697808,15829410,859
2019-02-23 18:28:47.629,0.9,sell,4080.43,BTC-29MAR19-3750-C,64.13,0.12300000000000001,0.9,1,1550946527629,15837041,860
2019-02-23 20:33:35.623,0.1,buy,4131.51,BTC-29MAR19-3750-C,64.6,0.1295,0.1,0,1550954015623,15845484,864
2019-02-23 20:33:35.623,0.4,buy,4131.51,BTC-29MAR19-3750-C,64.6,0.1295,0.4,1,1550954015623,15845485,865
2019-02-23 20:33:35.623,0.3,buy,4131.51,BTC-29MAR19-3750-C,63.62,0.1285,0.3,0,1550954015623,15845482,862
2019-02-23 20:33:35.623,0.3,buy,4131.51,BTC-29MAR19-3750-C,64.11,0.129,0.3,0,1550954015623,15845483,863
2019-02-23 20:33:35.623,0.1,buy,4131.51,BTC-29MAR19-3750-C,63.12,0.128,0.1,0,1550954015623,15845481,861
2019-02-23 20:33:40.713,1.2,buy,4132.95,BTC-29MAR19-3750-C,64.56,0.1295,1.2,1,1550954020713,15845490,866
2019-02-23 20:40:21.137,0.4,sell,4140.72,BTC-29MAR19-3750-C,60.99,0.127,0.4,2,1550954421137,15846491,867
2019-02-23 20:51:24.403,1.3,sell,4136.78,BTC-29MAR19-3750-C,63.33,0.1295,1.3,0,1550955084403,15848159,868
2019-02-23 21:04:13.306,100.0,buy,4128.79,BTC-29MAR19-3750-C,61.26,0.126,100.0,2,1550955853306,15849128,869
2019-02-24 00:00:53.330,3.0,sell,4110.51,BTC-29MAR19-3750-C,60.54,0.12300000000000001,3.0,2,1550966453330,15854479,870
2019-02-24 03:33:29.876,0.1,buy,4181.07,BTC-29MAR19-3750-C,63.21,0.1345,0.1,0,1550979209876,15863913,871
2019-02-24 05:13:18.442,3.0,buy,4153.75,BTC-29MAR19-3750-C,65.1,0.133,3.0,2,1550985198442,15868638,872
2019-02-24 07:50:44.145,0.3,buy,4157.37,BTC-29MAR19-3750-C,63.53,0.132,0.3,2,1550994644145,15871891,873
2019-02-24 10:36:58.067,1.0,buy,4137.73,BTC-29MAR19-3750-C,65.4,0.1315,1.0,2,1551004618067,15876823,874
2019-02-24 13:00:15.810,0.2,sell,4106.27,BTC-29MAR19-3750-C,61.39,0.1245,0.2,2,1551013215810,15881005,875
2019-02-24 14:15:22.627,5.0,buy,3803.77,BTC-29MAR19-3750-C,61.72,0.078,5.0,2,1551017722627,15898914,876
2019-02-24 14:22:30.527,0.2,sell,3834.03,BTC-29MAR19-3750-C,62.08,0.0765,0.2,2,1551018150527,15909097,877
2019-02-24 14:27:09.317,0.2,sell,3802.74,BTC-29MAR19-3750-C,61.31,0.0745,0.2,2,1551018429317,15912690,878
2019-02-24 14:27:09.317,0.1,sell,3802.74,BTC-29MAR19-3750-C,60.89,0.07400000000000001,0.1,2,1551018429317,15912691,879
2019-02-24 14:27:09.317,0.2,sell,3802.74,BTC-29MAR19-3750-C,60.05,0.073,0.2,2,1551018429317,15912693,881
2019-02-24 14:27:09.317,0.2,sell,3802.74,BTC-29MAR19-3750-C,57.53,0.07,0.2,2,1551018429317,15912694,882
2019-02-24 14:27:09.317,0.3,sell,3802.74,BTC-29MAR19-3750-C,60.47,0.0735,0.3,2,1551018429317,15912692,880
2019-02-24 14:35:44.134,0.5,buy,3798.22,BTC-29MAR19-3750-C,65.14,0.08,0.5,0,1551018944134,15919127,883
2019-02-24 16:26:38.034,1.0,buy,3755.18,BTC-29MAR19-3750-C,63.36,0.0735,1.0,2,1551025598034,15945263,884
2019-02-24 17:56:01.805,1.5,sell,3762.09,BTC-29MAR19-3750-C,61.39,0.07200000000000001,1.5,2,1551030961805,15952379,885
2019-02-25 10:22:30.717,5.0,sell,3745.3,BTC-29MAR19-3750-C,62.07,0.07,5.0,2,1551090150717,15983138,886
2019-02-25 15:58:21.684,0.5,buy,3791.1,BTC-29MAR19-3750-C,62.14,0.076,0.5,0,1551110301684,15991744,887
2019-02-25 16:27:01.923,1.5,buy,3799.22,BTC-29MAR19-3750-C,61.32,0.076,1.5,1,1551112021923,15993231,888
2019-02-25 16:28:52.951,0.2,sell,3821.13,BTC-29MAR19-3750-C,60.17,0.0775,0.2,0,1551112132951,15994090,889
2019-02-25 18:06:10.540,0.1,buy,3845.67,BTC-29MAR19-3750-C,60.63,0.08,0.1,0,1551117970540,16002612,890
2019-02-25 18:18:16.317,0.2,sell,3835.33,BTC-29MAR19-3750-C,60.53,0.0785,0.2,3,1551118696317,16003283,892
2019-02-25 18:18:16.317,0.1,sell,3835.33,BTC-29MAR19-3750-C,60.53,0.0785,0.1,2,1551118696317,16003282,891
2019-02-25 19:13:48.255,0.2,sell,3846.88,BTC-29MAR19-3750-C,60.12,0.08,0.2,0,1551122028255,16005683,893
2019-02-25 19:13:48.255,0.1,sell,3846.88,BTC-29MAR19-3750-C,60.12,0.08,0.1,1,1551122028255,16005684,894
2019-02-25 19:47:54.176,0.1,sell,3844.56,BTC-29MAR19-3750-C,60.11,0.0795,0.1,2,1551124074176,16006512,895
2019-02-25 19:48:41.988,0.1,buy,3844.73,BTC-29MAR19-3750-C,60.56,0.08,0.1,0,1551124121988,16006521,896
2019-02-25 20:07:52.138,0.1,buy,3852.3,BTC-29MAR19-3750-C,60.49,0.081,0.1,0,1551125272138,16006753,897
2019-02-25 20:37:26.804,2.8000000000000003,sell,3828.72,BTC-29MAR19-3750-C,59.65,0.077,2.8000000000000003,3,1551127046804,16009189,899
2019-02-25 20:37:26.804,0.2,sell,3828.72,BTC-29MAR19-3750-C,59.65,0.077,0.2,2,1551127046804,16009188,898
2019-02-26 08:53:29.158,0.2,buy,3789.77,BTC-29MAR19-3750-C,59.87,0.0725,0.2,2,1551171209158,16024899,900
2019-02-26 08:53:55.991,0.1,buy,3789.74,BTC-29MAR19-3750-C,61.15,0.07400000000000001,0.1,0,1551171235991,16024905,901
2019-02-26 08:53:55.991,3.7,buy,3789.74,BTC-29MAR19-3750-C,61.15,0.07400000000000001,3.7,1,1551171235991,16024906,902
2019-02-26 08:54:22.472,3.7,buy,3789.9,BTC-29MAR19-3750-C,61.11,0.07400000000000001,3.7,1,1551171262472,16024913,903
2019-02-26 08:54:22.472,0.1,buy,3789.9,BTC-29MAR19-3750-C,61.11,0.07400000000000001,0.1,1,1551171262472,16024914,904
2019-02-26 08:54:54.268,2.2,buy,3790.12,BTC-29MAR19-3750-C,61.09,0.07400000000000001,2.2,1,1551171294268,16024935,905
2019-02-26 11:18:45.478,1.0,sell,3797.96,BTC-29MAR19-3750-C,58.32,0.0715,1.0,2,1551179925478,16028114,906
2019-02-26 15:01:44.389,0.1,sell,3809.94,BTC-29MAR19-3750-C,58.78,0.073,0.1,0,1551193304389,16034137,907
2019-02-26 15:32:24.709,0.1,sell,3815.23,BTC-29MAR19-3750-C,58.6,0.0735,0.1,0,1551195144709,16034631,908
2019-02-26 15:44:19.940,86.9,sell,3811.48,BTC-29MAR19-3750-C,57.81,0.07200000000000001,86.9,3,1551195859940,16034919,914
2019-02-26 15:44:19.940,0.3,sell,3811.48,BTC-29MAR19-3750-C,58.24,0.0725,0.3,2,1551195859940,16034914,909
2019-02-26 15:44:19.940,7.0,sell,3811.48,BTC-29MAR19-3750-C,57.81,0.07200000000000001,7.0,3,1551195859940,16034918,913
2019-02-26 15:44:19.940,0.2,sell,3811.48,BTC-29MAR19-3750-C,57.81,0.07200000000000001,0.2,2,1551195859940,16034917,912
2019-02-26 15:44:19.940,0.1,sell,3811.48,BTC-29MAR19-3750-C,58.24,0.0725,0.1,3,1551195859940,16034915,910
2019-02-26 15:44:19.940,5.5,sell,3811.48,BTC-29MAR19-3750-C,58.24,0.0725,5.5,3,1551195859940,16034916,911
2019-02-26 15:46:41.022,50.0,sell,3811.16,BTC-29MAR19-3750-C,58.11,0.07200000000000001,50.0,3,1551196001022,16035022,915
2019-02-26 15:47:14.739,27.5,sell,3810.56,BTC-29MAR19-3750-C,58.1,0.07200000000000001,27.5,3,1551196034739,16035044,916
2019-02-26 15:47:18.807,80.0,sell,3810.75,BTC-29MAR19-3750-C,58.1,0.07200000000000001,80.0,3,1551196038807,16035045,917
2019-02-26 15:47:30.086,6.7,sell,3810.62,BTC-29MAR19-3750-C,58.1,0.07200000000000001,6.7,3,1551196050086,16035050,918
2019-02-26 15:48:35.359,50.0,sell,3809.41,BTC-29MAR19-3750-C,58.29,0.07200000000000001,50.0,3,1551196115359,16035086,919
2019-02-26 15:48:44.678,100.0,sell,3809.09,BTC-29MAR19-3750-C,58.31,0.07200000000000001,100.0,3,1551196124678,16035087,920
2019-02-26 15:49:50.024,10.0,sell,3810.19,BTC-29MAR19-3750-C,58.15,0.07200000000000001,10.0,3,1551196190024,16035124,921
2019-02-26 15:50:41.143,30.0,sell,3810.16,BTC-29MAR19-3750-C,58.14,0.07200000000000001,30.0,3,1551196241143,16035127,922
2019-02-26 15:54:54.240,20.0,sell,3809.35,BTC-29MAR19-3750-C,58.32,0.07200000000000001,20.0,3,1551196494240,16035160,923
2019-02-26 16:10:10.754,0.5,buy,3796.52,BTC-29MAR19-3750-C,59.79,0.07200000000000001,0.5,3,1551197410754,16035701,924
2019-02-26 18:05:29.933,0.2,buy,3801.76,BTC-29MAR19-3750-C,58.96,0.07200000000000001,0.2,3,1551204329933,16038375,925
2019-02-27 03:26:39.902,0.1,buy,3799.6,BTC-29MAR19-3750-C,58.65,0.0715,0.1,2,1551237999902,16048056,926
2019-02-27 08:04:05.322,0.1,buy,3811.35,BTC-29MAR19-3750-C,57.57,0.0715,0.1,3,1551254645322,16051005,927
2019-02-27 08:57:58.712,0.9,sell,3812.25,BTC-29MAR19-3750-C,56.69,0.0705,0.9,3,1551257878712,16052054,929
2019-02-27 08:57:58.712,0.1,sell,3812.25,BTC-29MAR19-3750-C,56.69,0.0705,0.1,2,1551257878712,16052053,928
2019-02-27 12:04:22.824,0.8,buy,3816.02,BTC-29MAR19-3750-C,57.23,0.0715,0.8,0,1551269062824,16054323,930
2019-02-27 12:04:22.824,2.6,buy,3816.02,BTC-29MAR19-3750-C,57.23,0.0715,2.6,1,1551269062824,16054324,931
2019-02-27 12:05:14.105,0.7000000000000001,buy,3818.69,BTC-29MAR19-3750-C,57.1,0.0715,0.7000000000000001,1,1551269114105,16054521,932
2019-02-27 12:05:14.105,0.1,buy,3818.69,BTC-29MAR19-3750-C,57.1,0.0715,0.1,1,1551269114105,16054522,933
2019-02-27 13:17:24.194,0.5,buy,3817.86,BTC-29MAR19-3750-C,57.51,0.07200000000000001,0.5,0,1551273444194,16055591,934
2019-02-27 13:18:39.347,10.0,buy,3819.02,BTC-29MAR19-3750-C,57.63,0.07200000000000001,10.0,1,1551273519347,16055648,935
2019-02-27 13:18:42.166,0.1,buy,3819.37,BTC-29MAR19-3750-C,57.6,0.07200000000000001,0.1,1,1551273522166,16055654,937
2019-02-27 13:18:42.166,8.8,buy,3819.37,BTC-29MAR19-3750-C,57.6,0.07200000000000001,8.8,1,1551273522166,16055653,936
2019-02-27 16:58:10.530,0.2,sell,3800.29,BTC-29MAR19-3750-C,58.03,0.07,0.2,2,1551286690530,16063061,938
2019-02-27 16:58:10.530,3.6,sell,3800.29,BTC-29MAR19-3750-C,57.15,0.069,3.6,2,1551286690530,16063062,939
2019-02-27 19:09:16.373,0.2,sell,3799.6,BTC-29MAR19-3750-C,56.48,0.068,0.2,2,1551294556373,16064391,940
2019-02-27 19:09:16.373,2.3000000000000003,sell,3799.6,BTC-29MAR19-3750-C,56.48,0.068,2.3000000000000003,3,1551294556373,16064393,942
2019-02-27 19:09:16.373,0.5,sell,3799.6,BTC-29MAR19-3750-C,56.48,0.068,0.5,3,1551294556373,16064392,941
2019-02-27 20:33:58.850,0.5,sell,3745.62,BTC-29MAR19-3750-C,58.85,0.0645,0.5,2,1551299638850,16066741,943
2019-02-27 20:36:50.077,0.5,buy,3679.82,BTC-29MAR19-3750-C,58.93,0.057999999999999996,0.5,2,1551299810077,16070890,944
2019-02-27 20:37:46.137,0.1,buy,3716.3,BTC-29MAR19-3750-C,56.57,0.0585,0.1,0,1551299866137,16071743,945
2019-02-27 20:37:46.651,0.1,buy,3716.92,BTC-29MAR19-3750-C,56.38,0.0585,0.1,1,1551299866651,16071760,946
2019-02-27 20:37:47.192,0.1,buy,3716.92,BTC-29MAR19-3750-C,56.38,0.0585,0.1,1,1551299867192,16071767,947
2019-02-27 20:37:47.458,0.2,buy,3716.92,BTC-29MAR19-3750-C,56.38,0.0585,0.2,1,1551299867458,16071823,948
2019-02-27 20:37:53.536,0.5,sell,3723.38,BTC-29MAR19-3750-C,56.08,0.059000000000000004,0.5,0,1551299873536,16071927,949
2019-02-27 20:40:04.687,0.5,sell,3735.11,BTC-29MAR19-3750-C,57.47,0.062,0.5,0,1551300004687,16073051,950
2019-02-27 20:41:00.256,0.5,sell,3721.07,BTC-29MAR19-3750-C,58.09,0.061,0.5,2,1551300060256,16073494,951
2019-02-27 20:41:59.751,0.5,sell,3715.92,BTC-29MAR19-3750-C,58.81,0.061,0.5,3,1551300119751,16073731,952
2019-02-27 20:43:44.585,0.5,buy,3727.55,BTC-29MAR19-3750-C,58.54,0.0625,0.5,0,1551300224585,16074328,953
2019-02-27 20:44:04.926,4.2,buy,3735.02,BTC-29MAR19-3750-C,58.89,0.0635,4.2,0,1551300244926,16074482,954
2019-02-27 20:45:34.262,0.5,buy,3728.99,BTC-29MAR19-3750-C,58.54,0.0625,0.5,2,1551300334262,16075101,955
2019-02-27 20:47:30.336,0.5,sell,3730.63,BTC-29MAR19-3750-C,58.61,0.0625,0.5,3,1551300450336,16075622,956
2019-02-27 20:47:31.009,0.2,buy,3730.66,BTC-29MAR19-3750-C,59.91,0.064,0.2,0,1551300451009,16075633,958
2019-02-27 20:47:31.009,0.1,buy,3730.66,BTC-29MAR19-3750-C,59.91,0.064,0.1,1,1551300451009,16075634,959
2019-02-27 20:47:31.009,0.2,buy,3730.66,BTC-29MAR19-3750-C,59.47,0.0635,0.2,0,1551300451009,16075632,957
2019-02-27 20:47:32.017,0.5,buy,3730.66,BTC-29MAR19-3750-C,59.91,0.064,0.5,1,1551300452017,16075651,960
2019-02-27 20:47:33.596,0.5,buy,3730.66,BTC-29MAR19-3750-C,59.88,0.064,0.5,1,1551300453596,16075659,961
2019-02-27 20:47:34.508,0.5,buy,3730.66,BTC-29MAR19-3750-C,59.88,0.064,0.5,1,1551300454508,16075666,962
2019-02-27 20:47:35.235,0.5,buy,3730.2,BTC-29MAR19-3750-C,59.48,0.0635,0.5,2,1551300455235,16075674,963
2019-02-27 20:47:36.089,0.5,buy,3729.56,BTC-29MAR19-3750-C,59.92,0.064,0.5,0,1551300456089,16075688,964
2019-02-27 20:47:53.977,0.5,sell,3730.47,BTC-29MAR19-3750-C,58.61,0.0625,0.5,2,1551300473977,16075759,965
2019-02-27 20:47:55.663,0.5,sell,3730.18,BTC-29MAR19-3750-C,58.21,0.062,0.5,2,1551300475663,16075764,966
2019-02-27 20:48:00.693,0.5,sell,3730.14,BTC-29MAR19-3750-C,58.25,0.062,0.5,3,1551300480693,16075765,967
2019-02-27 20:50:54.604,0.5,buy,3726.12,BTC-29MAR19-3750-C,59.71,0.063,0.5,0,1551300654604,16076408,968
2019-02-27 20:55:49.794,0.5,sell,3724.25,BTC-29MAR19-3750-C,58.56,0.0615,0.5,2,1551300949794,16076948,969
2019-02-27 20:55:50.483,0.5,sell,3724.25,BTC-29MAR19-3750-C,58.56,0.0615,0.5,3,1551300950483,16076951,970
2019-02-27 20:56:00.389,0.5,sell,3723.23,BTC-29MAR19-3750-C,58.28,0.061,0.5,2,1551300960389,16076964,971
2019-02-27 20:57:29.669,0.5,sell,3720.36,BTC-29MAR19-3750-C,57.74,0.06,0.5,2,1551301049669,16077027,972
2019-02-27 20:57:41.842,0.5,sell,3720.55,BTC-29MAR19-3750-C,57.77,0.06,0.5,3,1551301061842,16077055,973
2019-02-27 21:00:08.846,0.2,buy,3722.79,BTC-29MAR19-3750-C,59.18,0.062,0.2,0,1551301208846,16077190,974
2019-02-27 21:00:08.846,0.1,buy,3722.79,BTC-29MAR19-3750-C,59.18,0.062,0.1,1,1551301208846,16077191,975
2019-02-27 21:07:43.889,0.3,buy,3720.04,BTC-29MAR19-3750-C,58.39,0.061,0.3,2,1551301663889,16077963,976
2019-02-27 21:07:48.921,0.3,buy,3720.69,BTC-29MAR19-3750-C,58.33,0.061,0.3,3,1551301668921,16077968,977
2019-02-27 21:07:53.976,0.2,buy,3721.72,BTC-29MAR19-3750-C,58.68,0.0615,0.2,0,1551301673976,16077981,978
2019-02-27 21:07:53.976,0.1,buy,3721.72,BTC-29MAR19-3750-C,59.12,0.062,0.1,0,1551301673976,16077982,979
2019-02-27 22:54:46.105,0.1,buy,3760.04,BTC-29MAR19-3750-C,56.65,0.064,0.1,0,1551308086105,16082912,980
2019-02-27 23:02:41.034,0.1,sell,3780.88,BTC-29MAR19-3750-C,56.5,0.066,0.1,0,1551308561034,16084243,981
2019-02-27 23:03:06.296,0.1,sell,3790.68,BTC-29MAR19-3750-C,56.16,0.067,0.1,0,1551308586296,16084571,982
2019-02-27 23:03:17.130,0.1,buy,3791.19,BTC-29MAR19-3750-C,56.69,0.068,0.1,0,1551308597130,16084644,983
2019-02-27 23:05:05.633,0.1,buy,3799.93,BTC-29MAR19-3750-C,56.21,0.0685,0.1,0,1551308705633,16085161,984
2019-02-27 23:05:20.014,0.1,buy,3795.32,BTC-29MAR19-3750-C,56.28,0.068,0.1,2,1551308720014,16085273,985
2019-02-27 23:06:36.374,0.2,sell,3790.93,BTC-29MAR19-3750-C,56.49,0.0675,0.2,2,1551308796374,16085496,986
2019-02-27 23:18:47.459,0.1,sell,3808.25,BTC-29MAR19-3750-C,56.43,0.0695,0.1,0,1551309527459,16087677,987
2019-02-27 23:23:12.747,0.1,sell,3798.05,BTC-29MAR19-3750-C,57.61,0.0695,0.1,1,1551309792747,16088178,988
2019-02-27 23:40:14.772,0.1,buy,3802.5,BTC-29MAR19-3750-C,57.21,0.07,0.1,0,1551310814772,16089034,989
2019-02-28 01:02:03.624,0.1,buy,3811.84,BTC-29MAR19-3750-C,57.28,0.071,0.1,0,1551315723624,16090981,990
2019-02-28 01:52:52.434,0.1,buy,3816.27,BTC-29MAR19-3750-C,57.56,0.0715,0.1,0,1551318772434,16092125,991
2019-02-28 02:05:25.681,0.1,buy,3814.02,BTC-29MAR19-3750-C,57.22,0.071,0.1,2,1551319525681,16092341,992
2019-02-28 05:02:51.304,0.1,buy,3807.41,BTC-29MAR19-3750-C,57.1,0.07,0.1,2,1551330171304,16094022,993
2019-02-28 05:02:51.509,0.1,buy,3807.41,BTC-29MAR19-3750-C,57.1,0.07,0.1,3,1551330171509,16094023,994
2019-02-28 05:02:52.149,0.1,buy,3807.47,BTC-29MAR19-3750-C,57.1,0.07,0.1,3,1551330172149,16094025,995
2019-02-28 05:39:31.362,3.4,buy,3810.15,BTC-29MAR19-3750-C,56.98,0.07,3.4,3,1551332371362,16094218,996
2019-02-28 05:39:33.120,0.1,buy,3810.15,BTC-29MAR19-3750-C,56.98,0.07,0.1,3,1551332373120,16094223,997
2019-02-28 05:39:33.322,0.1,buy,3810.15,BTC-29MAR19-3750-C,56.98,0.07,0.1,3,1551332373322,16094224,998
2019-02-28 05:39:59.792,2.1,buy,3809.99,BTC-29MAR19-3750-C,56.92,0.07,2.1,3,1551332399792,16094230,999
2019-02-28 08:55:29.165,3.3000000000000003,buy,3820.99,BTC-29MAR19-3750-C,57.6,0.07200000000000001,3.3000000000000003,0,1551344129165,16096729,1000
2019-02-28 08:55:32.080,0.1,buy,3821.95,BTC-29MAR19-3750-C,57.43,0.07200000000000001,0.1,1,1551344132080,16096772,1001
2019-02-28 08:55:32.962,0.1,buy,3822.46,BTC-29MAR19-3750-C,57.44,0.07200000000000001,0.1,1,1551344132962,16096808,1002
2019-02-28 08:55:33.443,0.1,buy,3822.46,BTC-29MAR19-3750-C,57.44,0.07200000000000001,0.1,1,1551344133443,16096812,1003
2019-02-28 08:55:42.165,3.3000000000000003,buy,3830.42,BTC-29MAR19-3750-C,56.72,0.07200000000000001,3.3000000000000003,1,1551344142165,16097109,1004
2019-02-28 08:55:43.338,0.1,buy,3829.46,BTC-29MAR19-3750-C,56.67,0.07200000000000001,0.1,1,1551344143338,16097113,1005
2019-02-28 08:55:44.321,0.1,buy,3831.78,BTC-29MAR19-3750-C,56.8,0.07200000000000001,0.1,1,1551344144321,16097114,1006
2019-02-28 08:55:44.664,0.1,buy,3831.78,BTC-29MAR19-3750-C,56.8,0.07200000000000001,0.1,1,1551344144664,16097115,1007
2019-02-28 08:55:45.250,0.1,buy,3831.78,BTC-29MAR19-3750-C,56.8,0.07200000000000001,0.1,1,1551344145250,16097125,1008
2019-02-28 08:55:45.874,0.1,buy,3831.78,BTC-29MAR19-3750-C,56.59,0.07200000000000001,0.1,1,1551344145874,16097153,1009
2019-02-28 08:55:45.930,3.2,buy,3831.78,BTC-29MAR19-3750-C,56.59,0.07200000000000001,3.2,1,1551344145930,16097154,1010
2019-02-28 08:55:46.206,0.1,buy,3831.78,BTC-29MAR19-3750-C,56.59,0.07200000000000001,0.1,1,1551344146206,16097172,1011
2019-02-28 08:55:47.361,5.6000000000000005,buy,3832.73,BTC-29MAR19-3750-C,56.61,0.07200000000000001,5.6000000000000005,1,1551344147361,16097234,1012
2019-02-28 08:55:47.738,0.1,buy,3834.41,BTC-29MAR19-3750-C,56.5,0.07200000000000001,0.1,1,1551344147738,16097243,1013
2019-02-28 08:55:49.508,0.1,buy,3834.87,BTC-29MAR19-3750-C,56.3,0.07200000000000001,0.1,1,1551344149508,16097252,1014
2019-02-28 08:55:52.135,0.1,buy,3833.77,BTC-29MAR19-3750-C,56.38,0.07200000000000001,0.1,1,1551344152135,16097290,1015
2019-02-28 08:55:52.745,3.2,buy,3833.77,BTC-29MAR19-3750-C,56.38,0.07200000000000001,3.2,1,1551344152745,16097292,1016
2019-02-28 08:55:54.992,6.8,buy,3834.26,BTC-29MAR19-3750-C,56.38,0.07200000000000001,6.8,1,1551344154992,16097348,1018
2019-02-28 08:55:54.992,0.2,buy,3834.26,BTC-29MAR19-3750-C,56.38,0.07200000000000001,0.2,1,1551344154992,16097347,1017
2019-02-28 08:55:55.148,0.1,buy,3834.26,BTC-29MAR19-3750-C,56.38,0.07200000000000001,0.1,1,1551344155148,16097349,1019
2019-02-28 08:55:56.656,0.1,buy,3833.7,BTC-29MAR19-3750-C,56.33,0.07200000000000001,0.1,1,1551344156656,16097372,1020
2019-02-28 08:55:57.191,3.2,buy,3833.7,BTC-29MAR19-3750-C,56.33,0.07200000000000001,3.2,1,1551344157191,16097416,1021
2019-02-28 08:55:59.531,0.1,buy,3831.64,BTC-29MAR19-3750-C,56.51,0.07200000000000001,0.1,1,1551344159531,16097506,1022
2019-02-28 08:56:03.223,0.1,buy,3831.06,BTC-29MAR19-3750-C,56.95,0.07200000000000001,0.1,1,1551344163223,16097578,1023
2019-02-28 09:18:37.093,0.1,buy,3830.0,BTC-29MAR19-3750-C,56.69,0.07200000000000001,0.1,1,1551345517093,16098881,1024
2019-02-28 09:18:37.970,3.2,buy,3830.0,BTC-29MAR19-3750-C,56.69,0.07200000000000001,3.2,1,1551345517970,16098883,1025
2019-02-28 11:16:59.634,0.8,sell,3821.61,BTC-29MAR19-3750-C,56.23,0.0705,0.8,3,1551352619634,16101245,1027
2019-02-28 11:16:59.634,0.2,sell,3821.61,BTC-29MAR19-3750-C,56.23,0.0705,0.2,2,1551352619634,16101244,1026
2019-02-28 11:18:11.216,1.0,sell,3821.46,BTC-29MAR19-3750-C,56.3,0.0705,1.0,3,1551352691216,16101288,1028
2019-02-28 11:18:26.839,1.0,sell,3821.46,BTC-29MAR19-3750-C,56.21,0.0705,1.0,3,1551352706839,16101302,1029
2019-02-28 11:18:42.011,1.0,sell,3821.64,BTC-29MAR19-3750-C,56.15,0.0705,1.0,3,1551352722011,16101332,1030
2019-02-28 11:18:46.922,1.0,sell,3821.64,BTC-29MAR19-3750-C,56.12,0.0705,1.0,3,1551352726922,16101339,1031
2019-02-28 12:19:31.551,1.6,buy,3824.35,BTC-29MAR19-3750-C,57.45,0.07200000000000001,1.6,0,1551356371551,16102485,1032
2019-02-28 12:22:06.199,3.3000000000000003,buy,3823.22,BTC-29MAR19-3750-C,57.44,0.07200000000000001,3.3000000000000003,1,1551356526199,16102505,1033
2019-02-28 12:22:25.300,2.0,sell,3823.22,BTC-29MAR19-3750-C,57.1,0.0715,2.0,2,1551356545300,16102519,1034
2019-02-28 12:28:16.409,0.1,buy,3821.97,BTC-29MAR19-3750-C,57.7,0.07200000000000001,0.1,0,1551356896409,16102608,1035
2019-02-28 15:25:27.540,3.2,buy,3828.81,BTC-29MAR19-3750-C,56.76,0.07200000000000001,3.2,1,1551367527540,16106102,1036
2019-02-28 15:26:13.559,3.1,buy,3829.95,BTC-29MAR19-3750-C,56.66,0.07200000000000001,3.1,1,1551367573559,16106183,1037
2019-02-28 15:32:08.612,0.1,sell,3775.92,BTC-29MAR19-3750-C,58.39,0.067,0.1,2,1551367928612,16108298,1038
2019-02-28 15:32:25.085,0.1,buy,3761.6,BTC-29MAR19-3750-C,59.11,0.0665,0.1,2,1551367945085,16108856,1039
2019-02-28 15:33:25.616,0.1,sell,3794.78,BTC-29MAR19-3750-C,55.91,0.067,0.1,0,1551368005616,16110284,1040
2019-02-28 15:34:22.972,0.1,buy,3803.18,BTC-29MAR19-3750-C,56.69,0.0685,0.1,0,1551368062972,16110878,1041
2019-02-28 15:35:04.620,0.1,sell,3815.64,BTC-29MAR19-3750-C,56.47,0.07,0.1,0,1551368104620,16111181,1042
2019-02-28 15:38:07.830,0.1,buy,3834.46,BTC-29MAR19-3750-C,55.96,0.0715,0.1,0,1551368287830,16112478,1043
2019-02-28 15:38:16.422,0.1,sell,3841.3,BTC-29MAR19-3750-C,56.12,0.0725,0.1,0,1551368296422,16112943,1044
2019-02-28 15:39:11.707,0.1,sell,3881.57,BTC-29MAR19-3750-C,56.68,0.079,0.1,0,1551368351707,16114778,1045
2019-02-28 15:41:18.577,0.1,sell,3841.71,BTC-29MAR19-3750-C,59.73,0.077,0.1,2,1551368478577,16116550,1046
2019-02-28 15:46:03.236,0.1,buy,3840.55,BTC-29MAR19-3750-C,59.43,0.076,0.1,2,1551368763236,16118836,1047
2019-02-28 15:48:33.501,0.1,buy,3852.21,BTC-29MAR19-3750-C,57.45,0.0755,0.1,2,1551368913501,16119283,1048
2019-02-28 15:49:29.339,1.9,buy,3851.8,BTC-29MAR19-3750-C,59.58,0.0775,1.9,0,1551368969339,16119389,1050
2019-02-28 15:49:29.339,0.1,buy,3851.8,BTC-29MAR19-3750-C,58.67,0.0765,0.1,0,1551368969339,16119388,1049
2019-02-28 17:55:09.327,3.0,sell,3798.35,BTC-29MAR19-3750-C,57.08,0.0685,3.0,2,1551376509327,16132043,1051
2019-03-01 04:45:05.477,2.0,buy,3802.07,BTC-29MAR19-3750-C,55.64,0.0665,2.0,2,1551415505477,16142955,1052
2019-03-01 07:25:13.195,0.1,sell,3797.8,BTC-29MAR19-3750-C,55.45,0.066,0.1,2,1551425113195,16143615,1053
2019-03-01 07:25:13.195,5.0,sell,3797.8,BTC-29MAR19-3750-C,55.45,0.066,5.0,3,1551425113195,16143616,1054
2019-03-01 17:55:47.587,0.2,buy,3833.26,BTC-29MAR19-3750-C,55.89,0.071,0.2,0,1551462947587,16154515,1056
2019-03-01 17:55:47.587,0.1,buy,3833.26,BTC-29MAR19-3750-C,55.43,0.0705,0.1,0,1551462947587,16154514,1055
2019-03-01 18:28:06.593,0.3,sell,3833.72,BTC-29MAR19-3750-C,53.61,0.0685,0.3,2,1551464886593,16155043,1057
2019-03-01 18:32:19.399,0.3,sell,3830.9,BTC-29MAR19-3750-C,53.17,0.0675,0.3,2,1551465139399,16155165,1058
2019-03-01 21:39:53.005,3.0,sell,3829.73,BTC-29MAR19-3750-C,52.93,0.0675,3.0,3,1551476393005,16156545,1059
2019-03-01 23:05:22.171,0.3,buy,3806.14,BTC-29MAR19-3750-C,55.74,0.067,0.3,2,1551481522171,16159901,1060
2019-03-02 00:18:07.469,0.1,buy,3809.84,BTC-29MAR19-3750-C,55.46,0.067,0.1,3,1551485887469,16161930,1061
2019-03-02 00:21:13.003,0.1,buy,3810.25,BTC-29MAR19-3750-C,55.89,0.0675,0.1,0,1551486073003,16161951,1062
2019-03-02 04:01:38.839,0.2,sell,3815.3,BTC-29MAR19-3750-C,53.46,0.065,0.2,2,1551499298839,16163120,1063
2019-03-02 04:44:42.307,0.3,buy,3796.04,BTC-29MAR19-3750-C,56.32,0.065,0.3,3,1551501882307,16164689,1064
2019-03-02 07:14:08.877,2.0,sell,3801.04,BTC-29MAR19-3750-C,52.96,0.0625,2.0,2,1551510848877,16166586,1065
2019-03-02 07:35:01.466,2.0,sell,3798.55,BTC-29MAR19-3750-C,52.75,0.062,2.0,2,1551512101466,16166754,1066
2019-03-02 09:16:23.146,0.2,sell,3799.61,BTC-29MAR19-3750-C,53.17,0.063,0.2,1,1551518183146,16172782,1068
2019-03-02 09:16:23.146,0.1,sell,3799.61,BTC-29MAR19-3750-C,53.17,0.063,0.1,0,1551518183146,16172781,1067
2019-03-02 14:31:30.034,0.3,buy,3806.84,BTC-29MAR19-3750-C,56.64,0.067,0.3,0,1551537090034,16176940,1069
2019-03-02 16:15:49.428,0.1,buy,3796.9,BTC-29MAR19-3750-C,55.95,0.065,0.1,2,1551543349428,16178897,1070
2019-03-02 19:17:38.601,1.0,sell,3804.87,BTC-29MAR19-3750-C,54.07,0.0635,1.0,2,1551554258601,16180580,1071
2019-03-02 19:18:09.907,0.5,sell,3805.18,BTC-29MAR19-3750-C,53.9,0.0635,0.5,3,1551554289907,16180587,1072
2019-03-03 01:06:18.469,0.1,buy,3815.39,BTC-29MAR19-3750-C,56.09,0.067,0.1,0,1551575178469,16183364,1073
2019-03-03 01:07:42.081,0.1,sell,3815.76,BTC-29MAR19-3750-C,53.69,0.0645,0.1,2,1551575262081,16183377,1074
2019-03-03 09:25:28.412,0.1,buy,3805.94,BTC-29MAR19-3750-C,55.77,0.065,0.1,0,1551605128412,16187580,1075
2019-03-03 09:30:47.649,0.3,buy,3806.35,BTC-29MAR19-3750-C,56.05,0.0655,0.3,0,1551605447649,16187643,1076
2019-03-03 10:31:12.900,0.2,buy,3810.24,BTC-29MAR19-3750-C,56.24,0.0665,0.2,0,1551609072900,16187980,1077
2019-03-03 13:46:17.702,0.2,sell,3777.64,BTC-29MAR19-3750-C,57.41,0.063,0.2,2,1551620777702,16190438,1078
2019-03-03 21:07:28.958,0.1,buy,3792.57,BTC-29MAR19-3750-C,57.21,0.064,0.1,0,1551647248958,16197800,1079
2019-03-03 21:23:32.599,0.1,buy,3791.64,BTC-29MAR19-3750-C,57.4,0.064,0.1,1,1551648212599,16197921,1080
2019-03-03 23:28:56.827,0.3,sell,3769.83,BTC-29MAR19-3750-C,57.63,0.062,0.3,2,1551655736827,16199869,1081
2019-03-03 23:28:57.157,0.3,buy,3769.83,BTC-29MAR19-3750-C,57.63,0.062,0.3,3,1551655737157,16199873,1082
2019-03-04 02:15:56.287,1.0,buy,3801.88,BTC-29MAR19-3750-C,57.5,0.066,1.0,0,1551665756287,16203495,1083
2019-03-04 03:58:59.249,0.1,sell,3782.34,BTC-29MAR19-3750-C,55.27,0.061,0.1,2,1551671939249,16205936,1084
2019-03-04 03:59:04.353,0.1,sell,3782.34,BTC-29MAR19-3750-C,55.27,0.061,0.1,3,1551671944353,16205937,1085
2019-03-04 04:15:27.015,0.1,sell,3776.03,BTC-29MAR19-3750-C,55.25,0.06,0.1,2,1551672927015,16206488,1086
2019-03-04 04:30:09.739,0.3,buy,3731.63,BTC-29MAR19-3750-C,58.81,0.058,0.3,2,1551673809739,16208678,1087
2019-03-04 04:56:58.525,0.3,buy,3745.73,BTC-29MAR19-3750-C,58.06,0.059000000000000004,0.3,0,1551675418525,16211935,1088
2019-03-04 07:51:28.796,0.1,sell,3724.05,BTC-29MAR19-3750-C,56.83,0.055,0.1,2,1551685888796,16222026,1089
2019-03-04 07:51:28.930,0.4,sell,3724.05,BTC-29MAR19-3750-C,56.83,0.055,0.4,3,1551685888930,16222027,1090
2019-03-04 08:09:39.846,4.6000000000000005,sell,3723.73,BTC-29MAR19-3750-C,56.75,0.055,4.6000000000000005,3,1551686979846,16222315,1091
2019-03-04 08:22:59.231,0.1,buy,3709.12,BTC-29MAR19-3750-C,57.91,0.0545,0.1,2,1551687779231,16222752,1092
2019-03-04 08:22:59.231,0.1,buy,3709.12,BTC-29MAR19-3750-C,57.91,0.0545,0.1,3,1551687779231,16222753,1093
2019-03-04 08:22:59.231,0.1,buy,3709.12,BTC-29MAR19-3750-C,57.91,0.0545,0.1,3,1551687779231,16222754,1094
2019-03-04 09:01:42.042,2.0,sell,3716.74,BTC-29MAR19-3750-C,57.98,0.0555,2.0,0,1551690102042,16223908,1095
2019-03-04 09:02:04.181,0.9,buy,3716.44,BTC-29MAR19-3750-C,58.39,0.055999999999999994,0.9,1,1551690124181,16223910,1097
2019-03-04 09:02:04.181,0.1,buy,3716.44,BTC-29MAR19-3750-C,58.39,0.055999999999999994,0.1,0,1551690124181,16223909,1096
2019-03-04 09:05:30.385,3.9,sell,3714.96,BTC-29MAR19-3750-C,55.65,0.053,3.9,3,1551690330385,16223975,1099
2019-03-04 09:05:30.385,0.1,sell,3714.96,BTC-29MAR19-3750-C,55.65,0.053,0.1,2,1551690330385,16223974,1098
2019-03-04 10:15:30.513,0.1,sell,3691.49,BTC-29MAR19-3750-C,55.19,0.049,0.1,2,1551694530513,16227704,1100
2019-03-04 10:16:54.112,0.1,sell,3691.31,BTC-29MAR19-3750-C,55.16,0.049,0.1,3,1551694614112,16227850,1101
2019-03-04 10:17:09.827,0.1,sell,3691.52,BTC-29MAR19-3750-C,55.15,0.049,0.1,3,1551694629827,16227872,1102
2019-03-04 10:18:30.703,5.2,sell,3693.02,BTC-29MAR19-3750-C,54.88,0.049,5.2,3,1551694710703,16228013,1105
2019-03-04 10:18:30.703,1.0,sell,3693.02,BTC-29MAR19-3750-C,54.88,0.049,1.0,3,1551694710703,16228012,1104
2019-03-04 10:18:30.703,0.1,sell,3693.02,BTC-29MAR19-3750-C,54.88,0.049,0.1,3,1551694710703,16228011,1103
2019-03-04 10:24:18.622,0.1,sell,3694.36,BTC-29MAR19-3750-C,55.16,0.0495,0.1,0,1551695058622,16228316,1106
2019-03-04 10:24:33.454,0.1,sell,3694.96,BTC-29MAR19-3750-C,55.62,0.05,0.1,0,1551695073454,16228339,1107
2019-03-04 10:24:42.001,0.1,sell,3695.05,BTC-29MAR19-3750-C,55.17,0.0495,0.1,2,1551695082001,16228348,1108
2019-03-04 10:25:00.308,0.1,sell,3697.42,BTC-29MAR19-3750-C,55.32,0.05,0.1,0,1551695100308,16228404,1109
2019-03-04 10:38:16.467,0.3,buy,3677.59,BTC-29MAR19-3750-C,56.62,0.049,0.3,2,1551695896467,16229628,1110
2019-03-04 10:41:04.566,0.6,sell,3681.84,BTC-29MAR19-3750-C,54.19,0.047,0.6,2,1551696064566,16230182,1111
2019-03-04 10:41:04.566,0.8,sell,3681.84,BTC-29MAR19-3750-C,53.23,0.046,0.8,2,1551696064566,16230185,1114
2019-03-04 10:41:04.566,2.0,sell,3681.84,BTC-29MAR19-3750-C,53.71,0.0465,2.0,2,1551696064566,16230183,1112
2019-03-04 10:41:04.566,0.1,sell,3681.84,BTC-29MAR19-3750-C,53.71,0.0465,0.1,3,1551696064566,16230184,1113
2019-03-04 10:45:39.307,1.3,sell,3673.95,BTC-29MAR19-3750-C,54.07,0.0455,1.3,2,1551696339307,16230766,1115
2019-03-04 10:57:04.877,0.3,sell,3694.61,BTC-29MAR19-3750-C,54.3,0.0485,0.3,0,1551697024877,16232041,1116
2019-03-04 11:00:43.881,0.3,buy,3696.68,BTC-29MAR19-3750-C,55.93,0.0505,0.3,0,1551697243881,16232328,1117
2019-03-04 17:58:01.438,0.3,buy,3719.19,BTC-29MAR19-3750-C,55.06,0.052000000000000005,0.3,0,1551722281438,16240564,1118
2019-03-04 18:35:44.296,1.0,sell,3709.39,BTC-29MAR19-3750-C,53.55,0.049,1.0,2,1551724544296,16242082,1119
2019-03-04 19:19:20.703,5.0,sell,3703.09,BTC-29MAR19-3750-C,53.9,0.049,5.0,3,1551727160703,16242469,1120
2019-03-04 19:19:21.609,5.0,buy,3703.1,BTC-29MAR19-3750-C,53.87,0.049,5.0,3,1551727161609,16242470,1121
2019-03-04 21:31:52.725,0.1,buy,3702.49,BTC-29MAR19-3750-C,55.96,0.051,0.1,0,1551735112725,16243866,1122
2019-03-05 04:41:48.632,0.2,buy,3705.53,BTC-29MAR19-3750-C,55.15,0.051,0.2,1,1551760908632,16249310,1123
2019-03-05 08:40:25.001,1.0,buy,3730.24,BTC-29MAR19-3750-C,53.94,0.052000000000000005,1.0,0,1551775225001,16252265,1124
2019-03-05 08:40:25.013,0.3,sell,3730.24,BTC-29MAR19-3750-C,53.94,0.052000000000000005,0.3,1,1551775225013,16252266,1125
2019-03-05 08:40:25.032,0.2,sell,3730.24,BTC-29MAR19-3750-C,53.94,0.052000000000000005,0.2,1,1551775225032,16252267,1126
2019-03-05 08:40:25.046,0.2,sell,3730.24,BTC-29MAR19-3750-C,53.94,0.052000000000000005,0.2,1,1551775225046,16252268,1127
2019-03-05 08:40:25.078,0.2,sell,3730.24,BTC-29MAR19-3750-C,53.94,0.052000000000000005,0.2,1,1551775225078,16252269,1128
2019-03-05 08:40:25.091,0.2,sell,3730.24,BTC-29MAR19-3750-C,53.94,0.052000000000000005,0.2,1,1551775225091,16252270,1129
2019-03-05 08:40:25.121,0.2,sell,3730.24,BTC-29MAR19-3750-C,53.94,0.052000000000000005,0.2,1,1551775225121,16252271,1130
2019-03-05 08:40:25.160,0.1,sell,3730.24,BTC-29MAR19-3750-C,53.94,0.052000000000000005,0.1,1,1551775225160,16252272,1131
2019-03-05 08:40:25.186,0.1,sell,3730.24,BTC-29MAR19-3750-C,53.94,0.052000000000000005,0.1,1,1551775225186,16252273,1132
2019-03-05 08:40:25.397,0.2,sell,3730.24,BTC-29MAR19-3750-C,53.94,0.052000000000000005,0.2,1,1551775225397,16252274,1133
2019-03-05 08:40:25.420,0.1,sell,3730.24,BTC-29MAR19-3750-C,53.94,0.052000000000000005,0.1,1,1551775225420,16252275,1134
2019-03-05 10:04:49.551,0.1,buy,3723.23,BTC-29MAR19-3750-C,55.05,0.0525,0.1,0,1551780289551,16253900,1135
2019-03-05 11:09:11.802,0.5,sell,3724.2,BTC-29MAR19-3750-C,52.92,0.0505,0.5,2,1551784151802,16254433,1136
2019-03-05 11:27:48.059,20.0,sell,3722.68,BTC-29MAR19-3750-C,53.37,0.051,20.0,0,1551785268059,16254538,1137
2019-03-05 11:58:40.271,0.1,sell,3725.5,BTC-29MAR19-3750-C,52.44,0.05,0.1,3,1551787120271,16254807,1139
2019-03-05 11:58:40.271,0.1,sell,3725.5,BTC-29MAR19-3750-C,52.44,0.05,0.1,2,1551787120271,16254806,1138
2019-03-05 11:58:45.149,0.3,sell,3725.5,BTC-29MAR19-3750-C,52.45,0.05,0.3,3,1551787125149,16254808,1140
2019-03-05 11:58:47.658,0.2,sell,3725.5,BTC-29MAR19-3750-C,52.46,0.05,0.2,3,1551787127658,16254810,1141
2019-03-05 11:58:50.879,0.1,sell,3725.55,BTC-29MAR19-3750-C,52.47,0.05,0.1,3,1551787130879,16254811,1142
2019-03-05 11:58:52.752,0.3,sell,3725.55,BTC-29MAR19-3750-C,52.47,0.05,0.3,3,1551787132752,16254812,1143
2019-03-05 11:58:53.748,0.1,sell,3725.55,BTC-29MAR19-3750-C,52.47,0.05,0.1,3,1551787133748,16254813,1144
2019-03-05 11:58:55.205,0.3,sell,3725.55,BTC-29MAR19-3750-C,52.47,0.05,0.3,3,1551787135205,16254814,1145
2019-03-05 11:58:57.419,0.3,sell,3725.55,BTC-29MAR19-3750-C,52.47,0.05,0.3,3,1551787137419,16254815,1146
2019-03-05 11:59:06.550,0.1,sell,3725.53,BTC-29MAR19-3750-C,52.49,0.05,0.1,3,1551787146550,16254816,1147
2019-03-05 11:59:11.565,0.2,sell,3725.53,BTC-29MAR19-3750-C,52.49,0.05,0.2,3,1551787151565,16254817,1148
2019-03-05 11:59:15.117,0.2,sell,3725.37,BTC-29MAR19-3750-C,52.51,0.05,0.2,3,1551787155117,16254818,1149
2019-03-05 12:01:50.258,5.0,buy,3726.11,BTC-29MAR19-3750-C,52.86,0.0505,5.0,0,1551787310258,16254844,1150
2019-03-05 13:13:42.824,0.1,buy,3755.95,BTC-29MAR19-3750-C,52.76,0.054000000000000006,0.1,0,1551791622824,16258620,1151
2019-03-05 13:27:22.772,1.0,sell,3757.91,BTC-29MAR19-3750-C,52.42,0.054000000000000006,1.0,1,1551792442772,16262093,1152
2019-03-05 13:32:54.764,0.3,sell,3792.45,BTC-29MAR19-3750-C,52.53,0.0585,0.3,0,1551792774764,16262968,1153
2019-03-05 13:43:20.603,0.3,buy,3783.0,BTC-29MAR19-3750-C,53.18,0.0575,0.3,2,1551793400603,16264986,1154
2019-03-05 13:45:06.373,0.1,buy,3813.4,BTC-29MAR19-3750-C,53.18,0.0615,0.1,0,1551793506373,16266177,1155
2019-03-05 13:45:09.418,1.0,buy,3814.06,BTC-29MAR19-3750-C,54.72,0.063,1.0,0,1551793509418,16266209,1156
2019-03-05 13:45:10.247,0.1,sell,3814.36,BTC-29MAR19-3750-C,53.2,0.0615,0.1,2,1551793510247,16266220,1157
2019-03-05 13:48:59.847,0.2,sell,3800.56,BTC-29MAR19-3750-C,52.14,0.059000000000000004,0.2,2,1551793739847,16267671,1159
2019-03-05 13:48:59.847,0.1,sell,3800.56,BTC-29MAR19-3750-C,53.13,0.06,0.1,2,1551793739847,16267670,1158
2019-03-05 13:49:19.452,0.2,buy,3805.9,BTC-29MAR19-3750-C,52.98,0.0605,0.2,0,1551793759452,16267799,1160
2019-03-05 13:54:11.213,0.1,buy,3817.95,BTC-29MAR19-3750-C,53.2,0.0625,0.1,0,1551794051213,16269216,1161
2019-03-05 13:54:11.813,0.1,sell,3818.03,BTC-29MAR19-3750-C,53.16,0.0625,0.1,1,1551794051813,16269229,1162
2019-03-05 13:54:26.274,0.1,buy,3829.35,BTC-29MAR19-3750-C,53.72,0.0645,0.1,0,1551794066274,16269696,1163
2019-03-05 15:04:44.821,3.2,buy,3814.69,BTC-29MAR19-3750-C,52.6,0.0615,3.2,2,1551798284821,16279211,1164
2019-03-05 15:05:10.410,3.2,buy,3814.62,BTC-29MAR19-3750-C,52.66,0.0615,3.2,3,1551798310410,16279239,1165
2019-03-05 15:06:43.533,3.6,buy,3813.68,BTC-29MAR19-3750-C,52.7,0.0615,3.6,3,1551798403533,16279335,1166
2019-03-05 15:23:03.238,3.0,buy,3834.04,BTC-29MAR19-3750-C,55.13,0.067,3.0,0,1551799383238,16281166,1167
2019-03-05 21:50:03.886,0.2,buy,3832.95,BTC-29MAR19-3750-C,53.06,0.0645,0.2,2,1551822603886,16295817,1168
2019-03-05 21:50:35.431,0.2,buy,3833.47,BTC-29MAR19-3750-C,52.87,0.0645,0.2,3,1551822635431,16295830,1169
2019-03-06 08:29:08.832,0.1,sell,3834.54,BTC-29MAR19-3750-C,52.27,0.0635,0.1,2,1551860948832,16308456,1170
2019-03-06 08:29:37.241,0.1,sell,3834.36,BTC-29MAR19-3750-C,52.28,0.0635,0.1,3,1551860977241,16308462,1171
2019-03-06 10:34:39.602,0.5,buy,3857.68,BTC-29MAR19-3750-C,52.8,0.067,0.5,0,1551868479602,16311722,1172
2019-03-06 10:43:55.019,0.1,sell,3861.72,BTC-29MAR19-3750-C,54.34,0.069,0.1,0,1551869035019,16312781,1173
2019-03-06 10:43:55.391,0.1,sell,3861.72,BTC-29MAR19-3750-C,54.34,0.069,0.1,1,1551869035391,16312782,1174
2019-03-06 10:43:55.805,0.1,sell,3861.72,BTC-29MAR19-3750-C,54.34,0.069,0.1,1,1551869035805,16312783,1175
2019-03-06 10:43:55.955,0.1,sell,3861.72,BTC-29MAR19-3750-C,54.34,0.069,0.1,1,1551869035955,16312784,1176
2019-03-06 10:43:56.312,0.1,sell,3861.72,BTC-29MAR19-3750-C,54.34,0.069,0.1,1,1551869036312,16312785,1177
2019-03-06 10:45:09.666,0.5,buy,3875.85,BTC-29MAR19-3750-C,53.47,0.07,0.5,0,1551869109666,16313086,1178
2019-03-06 10:45:22.652,0.5,buy,3888.63,BTC-29MAR19-3750-C,53.48,0.07200000000000001,0.5,0,1551869122652,16313478,1179
2019-03-06 10:45:32.619,1.0,buy,3891.45,BTC-29MAR19-3750-C,53.1,0.07200000000000001,1.0,1,1551869132619,16313693,1180
2019-03-06 10:45:49.906,0.2,sell,3874.75,BTC-29MAR19-3750-C,55.47,0.0715,0.2,2,1551869149906,16314152,1181
2019-03-06 10:45:50.430,0.1,sell,3874.75,BTC-29MAR19-3750-C,55.47,0.0715,0.1,3,1551869150430,16314160,1182
2019-03-06 10:45:51.141,0.2,sell,3874.6,BTC-29MAR19-3750-C,55.49,0.0715,0.2,3,1551869151141,16314168,1183
2019-03-06 10:45:58.569,0.1,sell,3871.12,BTC-29MAR19-3750-C,55.0,0.0705,0.1,2,1551869158569,16314255,1184
2019-03-06 11:05:23.343,0.5,sell,3849.87,BTC-29MAR19-3750-C,53.34,0.0665,0.5,2,1551870323343,16316502,1185
2019-03-06 13:20:07.067,0.4,sell,3838.27,BTC-29MAR19-3750-C,54.67,0.0665,0.4,3,1551878407067,16320022,1186
2019-03-06 16:47:06.876,0.5,buy,3849.67,BTC-29MAR19-3750-C,55.22,0.0685,0.5,0,1551890826876,16325339,1187
2019-03-06 19:50:18.864,0.6,sell,3843.19,BTC-29MAR19-3750-C,54.83,0.067,0.6,2,1551901818864,16327132,1188
2019-03-06 19:51:16.641,1.0,sell,3843.22,BTC-29MAR19-3750-C,53.75,0.066,1.0,2,1551901876641,16327163,1189
2019-03-06 19:54:38.087,5.2,buy,3843.38,BTC-29MAR19-3750-C,54.29,0.0665,5.2,1,1551902078087,16327183,1191
2019-03-06 19:54:38.087,0.8,buy,3843.38,BTC-29MAR19-3750-C,54.29,0.0665,0.8,0,1551902078087,16327182,1190
2019-03-06 19:56:03.054,4.0,buy,3843.58,BTC-29MAR19-3750-C,54.81,0.067,4.0,0,1551902163054,16327193,1192
2019-03-06 19:56:11.498,4.0,buy,3843.58,BTC-29MAR19-3750-C,54.81,0.067,4.0,1,1551902171498,16327194,1193
2019-03-06 19:56:40.958,4.0,buy,3843.82,BTC-29MAR19-3750-C,54.78,0.067,4.0,1,1551902200958,16327200,1194
2019-03-06 19:57:22.277,2.0,sell,3843.79,BTC-29MAR19-3750-C,54.81,0.067,2.0,1,1551902242277,16327203,1195
2019-03-06 19:58:39.525,2.0,sell,3845.32,BTC-29MAR19-3750-C,54.63,0.067,2.0,1,1551902319525,16327232,1198
2019-03-06 19:58:39.525,2.0,sell,3845.32,BTC-29MAR19-3750-C,54.63,0.067,2.0,1,1551902319525,16327230,1196
2019-03-06 19:58:39.525,2.0,sell,3845.32,BTC-29MAR19-3750-C,54.63,0.067,2.0,1,1551902319525,16327231,1197
2019-03-06 20:00:23.050,2.0,sell,3844.23,BTC-29MAR19-3750-C,54.69,0.067,2.0,1,1551902423050,16327241,1203
2019-03-06 20:00:23.050,2.0,sell,3844.23,BTC-29MAR19-3750-C,54.69,0.067,2.0,1,1551902423050,16327239,1201
2019-03-06 20:00:23.050,2.0,sell,3844.23,BTC-29MAR19-3750-C,54.69,0.067,2.0,1,1551902423050,16327240,1202
2019-03-06 20:00:23.050,2.0,sell,3844.23,BTC-29MAR19-3750-C,54.69,0.067,2.0,1,1551902423050,16327237,1199
2019-03-06 20:00:23.050,2.0,sell,3844.23,BTC-29MAR19-3750-C,54.69,0.067,2.0,1,1551902423050,16327238,1200
2019-03-07 00:50:11.396,0.2,sell,3860.06,BTC-29MAR19-3750-C,52.6,0.067,0.2,1,1551919811396,16331519,1204
2019-03-07 01:24:05.573,0.5,sell,3879.29,BTC-29MAR19-3750-C,51.79,0.069,0.5,0,1551921845573,16333293,1205
2019-03-07 09:52:47.582,1.0,sell,3847.32,BTC-29MAR19-3750-C,50.11,0.0625,1.0,2,1551952367582,16347196,1206
2019-03-07 09:54:16.158,1.0,sell,3846.9,BTC-29MAR19-3750-C,49.78,0.062,1.0,2,1551952456158,16347208,1207
2019-03-07 10:07:51.735,1.0,sell,3841.09,BTC-29MAR19-3750-C,49.89,0.0615,1.0,2,1551953271735,16347571,1208
2019-03-07 10:37:12.456,4.8,sell,3841.87,BTC-29MAR19-3750-C,49.92,0.0615,4.8,3,1551955032456,16348443,1209
2019-03-08 00:10:32.575,0.1,buy,3860.43,BTC-29MAR19-3750-C,50.73,0.0645,0.1,1,1552003832575,16364358,1211
2019-03-08 00:10:32.575,0.1,buy,3860.43,BTC-29MAR19-3750-C,50.73,0.0645,0.1,0,1552003832575,16364357,1210
2019-03-08 00:10:32.575,0.3,buy,3860.43,BTC-29MAR19-3750-C,51.28,0.065,0.3,0,1552003832575,16364359,1212
2019-03-08 00:10:32.575,0.5,buy,3860.43,BTC-29MAR19-3750-C,51.28,0.065,0.5,1,1552003832575,16364360,1213
2019-03-08 04:04:17.238,0.1,sell,3856.88,BTC-29MAR19-3750-C,48.1,0.061,0.1,2,1552017857238,16366971,1214
2019-03-08 06:46:11.613,3.5,buy,3898.09,BTC-29MAR19-3750-C,50.93,0.0695,3.5,0,1552027571613,16373901,1215
2019-03-08 06:52:16.847,0.1,sell,3887.83,BTC-29MAR19-3750-C,49.86,0.067,0.1,2,1552027936847,16374366,1216
2019-03-08 07:13:38.181,0.2,sell,3873.53,BTC-29MAR19-3750-C,48.12,0.063,0.2,2,1552029218181,16376237,1218
2019-03-08 07:13:38.181,0.2,sell,3873.53,BTC-29MAR19-3750-C,48.12,0.063,0.2,3,1552029218181,16376240,1221
2019-03-08 07:13:38.181,0.5,sell,3873.53,BTC-29MAR19-3750-C,48.12,0.063,0.5,3,1552029218181,16376238,1219
2019-03-08 07:13:38.181,0.1,sell,3873.53,BTC-29MAR19-3750-C,48.12,0.063,0.1,3,1552029218181,16376239,1220
2019-03-08 07:13:38.181,0.1,sell,3873.53,BTC-29MAR19-3750-C,48.68,0.0635,0.1,2,1552029218181,16376236,1217
2019-03-08 07:17:19.205,0.2,sell,3873.18,BTC-29MAR19-3750-C,48.52,0.0635,0.2,0,1552029439205,16376312,1222
2019-03-08 07:17:19.210,0.2,buy,3873.18,BTC-29MAR19-3750-C,48.52,0.0635,0.2,1,1552029439210,16376315,1223
2019-03-08 07:17:49.394,1.5,sell,3872.57,BTC-29MAR19-3750-C,48.05,0.063,1.5,2,1552029469394,16376331,1224
2019-03-08 07:36:19.901,0.2,buy,3871.56,BTC-29MAR19-3750-C,49.63,0.0645,0.2,0,1552030579901,16377247,1225
2019-03-08 09:18:58.245,0.1,sell,3860.1,BTC-29MAR19-3750-C,49.76,0.0625,0.1,2,1552036738245,16379355,1226
2019-03-08 11:19:37.795,0.1,sell,3875.98,BTC-29MAR19-3750-C,48.3,0.063,0.1,0,1552043977795,16382380,1227
2019-03-08 11:19:37.795,0.1,sell,3875.98,BTC-29MAR19-3750-C,47.75,0.0625,0.1,2,1552043977795,16382381,1228
2019-03-08 11:19:37.795,0.1,sell,3875.98,BTC-29MAR19-3750-C,47.75,0.0625,0.1,3,1552043977795,16382382,1229
2019-03-08 11:19:37.880,0.3,sell,3875.98,BTC-29MAR19-3750-C,47.19,0.062,0.3,2,1552043977880,16382386,1230
2019-03-08 13:12:59.101,0.3,buy,3874.68,BTC-29MAR19-3750-C,48.07,0.0625,0.3,0,1552050779101,16384131,1231
2019-03-08 15:41:25.125,5.7,sell,3890.63,BTC-29MAR19-3750-C,46.78,0.0635,5.7,0,1552059685125,16388386,1232
2019-03-08 15:41:26.671,0.1,buy,3890.63,BTC-29MAR19-3750-C,46.78,0.0635,0.1,1,1552059686671,16388391,1233
2019-03-08 15:43:18.897,0.3,buy,3889.32,BTC-29MAR19-3750-C,46.76,0.0635,0.3,1,1552059798897,16388436,1234
2019-03-08 15:43:18.932,0.3,buy,3889.32,BTC-29MAR19-3750-C,46.76,0.0635,0.3,1,1552059798932,16388437,1235
2019-03-08 15:43:31.944,0.5,buy,3889.21,BTC-29MAR19-3750-C,46.77,0.0635,0.5,1,1552059811944,16388440,1237
2019-03-08 15:43:31.944,3.6,buy,3889.21,BTC-29MAR19-3750-C,46.77,0.0635,3.6,1,1552059811944,16388439,1236
2019-03-08 21:08:41.920,0.8,buy,3895.59,BTC-29MAR19-3750-C,49.97,0.0675,0.8,1,1552079321920,16393960,1240
2019-03-08 21:08:41.920,0.1,buy,3895.59,BTC-29MAR19-3750-C,49.4,0.067,0.1,0,1552079321920,16393958,1238
2019-03-08 21:08:41.920,0.1,buy,3895.59,BTC-29MAR19-3750-C,49.97,0.0675,0.1,0,1552079321920,16393959,1239
2019-03-08 21:17:51.015,1.0,sell,3893.42,BTC-29MAR19-3750-C,49.3,0.0665,1.0,2,1552079871015,16394055,1241
2019-03-08 21:38:59.796,0.1,buy,3882.66,BTC-29MAR19-3750-C,49.57,0.0645,0.1,2,1552081139796,16395090,1242
2019-03-08 21:59:21.172,0.2,buy,3870.3,BTC-29MAR19-3750-C,50.42,0.0635,0.2,2,1552082361172,16395662,1243
2019-03-08 22:00:19.873,0.1,sell,3867.32,BTC-29MAR19-3750-C,49.64,0.0625,0.1,2,1552082419873,16395759,1244
2019-03-08 22:00:30.100,0.2,buy,3866.67,BTC-29MAR19-3750-C,49.75,0.0625,0.2,3,1552082430100,16395775,1245
2019-03-08 22:00:30.100,0.1,buy,3866.67,BTC-29MAR19-3750-C,49.75,0.0625,0.1,3,1552082430100,16395777,1247
2019-03-08 22:00:30.100,0.1,buy,3866.67,BTC-29MAR19-3750-C,49.75,0.0625,0.1,3,1552082430100,16395776,1246
2019-03-08 22:00:38.764,0.4,buy,3866.51,BTC-29MAR19-3750-C,49.78,0.0625,0.4,3,1552082438764,16395801,1248
2019-03-08 22:01:05.674,1.0,buy,3865.3,BTC-29MAR19-3750-C,50.05,0.0625,1.0,3,1552082465674,16395905,1249
2019-03-08 22:01:12.382,0.1,sell,3864.14,BTC-29MAR19-3750-C,49.04,0.0615,0.1,2,1552082472382,16395924,1251
2019-03-08 22:01:12.382,0.2,sell,3864.14,BTC-29MAR19-3750-C,49.59,0.062,0.2,2,1552082472382,16395923,1250
2019-03-08 22:01:20.689,0.2,sell,3861.91,BTC-29MAR19-3750-C,49.55,0.0615,0.2,3,1552082480689,16396010,1253
2019-03-08 22:01:20.689,0.1,sell,3861.91,BTC-29MAR19-3750-C,49.55,0.0615,0.1,3,1552082480689,16396009,1252
2019-03-08 22:01:20.842,0.3,sell,3861.91,BTC-29MAR19-3750-C,49.55,0.0615,0.3,3,1552082480842,16396025,1254
2019-03-08 22:01:24.381,0.3,sell,3860.19,BTC-29MAR19-3750-C,49.42,0.061,0.3,2,1552082484381,16396119,1255
2019-03-08 22:01:25.688,0.1,sell,3857.74,BTC-29MAR19-3750-C,49.84,0.061,0.1,3,1552082485688,16396170,1256
2019-03-08 22:01:39.209,0.2,buy,3852.77,BTC-29MAR19-3750-C,49.99,0.0605,0.2,3,1552082499209,16396335,1258
2019-03-08 22:01:39.209,0.3,buy,3852.77,BTC-29MAR19-3750-C,49.99,0.0605,0.3,2,1552082499209,16396334,1257
2019-03-08 22:01:58.658,0.5,sell,3842.64,BTC-29MAR19-3750-C,50.2,0.0595,0.5,2,1552082518658,16396677,1259
2019-03-08 22:02:34.499,0.1,sell,3825.48,BTC-29MAR19-3750-C,50.99,0.0585,0.1,2,1552082554499,16397611,1260
2019-03-08 22:02:35.365,0.1,sell,3825.41,BTC-29MAR19-3750-C,51.16,0.0585,0.1,3,1552082555365,16397629,1261
2019-03-08 22:03:04.790,0.2,buy,3812.42,BTC-29MAR19-3750-C,50.77,0.0565,0.2,2,1552082584790,16398132,1262
2019-03-08 22:03:05.426,0.2,sell,3812.42,BTC-29MAR19-3750-C,50.23,0.055999999999999994,0.2,2,1552082585426,16398157,1263
2019-03-08 22:03:10.052,0.2,buy,3809.63,BTC-29MAR19-3750-C,50.1,0.0555,0.2,2,1552082590052,16398306,1264
2019-03-08 22:03:13.599,0.2,buy,3805.21,BTC-29MAR19-3750-C,50.41,0.055,0.2,2,1552082593599,16398484,1265
2019-03-08 22:03:18.290,0.2,buy,3802.97,BTC-29MAR19-3750-C,48.17,0.0525,0.2,2,1552082598290,16398853,1266
2019-03-08 22:04:15.691,0.3,buy,3775.67,BTC-29MAR19-3750-C,50.24,0.0505,0.3,2,1552082655691,16400316,1267
2019-03-08 22:05:57.600,0.1,buy,3808.88,BTC-29MAR19-3750-C,49.87,0.054000000000000006,0.1,0,1552082757600,16401623,1268
2019-03-08 22:11:33.832,0.1,buy,3817.37,BTC-29MAR19-3750-C,49.92,0.0555,0.1,0,1552083093832,16402721,1269
2019-03-08 22:11:33.832,4.9,buy,3817.37,BTC-29MAR19-3750-C,49.92,0.0555,4.9,1,1552083093832,16402722,1270
2019-03-08 22:11:45.400,0.1,buy,3819.85,BTC-29MAR19-3750-C,50.01,0.055999999999999994,0.1,0,1552083105400,16402769,1271
2019-03-08 22:11:54.903,0.1,buy,3822.95,BTC-29MAR19-3750-C,49.42,0.055999999999999994,0.1,1,1552083114903,16402813,1272
2019-03-09 03:55:03.689,0.3,sell,3853.19,BTC-29MAR19-3750-C,48.23,0.059,0.3,0,1552103703689,16412068,1273
2019-03-09 09:05:03.972,0.2,buy,3901.42,BTC-29MAR19-3750-C,47.95,0.0655,0.2,0,1552122303972,16421879,1274
2019-03-09 15:49:16.413,0.7000000000000001,sell,3923.9,BTC-29MAR19-3750-C,47.73,0.0675,0.7000000000000001,1,1552146556413,16436301,1276
2019-03-09 15:49:16.413,0.3,sell,3923.9,BTC-29MAR19-3750-C,47.73,0.0675,0.3,0,1552146556413,16436300,1275
2019-03-09 16:21:52.926,2.8000000000000003,sell,3935.09,BTC-29MAR19-3750-C,47.93,0.0695,2.8000000000000003,0,1552148512926,16438138,1277
2019-03-09 16:23:14.991,0.2,buy,3933.54,BTC-29MAR19-3750-C,48.0,0.069,0.2,2,1552148594991,16438217,1278
2019-03-09 16:23:15.115,0.3,buy,3933.54,BTC-29MAR19-3750-C,48.0,0.069,0.3,3,1552148595115,16438221,1279
2019-03-09 16:24:15.242,0.2,sell,3929.08,BTC-29MAR19-3750-C,47.42,0.068,0.2,3,1552148655242,16438330,1283
2019-03-09 16:24:15.242,0.1,sell,3929.08,BTC-29MAR19-3750-C,47.42,0.068,0.1,3,1552148655242,16438331,1284
2019-03-09 16:24:15.242,0.3,sell,3929.08,BTC-29MAR19-3750-C,47.42,0.068,0.3,3,1552148655242,16438328,1281
2019-03-09 16:24:15.242,4.0,sell,3929.08,BTC-29MAR19-3750-C,47.42,0.068,4.0,3,1552148655242,16438329,1282
2019-03-09 16:24:15.242,0.1,sell,3929.08,BTC-29MAR19-3750-C,47.42,0.068,0.1,2,1552148655242,16438327,1280
2019-03-09 16:24:15.293,0.3,buy,3929.08,BTC-29MAR19-3750-C,47.42,0.068,0.3,3,1552148655293,16438334,1285
2019-03-09 16:24:15.352,0.3,buy,3929.08,BTC-29MAR19-3750-C,47.42,0.068,0.3,3,1552148655352,16438337,1286
2019-03-09 16:24:15.461,0.3,buy,3929.08,BTC-29MAR19-3750-C,47.42,0.068,0.3,3,1552148655461,16438339,1287
2019-03-09 16:24:45.889,1.1,buy,3927.54,BTC-29MAR19-3750-C,47.66,0.068,1.1,3,1552148685889,16438373,1288
2019-03-09 16:31:34.588,0.1,sell,3918.92,BTC-29MAR19-3750-C,47.13,0.066,0.1,2,1552149094588,16439134,1289
2019-03-09 16:32:02.219,0.2,sell,3921.08,BTC-29MAR19-3750-C,46.44,0.0655,0.2,2,1552149122219,16439183,1290
2019-03-09 16:32:13.806,4.0,buy,3919.82,BTC-29MAR19-3750-C,46.82,0.0655,4.0,3,1552149133806,16439196,1291
2019-03-09 16:32:53.635,2.1,buy,3919.45,BTC-29MAR19-3750-C,46.79,0.0655,2.1,3,1552149173635,16439223,1292
2019-03-09 16:32:58.297,2.1,buy,3919.35,BTC-29MAR19-3750-C,46.79,0.0655,2.1,3,1552149178297,16439224,1293
2019-03-09 16:33:29.610,1.5,buy,3919.62,BTC-29MAR19-3750-C,46.73,0.0655,1.5,3,1552149209610,16439244,1294
2019-03-09 16:40:16.094,0.3,sell,3914.09,BTC-29MAR19-3750-C,45.67,0.064,0.3,2,1552149616094,16440125,1297
2019-03-09 16:40:16.094,0.2,sell,3914.09,BTC-29MAR19-3750-C,46.26,0.0645,0.2,3,1552149616094,16440124,1296
2019-03-09 16:40:16.094,5.5,sell,3914.09,BTC-29MAR19-3750-C,45.67,0.064,5.5,3,1552149616094,16440126,1298
2019-03-09 16:40:16.094,4.0,sell,3914.09,BTC-29MAR19-3750-C,46.26,0.0645,4.0,2,1552149616094,16440123,1295
2019-03-09 17:06:23.181,0.1,sell,3888.88,BTC-29MAR19-3750-C,48.09,0.0625,0.1,2,1552151183181,16441632,1299
2019-03-09 17:07:47.605,0.1,buy,3883.26,BTC-29MAR19-3750-C,49.06,0.0625,0.1,3,1552151267605,16442031,1300
2019-03-09 17:08:08.358,0.1,buy,3882.43,BTC-29MAR19-3750-C,48.78,0.062,0.1,2,1552151288358,16442096,1301
2019-03-09 20:30:26.711,0.2,sell,3898.08,BTC-29MAR19-3750-C,46.66,0.063,0.2,0,1552163426711,16446245,1302
2019-03-09 20:30:26.711,2.5,sell,3898.08,BTC-29MAR19-3750-C,46.66,0.063,2.5,1,1552163426711,16446246,1303
2019-03-09 20:30:26.719,0.2,buy,3898.08,BTC-29MAR19-3750-C,46.66,0.063,0.2,1,1552163426719,16446248,1304
2019-03-09 20:30:42.743,4.0,sell,3898.2,BTC-29MAR19-3750-C,46.22,0.0625,4.0,2,1552163442743,16446251,1305
2019-03-09 20:30:42.760,0.3,buy,3898.2,BTC-29MAR19-3750-C,46.22,0.0625,0.3,3,1552163442760,16446252,1306
2019-03-09 20:30:42.778,0.1,buy,3898.2,BTC-29MAR19-3750-C,46.22,0.0625,0.1,3,1552163442778,16446253,1307
2019-03-09 20:30:42.783,0.3,buy,3898.2,BTC-29MAR19-3750-C,46.22,0.0625,0.3,3,1552163442783,16446254,1308
2019-03-09 20:30:42.787,0.2,buy,3898.2,BTC-29MAR19-3750-C,46.22,0.0625,0.2,3,1552163442787,16446255,1309
2019-03-09 20:30:42.793,0.1,buy,3898.2,BTC-29MAR19-3750-C,46.22,0.0625,0.1,3,1552163442793,16446256,1310
2019-03-09 20:30:42.797,0.2,buy,3898.2,BTC-29MAR19-3750-C,46.22,0.0625,0.2,3,1552163442797,16446257,1311
2019-03-09 20:30:42.801,0.3,buy,3898.2,BTC-29MAR19-3750-C,46.22,0.0625,0.3,3,1552163442801,16446258,1312
2019-03-09 20:30:42.805,0.1,buy,3898.2,BTC-29MAR19-3750-C,46.22,0.0625,0.1,3,1552163442805,16446259,1313
2019-03-09 20:31:00.885,0.2,buy,3898.71,BTC-29MAR19-3750-C,46.26,0.0625,0.2,3,1552163460885,16446263,1314
2019-03-09 20:31:27.650,0.3,sell,3898.48,BTC-29MAR19-3750-C,45.73,0.062,0.3,2,1552163487650,16446265,1315
2019-03-09 20:31:27.650,1.0,sell,3898.48,BTC-29MAR19-3750-C,45.73,0.062,1.0,3,1552163487650,16446266,1316
2019-03-10 00:01:33.033,0.2,sell,3912.43,BTC-29MAR19-3750-C,47.96,0.066,0.2,0,1552176093033,16449439,1317
2019-03-10 00:02:49.617,0.2,buy,3909.54,BTC-29MAR19-3750-C,47.07,0.065,0.2,2,1552176169617,16449527,1318
2019-03-10 00:02:53.918,0.8,buy,3909.67,BTC-29MAR19-3750-C,47.05,0.065,0.8,3,1552176173918,16449530,1319
2019-03-10 06:24:30.718,0.2,sell,3872.49,BTC-29MAR19-3750-C,50.06,0.0615,0.2,2,1552199070718,16454210,1320
2019-03-10 07:37:58.634,0.1,sell,3871.01,BTC-29MAR19-3750-C,50.31,0.061,0.1,2,1552203478634,16456671,1321
2019-03-10 14:44:23.464,0.2,sell,3890.19,BTC-29MAR19-3750-C,48.68,0.0625,0.2,0,1552229063464,16462619,1322
2019-03-10 16:24:16.157,0.2,buy,3883.64,BTC-29MAR19-3750-C,49.1,0.0615,0.2,2,1552235056157,16463717,1323
2019-03-10 16:27:00.252,0.1,sell,3876.47,BTC-29MAR19-3750-C,48.34,0.0605,0.1,3,1552235220252,16463952,1325
2019-03-10 16:27:00.252,0.2,sell,3876.47,BTC-29MAR19-3750-C,48.34,0.0605,0.2,2,1552235220252,16463951,1324
2019-03-10 16:29:00.585,1.7,buy,3877.74,BTC-29MAR19-3750-C,48.78,0.0605,1.7,3,1552235340585,16464323,1326
2019-03-10 21:37:45.065,0.3,buy,3897.52,BTC-29MAR19-3750-C,48.87,0.063,0.3,0,1552253865065,16467018,1327
2019-03-11 10:40:43.286,0.1,sell,3867.36,BTC-29MAR19-3750-C,47.58,0.057,0.1,2,1552300843286,16482491,1328
2019-03-11 10:40:43.286,0.3,sell,3867.36,BTC-29MAR19-3750-C,47.58,0.057,0.3,3,1552300843286,16482492,1329
2019-03-11 10:40:53.460,0.6,sell,3867.82,BTC-29MAR19-3750-C,46.93,0.0565,0.6,2,1552300853460,16482500,1330
2019-03-11 12:48:55.107,0.1,sell,3826.98,BTC-29MAR19-3750-C,47.24,0.0515,0.1,2,1552308535107,16488139,1331
2019-03-11 12:50:10.487,0.2,sell,3826.35,BTC-29MAR19-3750-C,46.93,0.051,0.2,2,1552308610487,16488298,1332
2019-03-11 12:52:16.880,0.3,sell,3824.85,BTC-29MAR19-3750-C,47.01,0.0515,0.3,0,1552308736880,16488818,1333
2019-03-11 22:19:04.370,5.0,buy,3857.25,BTC-29MAR19-3750-C,47.73,0.0555,5.0,0,1552342744370,16497808,1334
2019-03-12 02:03:46.302,0.3,sell,3807.43,BTC-29MAR19-3750-C,47.17,0.048,0.3,2,1552356226302,16504097,1335
2019-03-12 09:14:28.235,0.1,sell,3853.23,BTC-29MAR19-3750-C,47.43,0.0545,0.1,0,1552382068235,16515531,1336
2019-03-12 09:18:40.001,5.0,sell,3853.88,BTC-29MAR19-3750-C,47.42,0.0545,5.0,1,1552382320001,16515632,1337
2019-03-12 09:18:40.017,0.2,buy,3853.88,BTC-29MAR19-3750-C,47.42,0.0545,0.2,1,1552382320017,16515633,1338
2019-03-12 09:23:23.620,0.3,sell,3854.98,BTC-29MAR19-3750-C,47.08,0.0545,0.3,1,1552382603620,16515683,1339
2019-03-12 09:23:23.620,0.2,sell,3854.98,BTC-29MAR19-3750-C,47.08,0.0545,0.2,1,1552382603620,16515684,1340
2019-03-12 09:23:42.701,0.2,buy,3854.98,BTC-29MAR19-3750-C,47.06,0.0545,0.2,1,1552382622701,16515693,1341
2019-03-12 09:23:43.004,0.2,buy,3854.98,BTC-29MAR19-3750-C,47.06,0.0545,0.2,1,1552382623004,16515696,1342
2019-03-12 09:25:37.413,4.6000000000000005,sell,3856.62,BTC-29MAR19-3750-C,46.63,0.0545,4.6000000000000005,1,1552382737413,16515743,1343
2019-03-13 10:02:27.818,0.3,sell,3839.23,BTC-29MAR19-3750-C,49.16,0.052000000000000005,0.3,2,1552471347818,16532185,1344
2019-03-13 10:02:31.057,0.2,sell,3837.09,BTC-29MAR19-3750-C,49.53,0.052000000000000005,0.2,3,1552471351057,16532205,1345
2019-03-13 10:02:33.147,0.3,sell,3837.09,BTC-29MAR19-3750-C,49.53,0.052000000000000005,0.3,3,1552471353147,16532229,1346
2019-03-13 18:17:34.667,0.6,buy,3853.87,BTC-29MAR19-3750-C,49.94,0.053,0.6,0,1552501054667,16544351,1347
2019-03-13 18:52:55.048,0.5,sell,3854.04,BTC-29MAR19-3750-C,46.82,0.0505,0.5,3,1552503175048,16544434,1349
2019-03-13 18:52:55.048,0.4,sell,3854.04,BTC-29MAR19-3750-C,46.82,0.0505,0.4,3,1552503175048,16544435,1350
