date_utc,amount,direction,indexPrice,instrument,iv,price,quantity,tickDirection,timeStamp,tradeId,tradeSeq
2019-02-18 00:12:36.726,1.0,sell,3624.87,BTC-28JUN19-15000-C,81.97,0.0005,1.0,3,1550448756726,15462548,103
2019-02-18 18:50:08.388,0.5,buy,3889.5,BTC-28JUN19-15000-C,83.92,0.001,0.5,0,1550515808388,15573985,104
2019-02-21 07:49:05.280,3.0,sell,3932.33,BTC-28JUN19-15000-C,78.58,0.0005,3.0,2,1550735345280,15731231,105
2019-02-21 12:00:54.955,2.0,buy,3895.7,BTC-28JUN19-15000-C,84.46,0.001,2.0,0,1550750454955,15741870,106
2019-02-22 08:15:18.189,3.0,sell,3891.71,BTC-28JUN19-15000-C,79.37,0.0005,3.0,2,1550823318189,15760461,107
2019-02-22 08:15:20.522,3.0,sell,3891.71,BTC-28JUN19-15000-C,79.37,0.0005,3.0,3,1550823320522,15760462,108
2019-02-22 08:15:24.546,3.0,sell,3891.71,BTC-28JUN19-15000-C,79.37,0.0005,3.0,3,1550823324546,15760463,109
2019-02-23 07:27:04.039,1.0,buy,3925.87,BTC-28JUN19-15000-C,84.86,0.001,1.0,0,1550906824039,15797294,110
2019-02-24 03:35:22.523,10.0,buy,4179.02,BTC-28JUN19-15000-C,85.64,0.0015,10.0,0,1550979322523,15863960,111
2019-02-24 03:35:44.427,1.0,buy,4180.02,BTC-28JUN19-15000-C,85.63,0.0015,1.0,1,1550979344427,15863972,112
2019-02-24 16:31:14.751,3.0,sell,3734.19,BTC-28JUN19-15000-C,82.88,0.0005,3.0,2,1551025874751,15945835,113
2019-02-24 16:31:17.787,1.0,sell,3729.38,BTC-28JUN19-15000-C,82.96,0.0005,1.0,3,1551025877787,15945907,114
2019-02-24 16:31:17.787,2.0,sell,3729.38,BTC-28JUN19-15000-C,82.96,0.0005,2.0,3,1551025877787,15945908,115
2019-03-01 05:53:21.030,3.0,sell,3801.91,BTC-28JUN19-15000-C,83.22,0.0005,3.0,3,1551419601030,16143169,116
2019-03-03 18:12:39.769,5.0,sell,3790.85,BTC-28JUN19-15000-C,84.28,0.0005,5.0,3,1551636759769,16196876,117
2019-03-05 06:52:29.329,8.0,sell,3709.2,BTC-28JUN19-15000-C,91.74,0.001,8.0,0,1551768749329,16250480,118
2019-03-17 01:39:38.726,6.9,buy,3970.96,BTC-28JUN19-15000-C,86.85,0.0005,6.9,2,1552786778726,16653031,119
2019-03-17 21:33:57.405,6.9,buy,3976.09,BTC-28JUN19-15000-C,87.22,0.0005,6.9,3,1552858437405,16667150,120
2019-03-17 22:59:04.821,6.9,buy,3969.06,BTC-28JUN19-15000-C,87.38,0.0005,6.9,3,1552863544821,16667897,121
2019-03-19 00:04:31.879,6.9,buy,3969.76,BTC-28JUN19-15000-C,87.71,0.0005,6.9,3,1552953871879,16695078,122
2019-03-20 13:37:31.256,6.9,buy,3997.96,BTC-28JUN19-15000-C,87.97,0.0005,6.9,3,1553089051256,16732128,123
2019-03-20 13:37:31.405,6.9,sell,3997.96,BTC-28JUN19-15000-C,87.97,0.0005,6.9,3,1553089051405,16732129,124
2019-03-20 13:37:33.422,6.9,sell,3997.96,BTC-28JUN19-15000-C,87.97,0.0005,6.9,3,1553089053422,16732130,125
2019-03-20 13:37:35.446,6.9,sell,3997.9,BTC-28JUN19-15000-C,87.97,0.0005,6.9,3,1553089055446,16732131,126
2019-03-20 13:37:37.452,6.9,sell,3997.9,BTC-28JUN19-15000-C,87.97,0.0005,6.9,3,1553089057452,16732132,127
2019-03-20 13:37:39.470,6.9,sell,3997.9,BTC-28JUN19-15000-C,87.97,0.0005,6.9,3,1553089059470,16732133,128
2019-03-21 04:10:38.714,19.2,buy,4027.97,BTC-28JUN19-15000-C,87.96,0.0005,19.2,3,1553141438714,16748328,129
2019-03-29 14:43:10.093,6.9,buy,4075.62,BTC-28JUN19-15000-C,91.15,0.0005,6.9,3,1553870590093,16959011,130
2019-04-05 08:50:52.245,1.0,buy,4974.03,BTC-28JUN19-15000-C,87.95,0.001,1.0,0,1554454252245,17356125,131
2019-04-05 13:36:11.045,0.1,buy,4983.57,BTC-28JUN19-15000-C,95.17,0.002,0.1,0,1554471371045,17365700,132
2019-04-05 14:43:39.909,0.2,sell,4995.2,BTC-28JUN19-15000-C,95.0,0.002,0.2,1,1554475419909,17368582,133
2019-04-07 23:07:57.556,0.1,sell,5173.82,BTC-28JUN19-15000-C,93.69,0.002,0.1,1,1554678477556,17492649,134
2019-04-08 17:07:10.867,0.2,sell,5207.79,BTC-28JUN19-15000-C,93.55,0.002,0.2,1,1554743230867,17537258,135
2019-04-09 15:50:25.391,0.1,buy,5209.81,BTC-28JUN19-15000-C,99.13,0.003,0.1,0,1554825025391,17577732,136
2019-04-09 15:50:25.391,0.1,buy,5209.81,BTC-28JUN19-15000-C,99.13,0.003,0.1,1,1554825025391,17577733,137
2019-04-09 21:07:48.820,0.2,sell,5225.87,BTC-28JUN19-15000-C,96.83,0.0025,0.2,2,1554844068820,17582103,138
2019-04-10 05:26:03.398,9.8,sell,5235.63,BTC-28JUN19-15000-C,96.7,0.0025,9.8,3,1554873963398,17591974,139
2019-04-10 13:09:32.410,3.3000000000000003,sell,5268.74,BTC-28JUN19-15000-C,93.79,0.002,3.3000000000000003,2,1554901772410,17600147,140
2019-04-10 21:11:08.410,0.1,sell,5302.7,BTC-28JUN19-15000-C,86.44,0.001,0.1,2,1554930668410,17643260,141
2019-04-10 21:30:48.417,1.0,buy,5269.38,BTC-28JUN19-15000-C,94.14,0.002,1.0,0,1554931848417,17645263,142
2019-04-11 02:57:54.225,0.4,buy,5305.02,BTC-28JUN19-15000-C,96.46,0.0025,0.4,0,1554951474225,17656724,143
2019-04-11 02:57:56.039,0.4,buy,5305.02,BTC-28JUN19-15000-C,96.46,0.0025,0.4,1,1554951476039,17656725,144
2019-04-11 02:57:58.035,0.2,buy,5305.02,BTC-28JUN19-15000-C,96.46,0.0025,0.2,1,1554951478035,17656726,145
2019-04-11 18:32:55.535,61.5,sell,5066.93,BTC-28JUN19-15000-C,100.7,0.0025,61.5,1,1555007575535,17710462,146
2019-04-14 07:54:24.129,0.2,sell,5069.92,BTC-28JUN19-15000-C,92.26,0.001,0.2,2,1555228464129,17793524,147
2019-04-15 06:18:48.745,12.0,sell,5169.31,BTC-28JUN19-15000-C,95.5,0.0015,12.0,0,1555309128745,17814499,148
2019-04-15 06:18:51.787,12.0,sell,5169.21,BTC-28JUN19-15000-C,91.27,0.001,12.0,2,1555309131787,17814500,149
2019-04-18 04:28:17.892,0.1,sell,5271.11,BTC-28JUN19-15000-C,91.32,0.001,0.1,3,1555561697892,17917426,150
2019-04-18 04:28:44.556,0.1,sell,5268.63,BTC-28JUN19-15000-C,91.37,0.001,0.1,3,1555561724556,17917445,151
