date_utc,amount,direction,indexPrice,instrument,iv,price,quantity,tickDirection,timeStamp,tradeId,tradeSeq
2019-05-11 08:26:39.060,5.0,buy,182.52,ETH-24MAY19-230-C,96.84,0.01,5.0,1,1557563199060,1746700,1
2019-05-11 14:46:15.827,2.0,sell,189.21,ETH-24MAY19-230-C,98.6,0.015,2.0,0,1557585975827,1784500,2
2019-05-11 23:01:34.737,200.0,buy,200.71,ETH-24MAY19-230-C,106.21,0.03,200.0,0,1557615694737,1833791,3
2019-05-12 02:02:00.688,110.0,buy,195.4,ETH-24MAY19-230-C,120.62,0.032,110.0,0,1557626520688,1883323,4
2019-05-12 13:59:01.851,1.0,sell,189.33,ETH-24MAY19-230-C,112.95,0.02,1.0,2,1557669541851,1961760,5
2019-05-12 14:00:28.663,49.0,sell,189.32,ETH-24MAY19-230-C,104.59,0.016,49.0,2,1557669628663,1961779,6
2019-05-12 14:01:37.359,50.0,sell,189.13,ETH-24MAY19-230-C,102.73,0.015,50.0,2,1557669697359,1961991,7
2019-05-12 16:04:14.827,100.0,sell,185.65,ETH-24MAY19-230-C,104.6,0.013000000000000001,100.0,2,1557677054827,1977207,8
2019-05-12 22:08:04.930,110.0,sell,189.28,ETH-24MAY19-230-C,99.32,0.013000000000000001,110.0,3,1557698884930,1993823,9
2019-05-13 07:53:39.202,20.0,buy,188.11,ETH-24MAY19-230-C,114.79,0.018000000000000002,20.0,0,1557734019202,2014722,10
2019-05-13 16:06:46.124,66.0,sell,207.95,ETH-24MAY19-230-C,124.53,0.046,66.0,0,1557763606124,2041587,11
2019-05-13 16:55:00.287,9.0,sell,203.93,ETH-24MAY19-230-C,124.39,0.04,9.0,2,1557766500287,2049644,12
2019-05-14 00:10:16.848,5.0,buy,196.43,ETH-24MAY19-230-C,130.93,0.033,5.0,2,1557792616848,2076527,13
2019-05-15 03:22:27.878,7.0,buy,228.59,ETH-24MAY19-230-C,123.09,0.075,7.0,0,1557890547878,2196993,14
2019-05-15 03:22:27.878,93.0,buy,228.59,ETH-24MAY19-230-C,140.51,0.086,93.0,0,1557890547878,2196994,15
2019-05-15 05:35:33.353,1.0,buy,228.95,ETH-24MAY19-230-C,141.69,0.087,1.0,0,1557898533353,2203211,16
2019-05-15 06:13:44.597,3.0,sell,233.76,ETH-24MAY19-230-C,123.11,0.085,3.0,2,1557900824597,2206075,17
2019-05-15 06:35:34.170,2.0,buy,233.41,ETH-24MAY19-230-C,132.46,0.09,2.0,0,1557902134170,2208045,18
2019-05-15 06:37:25.944,3.0,buy,232.39,ETH-24MAY19-230-C,135.83,0.09,3.0,1,1557902245944,2208242,19
2019-05-15 07:29:53.596,117.0,sell,227.06,ETH-24MAY19-230-C,124.25,0.07200000000000001,117.0,2,1557905393596,2213216,20
2019-05-15 07:29:53.650,33.0,sell,227.06,ETH-24MAY19-230-C,124.25,0.07200000000000001,33.0,3,1557905393650,2213223,21
2019-05-15 10:39:15.054,2.0,buy,234.45,ETH-24MAY19-230-C,130.2,0.09,2.0,0,1557916755054,2228814,22
2019-05-15 10:39:15.054,1.0,buy,234.45,ETH-24MAY19-230-C,140.03,0.096,1.0,0,1557916755054,2228815,23
2019-05-15 10:52:22.127,1.0,sell,233.94,ETH-24MAY19-230-C,132.0,0.09,1.0,2,1557917542127,2229353,24
2019-05-15 11:11:22.931,1.0,buy,234.33,ETH-24MAY19-230-C,135.69,0.09300000000000001,1.0,0,1557918682931,2230077,25
2019-05-15 16:04:28.529,1.0,buy,243.45,ETH-24MAY19-230-C,133.01,0.11,1.0,0,1557936268529,2251994,26
2019-05-15 16:40:54.599,20.0,buy,239.05,ETH-24MAY19-230-C,110.36,0.087,20.0,2,1557938454599,2258269,27
2019-05-16 10:20:12.722,1.0,buy,247.71,ETH-24MAY19-230-C,157.14,0.129,1.0,0,1558002012722,2402196,28
2019-05-16 11:29:04.369,3.0,buy,253.68,ETH-24MAY19-230-C,118.73,0.12300000000000001,3.0,2,1558006144369,2413705,29
2019-05-16 19:20:17.046,50.0,sell,258.62,ETH-24MAY19-230-C,118.57,0.134,50.0,0,1558034417046,2510774,30
2019-05-17 06:25:17.643,2.0,sell,237.46,ETH-24MAY19-230-C,134.23,0.09,2.0,2,1558074317643,2680981,31
2019-05-17 14:55:44.085,1.0,sell,235.3,ETH-24MAY19-230-C,142.71,0.08800000000000001,1.0,2,1558104944085,2762105,32
2019-05-17 16:06:20.834,2.0,buy,226.68,ETH-24MAY19-230-C,136.66,0.067,2.0,2,1558109180834,2773479,33
2019-05-17 16:24:11.897,1.0,buy,235.07,ETH-24MAY19-230-C,125.3,0.078,1.0,0,1558110251897,2778755,34
2019-05-17 19:44:45.790,1.0,buy,230.57,ETH-24MAY19-230-C,140.69,0.076,1.0,2,1558122285790,2817043,35
2019-05-17 19:47:14.730,1.0,sell,231.37,ETH-24MAY19-230-C,130.06,0.07200000000000001,1.0,2,1558122434730,2817345,36
2019-05-17 19:47:31.550,1.0,sell,231.14,ETH-24MAY19-230-C,129.07,0.071,1.0,2,1558122451550,2817394,37
2019-05-17 19:49:16.973,1.0,sell,231.0,ETH-24MAY19-230-C,129.62,0.071,1.0,3,1558122556973,2817569,38
2019-05-17 20:07:34.518,1.0,sell,231.56,ETH-24MAY19-230-C,131.36,0.073,1.0,0,1558123654518,2820610,39
2019-05-17 21:01:24.688,60.0,buy,233.8,ETH-24MAY19-230-C,140.02,0.08199999999999999,60.0,0,1558126884688,2825649,40
2019-05-17 21:09:07.683,57.0,sell,236.28,ETH-24MAY19-230-C,127.93,0.081,57.0,2,1558127347683,2827314,41
2019-05-17 21:09:50.698,3.0,buy,236.44,ETH-24MAY19-230-C,127.26,0.081,3.0,3,1558127390698,2827404,42
2019-05-18 05:57:30.158,1.0,sell,243.64,ETH-24MAY19-230-C,111.13,0.08800000000000001,1.0,0,1558159050158,2888664,43
2019-05-19 05:56:32.435,1.0,sell,252.72,ETH-24MAY19-230-C,113.38,0.10800000000000001,1.0,0,1558245392435,3003064,44
2019-05-19 05:57:05.508,2.0,sell,252.52,ETH-24MAY19-230-C,112.04,0.107,2.0,2,1558245425508,3003143,45
2019-05-19 09:16:21.375,1.0,sell,255.97,ETH-24MAY19-230-C,109.53,0.115,1.0,0,1558257381375,3014953,46
2019-05-20 00:53:20.318,52.0,buy,250.22,ETH-24MAY19-230-C,113.15,0.098,52.0,2,1558313600318,3088597,47
2019-05-20 00:53:20.332,9.0,buy,250.22,ETH-24MAY19-230-C,113.15,0.098,9.0,3,1558313600332,3088598,48
2019-05-20 01:02:34.795,72.0,sell,247.29,ETH-24MAY19-230-C,118.41,0.092,72.0,2,1558314154795,3089785,49
2019-05-20 02:30:40.339,10.0,sell,248.07,ETH-24MAY19-230-C,119.16,0.094,10.0,0,1558319440339,3094166,50
2019-05-20 13:10:38.326,10.0,buy,240.66,ETH-24MAY19-230-C,119.96,0.073,10.0,2,1558357838326,3138095,51
2019-05-20 20:56:32.268,10.0,sell,252.97,ETH-24MAY19-230-C,108.95,0.10099999999999999,10.0,0,1558385792268,3167582,52
2019-05-20 21:03:08.057,5.0,sell,257.59,ETH-24MAY19-230-C,101.84,0.113,5.0,0,1558386188057,3169418,53
2019-05-20 21:51:30.544,5.0,sell,253.0,ETH-24MAY19-230-C,109.19,0.10099999999999999,5.0,2,1558389090544,3174792,54
2019-05-20 23:21:11.193,50.0,buy,252.58,ETH-24MAY19-230-C,111.04,0.1,50.0,2,1558394471193,3181198,55
2019-05-21 12:06:35.384,2.0,sell,250.11,ETH-24MAY19-230-C,99.54,0.08800000000000001,2.0,2,1558440395384,3215712,56
2019-05-21 13:10:50.661,50.0,buy,256.85,ETH-24MAY19-230-C,125.26,0.113,50.0,0,1558444250661,3219725,57
2019-05-21 15:55:06.630,1.0,sell,251.82,ETH-24MAY19-230-C,106.67,0.094,1.0,2,1558454106630,3230288,58
2019-05-21 21:03:39.890,1.0,buy,264.21,ETH-24MAY19-230-C,156.42,0.138,1.0,0,1558472619890,3247868,59
2019-05-21 22:09:57.033,1.0,sell,254.16,ETH-24MAY19-230-C,71.19,0.096,1.0,2,1558476597033,3256470,60
2019-05-22 20:16:09.328,50.0,sell,253.27,ETH-24MAY19-230-C,0.0,0.091,50.0,2,1558556169328,3318146,61
2019-05-22 20:17:53.314,50.0,buy,249.19,ETH-24MAY19-230-C,115.53,0.08199999999999999,50.0,2,1558556273314,3319569,62
2019-05-22 22:06:14.873,50.0,buy,240.79,ETH-24MAY19-230-C,120.84,0.057,50.0,2,1558562774873,3337652,63
2019-05-23 05:36:15.981,50.0,buy,237.53,ETH-24MAY19-230-C,99.96,0.040999999999999995,50.0,2,1558589775981,3362271,64
2019-05-23 08:19:50.246,1.0,buy,233.98,ETH-24MAY19-230-C,99.12,0.03,1.0,2,1558599590246,3376469,65
2019-05-23 09:08:05.454,5.0,buy,233.69,ETH-24MAY19-230-C,94.34,0.027999999999999997,5.0,2,1558602485454,3379597,66
2019-05-23 09:15:15.743,63.0,buy,231.41,ETH-24MAY19-230-C,87.77,0.021,63.0,2,1558602915743,3381884,67
2019-05-23 09:15:15.813,60.0,buy,231.41,ETH-24MAY19-230-C,87.77,0.021,60.0,3,1558602915813,3381892,68
2019-05-23 09:18:32.474,150.0,buy,232.82,ETH-24MAY19-230-C,106.07,0.027999999999999997,150.0,0,1558603112474,3382505,69
2019-05-23 10:51:54.665,1.0,sell,238.13,ETH-24MAY19-230-C,50.03,0.035,1.0,0,1558608714665,3386607,70
