date_utc,amount,direction,indexPrice,instrument,iv,price,quantity,tickDirection,timeStamp,tradeId,tradeSeq
2019-02-16 02:44:24.492,0.5,buy,3574.92,BTC-26APR19-4750-C,56.18,0.0165,0.5,1,1550285064492,15405001,1
2019-02-16 23:09:32.880,10.0,sell,3592.67,BTC-26APR19-4750-C,55.28,0.016,10.0,2,1550358572880,15423792,2
2019-02-16 23:15:06.674,3.4,sell,3582.44,BTC-26APR19-4750-C,55.59,0.016,3.4,3,1550358906674,15424291,3
2019-02-16 23:15:06.674,6.6000000000000005,sell,3582.44,BTC-26APR19-4750-C,55.08,0.0155,6.6000000000000005,2,1550358906674,15424292,4
2019-02-16 23:36:33.284,10.0,sell,3585.07,BTC-26APR19-4750-C,54.99,0.0155,10.0,3,1550360193284,15424624,5
2019-02-16 23:38:16.658,10.0,sell,3586.16,BTC-26APR19-4750-C,54.46,0.015,10.0,2,1550360296658,15424637,6
2019-02-17 00:16:06.729,10.0,sell,3585.39,BTC-26APR19-4750-C,54.93,0.0155,10.0,0,1550362566729,15425320,7
2019-02-17 00:20:01.294,10.0,sell,3584.3,BTC-26APR19-4750-C,54.98,0.0155,10.0,1,1550362801294,15425352,8
2019-02-17 00:24:42.506,5.0,sell,3584.97,BTC-26APR19-4750-C,54.49,0.015,5.0,2,1550363082506,15425397,9
2019-02-17 00:24:42.506,5.0,sell,3584.97,BTC-26APR19-4750-C,54.49,0.015,5.0,3,1550363082506,15425398,10
2019-02-17 17:50:00.815,20.0,sell,3573.78,BTC-26APR19-4750-C,55.06,0.015,20.0,3,1550425800815,15450990,11
2019-02-17 17:52:06.622,20.0,sell,3573.75,BTC-26APR19-4750-C,55.05,0.015,20.0,3,1550425926622,15451029,12
2019-02-17 18:02:15.350,10.0,sell,3574.12,BTC-26APR19-4750-C,54.45,0.0145,10.0,2,1550426535350,15451104,13
2019-02-18 00:51:31.332,0.5,sell,3640.5,BTC-26APR19-4750-C,54.19,0.0165,0.5,0,1550451091332,15464965,14
2019-02-18 00:51:31.349,0.5,sell,3640.5,BTC-26APR19-4750-C,54.19,0.0165,0.5,1,1550451091349,15464966,15
2019-02-18 13:22:35.930,0.5,buy,3762.5,BTC-26APR19-4750-C,53.16,0.02,0.5,0,1550496155930,15523281,16
2019-02-18 13:36:49.259,0.1,buy,3771.44,BTC-26APR19-4750-C,55.93,0.0235,0.1,0,1550497009259,15528020,17
2019-02-19 00:38:41.151,5.0,buy,3937.05,BTC-26APR19-4750-C,57.01,0.034,5.0,0,1550536721151,15592400,18
2019-02-19 01:10:49.515,0.5,buy,3905.02,BTC-26APR19-4750-C,59.06,0.035,0.5,0,1550538649515,15598942,19
2019-02-19 05:15:39.966,0.1,sell,3872.46,BTC-26APR19-4750-C,57.79,0.0315,0.1,2,1550553339966,15609796,20
2019-02-19 23:42:13.801,1.0,sell,3891.43,BTC-26APR19-4750-C,57.43,0.0315,1.0,3,1550619733801,15668954,21
2019-02-20 19:58:14.958,8.6,buy,3924.0,BTC-26APR19-4750-C,60.2,0.0365,8.6,0,1550692694958,15709409,22
2019-02-20 19:58:14.958,2.0,buy,3924.0,BTC-26APR19-4750-C,60.92,0.0375,2.0,0,1550692694958,15709410,23
2019-02-20 19:58:14.958,1.4,buy,3924.0,BTC-26APR19-4750-C,61.28,0.038,1.4,0,1550692694958,15709411,24
2019-02-21 12:11:51.456,5.2,buy,3893.27,BTC-26APR19-4750-C,58.17,0.032,5.2,3,1550751111456,15742153,26
2019-02-21 12:11:51.456,4.8,buy,3893.27,BTC-26APR19-4750-C,58.17,0.032,4.8,2,1550751111456,15742152,25
2019-02-21 12:35:34.147,3.0,sell,3896.12,BTC-26APR19-4750-C,56.98,0.0305,3.0,2,1550752534147,15742822,27
2019-02-21 13:17:28.615,2.0,buy,3903.71,BTC-26APR19-4750-C,56.58,0.0305,2.0,3,1550755048615,15743789,28
2019-02-21 13:21:08.631,0.1,sell,3907.02,BTC-26APR19-4750-C,55.68,0.0295,0.1,2,1550755268631,15743976,29
2019-02-21 15:22:02.448,4.2,sell,3893.78,BTC-26APR19-4750-C,55.85,0.028999999999999998,4.2,2,1550762522448,15745752,30
2019-02-21 15:22:16.978,0.8,sell,3893.05,BTC-26APR19-4750-C,55.13,0.028,0.8,2,1550762536978,15745756,31
2019-02-22 10:02:22.141,0.2,buy,3923.07,BTC-26APR19-4750-C,58.02,0.033,0.2,0,1550829742141,15766270,32
2019-02-22 20:29:21.771,1.0,buy,3935.21,BTC-26APR19-4750-C,57.13,0.032,1.0,2,1550867361771,15787262,33
2019-02-23 20:29:34.133,3.1,buy,4129.17,BTC-26APR19-4750-C,58.36,0.044000000000000004,3.1,0,1550953774133,15844604,34
2019-02-23 20:29:34.351,0.1,buy,4129.17,BTC-26APR19-4750-C,58.36,0.044,0.1,1,1550953774351,15844606,35
2019-02-25 02:55:00.239,10.0,buy,3769.31,BTC-26APR19-4750-C,62.04,0.0265,10.0,2,1551063300239,15971869,36
2019-02-25 12:31:28.629,1.0,sell,3790.09,BTC-26APR19-4750-C,60.1,0.025,1.0,2,1551097888629,15987443,37
2019-02-25 15:29:56.612,1.0,sell,3784.14,BTC-26APR19-4750-C,59.94,0.0245,1.0,2,1551108596612,15991181,38
2019-02-25 16:50:40.968,1.0,sell,3824.96,BTC-26APR19-4750-C,60.24,0.0265,1.0,0,1551113440968,15996951,39
2019-02-25 20:27:21.967,0.1,buy,3815.4,BTC-26APR19-4750-C,61.09,0.027000000000000003,0.1,0,1551126441967,16007978,40
2019-02-25 20:27:25.823,0.1,sell,3817.15,BTC-26APR19-4750-C,61.0,0.027000000000000003,0.1,1,1551126445823,16007990,41
2019-02-26 16:38:35.662,10.0,sell,3796.65,BTC-26APR19-4750-C,60.07,0.0245,10.0,2,1551199115662,16036401,42
2019-02-26 18:41:50.693,0.3,sell,3804.0,BTC-26APR19-4750-C,59.28,0.024,0.3,2,1551206510693,16038925,43
2019-02-26 22:52:31.647,0.2,sell,3798.71,BTC-26APR19-4750-C,58.11,0.0225,0.2,2,1551221551647,16043505,44
2019-03-02 13:57:47.593,13.0,sell,3811.58,BTC-26APR19-4750-C,54.85,0.018000000000000002,13.0,2,1551535067593,16176474,45
2019-03-03 09:27:21.551,6.0,buy,3805.95,BTC-26APR19-4750-C,55.57,0.018000000000000002,6.0,3,1551605241551,16187602,46
2019-03-03 18:33:12.956,20.0,buy,3791.38,BTC-26APR19-4750-C,56.36,0.018000000000000002,20.0,3,1551637992956,16197009,47
2019-03-03 21:09:06.942,1.9,buy,3793.06,BTC-26APR19-4750-C,56.45,0.018000000000000002,1.9,3,1551647346942,16197803,48
2019-03-04 16:11:52.398,4.0,sell,3710.24,BTC-26APR19-4750-C,55.06,0.0135,4.0,2,1551715912398,16239369,49
2019-03-04 16:15:32.929,4.0,sell,3712.36,BTC-26APR19-4750-C,54.97,0.0135,4.0,3,1551716132929,16239420,50
2019-03-04 16:45:34.205,5.3,sell,3712.11,BTC-26APR19-4750-C,54.44,0.013000000000000001,5.3,3,1551717934205,16239963,53
2019-03-04 16:45:34.205,0.7000000000000001,sell,3712.11,BTC-26APR19-4750-C,54.44,0.013000000000000001,0.7000000000000001,3,1551717934205,16239962,52
2019-03-04 16:45:34.205,4.0,sell,3712.11,BTC-26APR19-4750-C,54.44,0.013000000000000001,4.0,2,1551717934205,16239961,51
2019-03-04 16:49:44.115,5.0,sell,3714.63,BTC-26APR19-4750-C,54.93,0.0135,5.0,0,1551718184115,16240008,54
2019-03-04 16:50:39.383,5.0,sell,3714.5,BTC-26APR19-4750-C,54.95,0.0135,5.0,1,1551718239383,16240017,55
2019-03-04 18:38:50.429,1.0,sell,3709.18,BTC-26APR19-4750-C,54.02,0.0125,1.0,2,1551724730429,16242133,56
2019-03-05 07:30:16.402,10.0,sell,3712.8,BTC-26APR19-4750-C,55.12,0.0135,10.0,0,1551771016402,16250819,57
2019-03-05 08:15:27.073,10.0,buy,3717.9,BTC-26APR19-4750-C,55.53,0.014,10.0,0,1551773727073,16251244,58
2019-03-05 12:38:36.254,10.0,buy,3740.81,BTC-26APR19-4750-C,55.25,0.0145,10.0,0,1551789516254,16256214,59
2019-03-05 13:08:06.865,10.0,buy,3742.76,BTC-26APR19-4750-C,55.12,0.0145,10.0,1,1551791286865,16257331,60
2019-03-05 13:11:13.642,5.0,buy,3745.91,BTC-26APR19-4750-C,55.08,0.0145,5.0,1,1551791473642,16258023,62
2019-03-05 13:11:13.642,5.0,buy,3745.91,BTC-26APR19-4750-C,55.08,0.0145,5.0,1,1551791473642,16258022,61
2019-03-05 13:11:17.565,10.0,buy,3746.01,BTC-26APR19-4750-C,55.08,0.0145,10.0,1,1551791477565,16258024,63
2019-03-05 13:11:22.165,5.0,buy,3746.1,BTC-26APR19-4750-C,55.08,0.0145,5.0,1,1551791482165,16258026,64
2019-03-05 13:11:22.165,5.0,buy,3746.1,BTC-26APR19-4750-C,55.08,0.0145,5.0,1,1551791482165,16258027,65
2019-03-05 13:11:39.202,10.0,buy,3746.56,BTC-26APR19-4750-C,55.08,0.0145,10.0,1,1551791499202,16258032,66
2019-03-05 13:12:06.285,5.0,buy,3749.23,BTC-26APR19-4750-C,54.89,0.0145,5.0,1,1551791526285,16258111,67
2019-03-05 13:14:40.995,10.0,buy,3766.68,BTC-26APR19-4750-C,55.25,0.0155,10.0,0,1551791680995,16259184,68
2019-03-05 13:34:40.513,1.0,buy,3781.6,BTC-26APR19-4750-C,56.36,0.017,1.0,0,1551792880513,16263936,69
2019-03-07 06:11:07.664,2.0,sell,3860.87,BTC-26APR19-4750-C,52.77,0.016,2.0,2,1551939067664,16342533,70
2019-03-07 06:48:44.419,2.0,buy,3857.89,BTC-26APR19-4750-C,54.91,0.018000000000000002,2.0,0,1551941324419,16343612,71
2019-03-07 07:09:10.776,0.3,sell,3855.64,BTC-26APR19-4750-C,52.43,0.0155,0.3,2,1551942550776,16343944,72
2019-03-07 10:06:58.431,0.3,sell,3840.69,BTC-26APR19-4750-C,53.09,0.0155,0.3,3,1551953218431,16347533,73
2019-03-07 15:34:51.117,1.0,sell,3870.35,BTC-26APR19-4750-C,51.9,0.0155,1.0,3,1551972891117,16357569,74
2019-03-08 11:24:09.586,0.1,buy,3875.54,BTC-26APR19-4750-C,51.25,0.0145,0.1,2,1552044249586,16382473,75
2019-03-08 15:06:54.746,8.0,buy,3889.96,BTC-26APR19-4750-C,50.7,0.0145,8.0,3,1552057614746,16387876,76
2019-03-08 15:29:16.538,1.9,buy,3888.55,BTC-26APR19-4750-C,50.75,0.0145,1.9,3,1552058956538,16388224,77
2019-03-08 22:03:52.049,5.0,sell,3777.27,BTC-26APR19-4750-C,54.42,0.0135,5.0,2,1552082632049,16399853,78
2019-03-08 22:15:09.823,3.0,sell,3819.06,BTC-26APR19-4750-C,53.37,0.014,3.0,0,1552083309823,16403408,79
2019-03-08 22:27:25.185,13.0,sell,3823.4,BTC-26APR19-4750-C,53.06,0.013999999999999999,13.0,1,1552084045185,16404105,80
2019-03-10 02:46:36.683,1.0,sell,3907.5,BTC-26APR19-4750-C,49.72,0.0135,1.0,2,1552185996683,16450981,81
2019-03-10 02:53:13.025,1.0,sell,3908.85,BTC-26APR19-4750-C,49.71,0.0135,1.0,3,1552186393025,16451017,82
2019-03-10 18:31:40.663,1.9,sell,3880.48,BTC-26APR19-4750-C,50.04,0.0125,1.9,2,1552242700663,16465596,83
2019-03-11 08:06:11.543,0.1,buy,3861.63,BTC-26APR19-4750-C,52.98,0.014,0.1,0,1552291571543,16480117,84
2019-03-11 16:27:16.989,10.0,buy,3842.82,BTC-26APR19-4750-C,52.83,0.013000000000000001,10.0,2,1552321636989,16494422,85
2019-03-12 02:21:24.180,26.3,buy,3821.46,BTC-26APR19-4750-C,53.15,0.0125,26.3,2,1552357284180,16504887,86
2019-03-12 02:32:29.236,26.5,buy,3817.57,BTC-26APR19-4750-C,53.33,0.0125,26.5,3,1552357949236,16505135,88
2019-03-12 02:32:29.236,10.0,buy,3817.57,BTC-26APR19-4750-C,53.33,0.0125,10.0,3,1552357949236,16505134,87
2019-03-13 14:17:44.390,10.0,buy,3865.71,BTC-26APR19-4750-C,51.84,0.012,10.0,2,1552486664390,16537458,89
2019-03-13 19:43:47.080,0.5,sell,3854.53,BTC-26APR19-4750-C,49.27,0.0095,0.5,2,1552506227080,16544697,90
2019-03-13 19:43:47.080,2.5,sell,3854.53,BTC-26APR19-4750-C,49.27,0.0095,2.5,3,1552506227080,16544698,91
2019-03-14 02:13:19.465,10.0,buy,3855.85,BTC-26APR19-4750-C,51.92,0.0115,10.0,0,1552529599465,16548546,92
2019-03-14 02:13:19.465,0.5,buy,3855.85,BTC-26APR19-4750-C,51.92,0.0115,0.5,1,1552529599465,16548547,93
2019-03-14 02:13:19.465,18.5,buy,3855.85,BTC-26APR19-4750-C,51.92,0.0115,18.5,1,1552529599465,16548548,94
2019-03-15 15:37:11.008,5.0,buy,3895.1,BTC-26APR19-4750-C,50.36,0.011000000000000001,5.0,2,1552664231008,16595227,95
2019-03-15 23:22:17.608,10.0,buy,3899.51,BTC-26APR19-4750-C,51.0,0.0115,10.0,0,1552692137608,16602454,96
2019-03-16 03:42:03.889,0.5,buy,3947.78,BTC-26APR19-4750-C,50.58,0.013000000000000001,0.5,0,1552707723889,16611953,97
2019-03-16 19:34:42.549,0.1,buy,3976.88,BTC-26APR19-4750-C,51.58,0.0145,0.1,0,1552764882549,16648174,98
2019-03-16 23:24:41.938,0.4,buy,3989.45,BTC-26APR19-4750-C,52.28,0.0155,0.4,0,1552778681938,16649843,99
2019-03-17 19:30:13.085,0.5,buy,3970.01,BTC-26APR19-4750-C,50.33,0.0125,0.5,2,1552851013085,16666395,100
2019-03-18 10:38:23.532,0.2,buy,3948.1,BTC-26APR19-4750-C,50.27,0.0115,0.2,2,1552905503532,16686580,101
2019-03-18 10:38:23.619,0.2,buy,3948.1,BTC-26APR19-4750-C,50.27,0.0115,0.2,3,1552905503619,16686582,102
2019-03-18 10:38:23.716,0.2,buy,3948.1,BTC-26APR19-4750-C,50.27,0.0115,0.2,3,1552905503716,16686584,103
2019-03-18 10:38:23.797,0.2,buy,3948.1,BTC-26APR19-4750-C,50.27,0.0115,0.2,3,1552905503797,16686586,104
2019-03-18 10:38:23.869,0.2,buy,3948.1,BTC-26APR19-4750-C,50.27,0.0115,0.2,3,1552905503869,16686589,105
2019-03-18 10:38:23.993,0.2,buy,3948.1,BTC-26APR19-4750-C,50.27,0.0115,0.2,3,1552905503993,16686591,106
2019-03-18 10:38:24.065,0.2,buy,3948.1,BTC-26APR19-4750-C,50.27,0.0115,0.2,3,1552905504065,16686593,107
2019-03-18 10:38:24.177,0.2,buy,3948.1,BTC-26APR19-4750-C,50.27,0.0115,0.2,3,1552905504177,16686594,108
2019-03-18 10:38:24.298,0.2,buy,3948.1,BTC-26APR19-4750-C,50.27,0.0115,0.2,3,1552905504298,16686595,109
2019-03-18 10:50:03.036,0.2,buy,3950.96,BTC-26APR19-4750-C,50.92,0.012,0.2,0,1552906203036,16686740,110
2019-03-18 10:50:03.064,0.2,buy,3950.96,BTC-26APR19-4750-C,50.92,0.012,0.2,1,1552906203064,16686742,111
2019-03-18 10:50:03.083,0.2,buy,3950.96,BTC-26APR19-4750-C,50.92,0.012,0.2,1,1552906203083,16686743,112
2019-03-18 10:50:03.101,0.2,buy,3950.96,BTC-26APR19-4750-C,50.92,0.012,0.2,1,1552906203101,16686744,113
2019-03-18 10:50:03.207,0.2,buy,3950.96,BTC-26APR19-4750-C,50.92,0.012,0.2,1,1552906203207,16686745,114
2019-03-18 19:06:46.132,5.0,buy,3960.72,BTC-26APR19-4750-C,49.93,0.0115,5.0,2,1552936006132,16692786,115
2019-03-19 02:07:19.512,0.3,buy,3975.59,BTC-26APR19-4750-C,48.67,0.011000000000000001,0.3,3,1552961239512,16696513,117
2019-03-19 02:07:19.512,0.7000000000000001,buy,3975.59,BTC-26APR19-4750-C,48.67,0.011000000000000001,0.7000000000000001,2,1552961239512,16696512,116
2019-03-20 05:57:33.674,0.4,buy,3986.18,BTC-26APR19-4750-C,47.69,0.01,0.4,2,1553061453674,16724824,118
2019-03-20 07:40:21.080,2.6,buy,3988.36,BTC-26APR19-4750-C,48.34,0.0105,2.6,0,1553067621080,16726456,119
2019-03-20 18:53:13.978,22.8,buy,4008.16,BTC-26APR19-4750-C,47.88,0.0105,22.8,1,1553107993978,16738334,120
2019-03-20 19:22:07.777,0.2,sell,4010.67,BTC-26APR19-4750-C,47.05,0.01,0.2,2,1553109727777,16738589,121
2019-03-21 00:16:58.581,1.0,sell,4036.56,BTC-26APR19-4750-C,46.57,0.0105,1.0,0,1553127418581,16745692,122
2019-03-21 14:38:01.092,6.5,buy,4000.02,BTC-26APR19-4750-C,47.53,0.0095,6.5,2,1553179081092,16758643,123
2019-03-24 13:11:56.590,16.5,buy,3969.93,BTC-26APR19-4750-C,48.99,0.0085,16.5,3,1553433116590,16800904,125
2019-03-24 13:11:56.590,0.2,buy,3969.93,BTC-26APR19-4750-C,48.99,0.0085,0.2,2,1553433116590,16800903,124
2019-03-24 14:30:26.683,0.2,buy,3970.54,BTC-26APR19-4750-C,49.06,0.0085,0.2,3,1553437826683,16801272,126
2019-03-24 14:30:26.683,0.8,buy,3970.54,BTC-26APR19-4750-C,49.06,0.0085,0.8,3,1553437826683,16801273,127
2019-03-24 16:14:13.922,0.2,buy,3968.62,BTC-26APR19-4750-C,49.13,0.0085,0.2,3,1553444053922,16801594,128
2019-03-24 16:14:13.959,0.2,sell,3968.62,BTC-26APR19-4750-C,49.13,0.0085,0.2,3,1553444053959,16801595,129
2019-03-24 16:14:13.970,0.1,sell,3968.62,BTC-26APR19-4750-C,49.13,0.0085,0.1,3,1553444053970,16801596,130
2019-03-25 00:37:48.520,0.2,sell,3963.76,BTC-26APR19-4750-C,47.9,0.0075,0.2,2,1553474268520,16806660,131
2019-03-25 00:49:00.830,0.2,buy,3964.65,BTC-26APR19-4750-C,48.78,0.008,0.2,0,1553474940830,16806826,132
2019-03-25 00:49:18.428,0.1,buy,3964.45,BTC-26APR19-4750-C,48.8,0.008,0.1,1,1553474958428,16806838,133
2019-03-25 00:49:25.831,0.1,buy,3964.45,BTC-26APR19-4750-C,48.8,0.008,0.1,1,1553474965831,16806839,134
2019-03-25 00:49:31.392,0.1,buy,3964.45,BTC-26APR19-4750-C,48.8,0.008,0.1,1,1553474971392,16806845,135
2019-03-25 00:49:34.349,0.1,buy,3963.99,BTC-26APR19-4750-C,48.82,0.008,0.1,1,1553474974349,16806846,136
2019-03-25 00:49:37.660,0.1,buy,3963.68,BTC-26APR19-4750-C,48.83,0.008,0.1,1,1553474977660,16806847,137
2019-03-25 00:49:41.517,0.1,buy,3963.68,BTC-26APR19-4750-C,48.83,0.008,0.1,1,1553474981517,16806852,138
2019-03-25 00:49:44.375,0.1,buy,3963.68,BTC-26APR19-4750-C,48.83,0.008,0.1,1,1553474984375,16806853,139
2019-03-25 00:49:47.393,0.1,buy,3964.08,BTC-26APR19-4750-C,48.81,0.008,0.1,1,1553474987393,16806854,140
2019-03-25 00:50:09.410,0.1,buy,3963.38,BTC-26APR19-4750-C,48.83,0.008,0.1,1,1553475009410,16806856,141
2019-03-25 00:50:12.062,0.1,buy,3963.38,BTC-26APR19-4750-C,48.83,0.008,0.1,1,1553475012062,16806857,142
2019-03-25 01:03:13.113,0.2,buy,3963.04,BTC-26APR19-4750-C,49.68,0.0085,0.2,0,1553475793113,16806919,143
2019-03-25 01:03:13.113,8.6,buy,3963.04,BTC-26APR19-4750-C,49.68,0.0085,8.6,1,1553475793113,16806920,144
2019-03-25 01:21:15.165,0.2,sell,3967.33,BTC-26APR19-4750-C,47.87,0.0075,0.2,2,1553476875165,16807020,145
2019-03-25 07:22:30.825,0.2,sell,3969.98,BTC-26APR19-4750-C,47.08,0.006999999999999999,0.2,2,1553498550825,16808637,147
2019-03-25 07:22:30.825,0.6,sell,3969.98,BTC-26APR19-4750-C,47.97,0.0075,0.6,3,1553498550825,16808636,146
2019-03-25 07:22:30.828,6.4,buy,3969.98,BTC-26APR19-4750-C,47.08,0.006999999999999999,6.4,3,1553498550828,16808638,148
2019-03-25 07:22:30.850,0.2,buy,3969.98,BTC-26APR19-4750-C,47.08,0.006999999999999999,0.2,3,1553498550850,16808639,149
2019-03-25 07:22:31.070,0.2,buy,3969.98,BTC-26APR19-4750-C,47.08,0.006999999999999999,0.2,3,1553498551070,16808641,150
2019-03-25 07:24:03.148,2.4,buy,3969.96,BTC-26APR19-4750-C,47.08,0.006999999999999999,2.4,3,1553498643148,16808651,151
2019-03-25 16:03:18.515,0.5,sell,3947.57,BTC-26APR19-4750-C,46.6,0.006,0.5,2,1553529798515,16814051,152
2019-03-25 16:21:56.781,0.1,buy,3954.6,BTC-26APR19-4750-C,46.16,0.006,0.1,3,1553530916781,16814562,153
2019-03-25 19:33:04.329,0.5,buy,3899.68,BTC-26APR19-4750-C,49.93,0.0065,0.5,0,1553542384329,16825769,154
2019-03-26 04:29:47.418,2.0,sell,3913.31,BTC-26APR19-4750-C,47.44,0.0055,2.0,2,1553574587418,16832613,155
2019-03-26 09:42:05.606,10.0,buy,3906.2,BTC-26APR19-4750-C,48.02,0.0055,10.0,3,1553593325606,16835140,156
2019-03-26 09:42:05.606,25.0,buy,3906.2,BTC-26APR19-4750-C,48.02,0.0055,25.0,3,1553593325606,16835141,157
2019-03-26 10:20:03.154,0.4,buy,3904.67,BTC-26APR19-4750-C,49.11,0.006,0.4,0,1553595603154,16835320,158
2019-03-26 21:56:43.630,34.1,buy,3909.6,BTC-26APR19-4750-C,48.25,0.0055,34.1,3,1553637403630,16842202,160
2019-03-26 21:56:43.630,10.0,buy,3909.6,BTC-26APR19-4750-C,48.25,0.0055,10.0,2,1553637403630,16842201,159
2019-03-27 03:14:39.420,10.0,buy,3970.9,BTC-26APR19-4750-C,47.47,0.0065,10.0,0,1553656479420,16851543,161
2019-03-27 03:14:55.608,10.0,buy,3970.74,BTC-26APR19-4750-C,48.4,0.006999999999999999,10.0,0,1553656495608,16851544,162
2019-03-27 03:14:55.608,6.5,buy,3970.74,BTC-26APR19-4750-C,48.4,0.006999999999999999,6.5,1,1553656495608,16851546,164
2019-03-27 03:14:55.608,0.5,buy,3970.74,BTC-26APR19-4750-C,48.4,0.006999999999999999,0.5,1,1553656495608,16851545,163
2019-03-27 04:59:28.224,30.0,buy,3975.31,BTC-26APR19-4750-C,48.29,0.006999999999999999,30.0,1,1553662768224,16852968,165
2019-03-27 04:59:55.324,20.0,buy,3975.74,BTC-26APR19-4750-C,50.05,0.008,20.0,0,1553662795324,16853005,166
2019-03-27 10:38:53.221,6.0,buy,4016.42,BTC-26APR19-4750-C,46.55,0.006999999999999999,6.0,3,1553683133221,16859501,168
2019-03-27 10:38:53.221,10.0,buy,4016.42,BTC-26APR19-4750-C,46.55,0.006999999999999999,10.0,2,1553683133221,16859500,167
2019-03-27 14:31:04.590,1.0,buy,4010.03,BTC-26APR19-4750-C,47.93,0.0075,1.0,0,1553697064590,16864168,169
2019-03-27 15:30:27.907,5.0,buy,4007.13,BTC-26APR19-4750-C,47.94,0.0075,5.0,1,1553700627907,16865325,170
2019-03-27 16:50:11.438,250.0,buy,4006.88,BTC-26APR19-4750-C,48.01,0.0075,250.0,1,1553705411438,16866731,171
2019-03-27 16:50:48.158,250.0,sell,4006.69,BTC-26APR19-4750-C,47.11,0.006999999999999999,250.0,2,1553705448158,16866736,172
2019-03-27 16:50:48.158,2.0,sell,4006.69,BTC-26APR19-4750-C,47.11,0.006999999999999999,2.0,3,1553705448158,16866737,173
2019-03-27 23:39:04.325,10.0,buy,4029.69,BTC-26APR19-4750-C,46.25,0.006999999999999999,10.0,3,1553729944325,16877807,176
2019-03-27 23:39:04.325,2.0,buy,4029.69,BTC-26APR19-4750-C,46.25,0.006999999999999999,2.0,3,1553729944325,16877805,174
2019-03-27 23:39:04.325,2.0,buy,4029.69,BTC-26APR19-4750-C,46.25,0.006999999999999999,2.0,3,1553729944325,16877806,175
2019-03-28 20:40:26.840,5.0,buy,4011.34,BTC-26APR19-4750-C,48.64,0.0075,5.0,0,1553805626840,16928223,177
2019-03-29 04:30:47.531,1.0,buy,4035.35,BTC-26APR19-4750-C,47.67,0.0075,1.0,1,1553833847531,16933667,178
2019-03-29 04:34:04.080,1.0,buy,4046.0,BTC-26APR19-4750-C,47.03,0.0075,1.0,1,1553834044080,16934075,179
2019-03-29 04:34:11.776,8.0,buy,4049.0,BTC-26APR19-4750-C,46.83,0.0075,8.0,1,1553834051776,16934227,180
2019-03-29 07:59:46.127,10.0,buy,4040.36,BTC-26APR19-4750-C,48.36,0.008,10.0,0,1553846386127,16940227,181
2019-03-29 07:59:48.874,10.0,buy,4040.36,BTC-26APR19-4750-C,49.21,0.0085,10.0,0,1553846388874,16940229,182
2019-03-29 08:32:28.545,10.0,buy,4031.66,BTC-26APR19-4750-C,47.03,0.006999999999999999,10.0,2,1553848348545,16941763,183
2019-03-29 09:14:38.554,0.6,sell,4052.95,BTC-26APR19-4750-C,45.99,0.006999999999999999,0.6,3,1553850878554,16942705,184
2019-03-29 09:14:38.627,1.0,sell,4052.95,BTC-26APR19-4750-C,45.99,0.006999999999999999,1.0,3,1553850878627,16942707,185
2019-03-29 09:14:38.695,0.6,sell,4052.95,BTC-26APR19-4750-C,45.99,0.006999999999999999,0.6,3,1553850878695,16942710,187
2019-03-29 09:14:38.695,0.4,sell,4052.95,BTC-26APR19-4750-C,45.99,0.006999999999999999,0.4,3,1553850878695,16942709,186
2019-03-29 09:14:38.737,1.0,sell,4052.95,BTC-26APR19-4750-C,45.99,0.006999999999999999,1.0,3,1553850878737,16942712,188
2019-03-29 09:14:38.879,1.0,sell,4052.95,BTC-26APR19-4750-C,45.99,0.006999999999999999,1.0,3,1553850878879,16942713,189
2019-03-29 09:14:39.023,1.0,sell,4053.06,BTC-26APR19-4750-C,45.05,0.0065,1.0,2,1553850879023,16942720,190
2019-03-29 09:14:39.170,1.0,sell,4053.06,BTC-26APR19-4750-C,45.05,0.0065,1.0,3,1553850879170,16942726,191
2019-03-29 09:14:39.250,1.0,sell,4053.06,BTC-26APR19-4750-C,45.05,0.0065,1.0,3,1553850879250,16942730,192
2019-03-29 09:14:39.331,1.0,sell,4053.06,BTC-26APR19-4750-C,45.05,0.0065,1.0,3,1553850879331,16942732,193
2019-03-29 09:14:39.386,1.0,sell,4053.06,BTC-26APR19-4750-C,45.05,0.0065,1.0,3,1553850879386,16942737,194
2019-03-29 09:14:39.565,1.0,sell,4053.06,BTC-26APR19-4750-C,45.05,0.0065,1.0,3,1553850879565,16942742,195
2019-03-29 09:14:39.632,1.0,sell,4053.06,BTC-26APR19-4750-C,45.05,0.0065,1.0,3,1553850879632,16942747,196
2019-03-29 09:14:39.671,1.0,sell,4053.06,BTC-26APR19-4750-C,45.05,0.0065,1.0,3,1553850879671,16942753,197
2019-03-29 09:14:39.804,1.0,sell,4053.06,BTC-26APR19-4750-C,45.98,0.006999999999999999,1.0,0,1553850879804,16942758,198
2019-03-29 09:14:39.863,1.0,sell,4053.06,BTC-26APR19-4750-C,45.98,0.006999999999999999,1.0,1,1553850879863,16942773,199
2019-03-29 09:14:39.889,1.0,sell,4053.06,BTC-26APR19-4750-C,45.98,0.006999999999999999,1.0,1,1553850879889,16942775,200
2019-03-29 09:14:39.927,1.0,sell,4053.06,BTC-26APR19-4750-C,45.98,0.006999999999999999,1.0,1,1553850879927,16942779,201
2019-03-29 09:14:39.996,1.0,sell,4053.06,BTC-26APR19-4750-C,45.98,0.006999999999999999,1.0,1,1553850879996,16942785,202
2019-03-29 09:14:45.331,0.6,buy,4055.63,BTC-26APR19-4750-C,46.75,0.0075,0.6,0,1553850885331,16942860,203
2019-03-29 09:14:45.493,1.0,buy,4055.63,BTC-26APR19-4750-C,46.75,0.0075,1.0,1,1553850885493,16942867,204
2019-03-29 09:14:45.837,1.0,buy,4055.63,BTC-26APR19-4750-C,46.75,0.0075,1.0,1,1553850885837,16942875,205
2019-03-29 09:14:46.006,1.0,buy,4055.63,BTC-26APR19-4750-C,46.75,0.0075,1.0,1,1553850886006,16942878,206
2019-03-29 09:14:46.029,1.0,buy,4055.63,BTC-26APR19-4750-C,46.75,0.0075,1.0,1,1553850886029,16942885,207
2019-03-29 09:14:46.171,1.0,buy,4055.63,BTC-26APR19-4750-C,46.75,0.0075,1.0,1,1553850886171,16942890,208
2019-03-29 09:14:46.291,1.0,buy,4055.63,BTC-26APR19-4750-C,46.75,0.0075,1.0,1,1553850886291,16942898,209
2019-03-29 09:14:46.458,1.0,buy,4055.63,BTC-26APR19-4750-C,46.75,0.0075,1.0,1,1553850886458,16942907,210
2019-03-29 09:14:46.583,1.0,buy,4055.63,BTC-26APR19-4750-C,46.75,0.0075,1.0,1,1553850886583,16942912,211
2019-03-29 09:14:47.441,1.0,buy,4055.63,BTC-26APR19-4750-C,46.75,0.0075,1.0,1,1553850887441,16942932,212
2019-03-29 09:14:47.879,0.6,buy,4055.63,BTC-26APR19-4750-C,46.75,0.0075,0.6,1,1553850887879,16942938,214
2019-03-29 09:14:47.879,0.4,buy,4055.63,BTC-26APR19-4750-C,46.75,0.0075,0.4,1,1553850887879,16942937,213
2019-03-29 09:14:48.728,1.0,buy,4056.77,BTC-26APR19-4750-C,46.69,0.0075,1.0,1,1553850888728,16942950,215
2019-03-29 09:14:49.115,1.0,buy,4056.83,BTC-26APR19-4750-C,47.56,0.008,1.0,0,1553850889115,16942956,216
2019-03-29 09:14:49.421,1.0,buy,4056.83,BTC-26APR19-4750-C,47.56,0.008,1.0,1,1553850889421,16942961,217
2019-03-29 09:14:49.610,1.0,buy,4056.83,BTC-26APR19-4750-C,47.56,0.008,1.0,1,1553850889610,16942965,218
2019-03-29 09:15:45.321,1.0,buy,4073.11,BTC-26APR19-4750-C,46.73,0.008,1.0,1,1553850945321,16943654,219
2019-03-29 09:15:45.480,1.0,buy,4073.11,BTC-26APR19-4750-C,46.73,0.008,1.0,1,1553850945480,16943665,220
2019-03-29 10:34:38.735,0.4,buy,4094.88,BTC-26APR19-4750-C,45.66,0.008,0.4,1,1553855678735,16951318,221
2019-03-29 10:34:39.806,0.1,buy,4094.94,BTC-26APR19-4750-C,45.65,0.008,0.1,1,1553855679806,16951362,222
2019-03-29 10:34:39.806,0.3,buy,4094.94,BTC-26APR19-4750-C,45.65,0.008,0.3,1,1553855679806,16951363,223
2019-03-29 10:34:41.000,0.4,buy,4094.97,BTC-26APR19-4750-C,45.65,0.008,0.4,1,1553855681000,16951453,224
2019-03-29 10:34:42.237,0.4,buy,4095.04,BTC-26APR19-4750-C,45.65,0.008,0.4,1,1553855682237,16951552,225
2019-03-29 10:34:43.356,0.4,buy,4095.04,BTC-26APR19-4750-C,45.65,0.008,0.4,1,1553855683356,16951642,226
2019-03-29 10:34:44.479,0.4,buy,4095.34,BTC-26APR19-4750-C,45.63,0.008,0.4,1,1553855684479,16951716,227
2019-03-29 10:34:45.602,0.4,buy,4095.34,BTC-26APR19-4750-C,45.63,0.008,0.4,1,1553855685602,16951806,228
2019-03-29 10:34:46.745,0.4,buy,4095.34,BTC-26APR19-4750-C,45.63,0.008,0.4,1,1553855686745,16951891,229
2019-03-29 10:34:47.917,0.4,buy,4095.54,BTC-26APR19-4750-C,45.62,0.008,0.4,1,1553855687917,16951978,230
2019-03-29 10:34:49.066,0.4,buy,4095.68,BTC-26APR19-4750-C,45.61,0.008,0.4,1,1553855689066,16952067,231
2019-03-29 13:18:12.877,1.0,buy,4082.58,BTC-26APR19-4750-C,46.38,0.008,1.0,1,1553865492877,16958061,232
2019-03-29 13:21:12.587,1.0,sell,4081.99,BTC-26APR19-4750-C,46.41,0.008,1.0,1,1553865672587,16958069,233
2019-03-29 13:22:24.025,1.0,buy,4079.95,BTC-26APR19-4750-C,47.36,0.0085,1.0,0,1553865744025,16958073,234
2019-03-29 16:24:27.019,2.0,sell,4077.4,BTC-26APR19-4750-C,45.0,0.006999999999999999,2.0,2,1553876667019,16959952,235
2019-03-29 17:51:32.207,0.1,sell,4082.57,BTC-26APR19-4750-C,44.79,0.006999999999999999,0.1,3,1553881892207,16960421,236
2019-03-29 23:05:59.375,0.3,sell,4080.1,BTC-26APR19-4750-C,45.09,0.006999999999999999,0.3,3,1553900759375,16962662,237
2019-03-30 00:46:09.220,1.0,buy,4120.66,BTC-26APR19-4750-C,44.81,0.008,1.0,0,1553906769220,16965213,238
2019-03-30 00:46:31.661,9.0,buy,4123.66,BTC-26APR19-4750-C,44.65,0.008,9.0,1,1553906791661,16965331,239
2019-03-30 03:31:57.040,24.0,sell,4092.18,BTC-26APR19-4750-C,43.71,0.0065,24.0,2,1553916717040,16968608,240
2019-03-30 03:31:57.040,2.0,sell,4092.18,BTC-26APR19-4750-C,43.71,0.0065,2.0,3,1553916717040,16968609,241
2019-03-30 03:32:22.523,24.0,sell,4091.49,BTC-26APR19-4750-C,42.8,0.006,24.0,2,1553916742523,16968617,243
2019-03-30 03:32:22.523,1.0,sell,4091.49,BTC-26APR19-4750-C,43.75,0.0065,1.0,3,1553916742523,16968616,242
2019-03-30 03:32:30.323,24.0,sell,4091.51,BTC-26APR19-4750-C,42.8,0.006,24.0,2,1553916750323,16968621,245
2019-03-30 03:32:30.323,1.0,sell,4091.51,BTC-26APR19-4750-C,43.75,0.0065,1.0,0,1553916750323,16968620,244
2019-03-30 03:32:36.798,1.0,sell,4091.49,BTC-26APR19-4750-C,42.8,0.006,1.0,3,1553916756798,16968623,246
2019-03-30 04:35:50.056,0.4,buy,4072.54,BTC-26APR19-4750-C,46.57,0.0075,0.4,0,1553920550056,16974215,247
2019-03-30 04:35:51.107,0.4,buy,4072.54,BTC-26APR19-4750-C,46.57,0.0075,0.4,1,1553920551107,16974217,248
2019-03-30 04:35:52.242,0.4,buy,4072.51,BTC-26APR19-4750-C,46.57,0.0075,0.4,1,1553920552242,16974218,249
2019-03-30 04:35:53.398,0.4,buy,4072.51,BTC-26APR19-4750-C,46.57,0.0075,0.4,1,1553920553398,16974219,250
2019-03-30 04:35:54.503,0.4,buy,4072.51,BTC-26APR19-4750-C,46.57,0.0075,0.4,1,1553920554503,16974220,251
2019-03-30 04:35:55.617,0.4,buy,4072.51,BTC-26APR19-4750-C,46.57,0.0075,0.4,1,1553920555617,16974221,252
2019-03-30 04:35:56.675,0.4,buy,4072.51,BTC-26APR19-4750-C,46.57,0.0075,0.4,1,1553920556675,16974222,253
2019-03-30 04:35:57.877,0.4,buy,4072.47,BTC-26APR19-4750-C,46.57,0.0075,0.4,1,1553920557877,16974225,254
2019-03-30 04:35:59.023,0.4,buy,4072.47,BTC-26APR19-4750-C,46.57,0.0075,0.4,1,1553920559023,16974244,255
2019-03-30 05:12:59.739,0.4,buy,4080.02,BTC-26APR19-4750-C,46.2,0.0075,0.4,1,1553922779739,16974745,256
2019-03-30 05:13:03.237,0.4,buy,4080.13,BTC-26APR19-4750-C,46.2,0.0075,0.4,1,1553922783237,16974746,257
2019-03-30 05:19:24.145,0.4,buy,4082.4,BTC-26APR19-4750-C,46.09,0.0075,0.4,1,1553923164145,16974881,258
2019-03-30 05:19:27.637,0.4,buy,4082.44,BTC-26APR19-4750-C,46.08,0.0075,0.4,1,1553923167637,16974884,259
2019-03-30 05:27:35.778,0.4,buy,4083.08,BTC-26APR19-4750-C,46.06,0.0075,0.4,1,1553923655778,16974903,260
2019-03-30 05:27:39.050,0.4,buy,4083.08,BTC-26APR19-4750-C,46.06,0.0075,0.4,1,1553923659050,16974904,261
2019-03-30 06:01:59.880,0.4,buy,4093.57,BTC-26APR19-4750-C,45.53,0.0075,0.4,1,1553925719880,16975624,262
2019-03-30 07:57:31.142,1.0,buy,4088.79,BTC-26APR19-4750-C,44.03,0.0065,1.0,2,1553932651142,16976857,263
2019-03-30 08:05:10.404,1.0,buy,4084.99,BTC-26APR19-4750-C,44.23,0.0065,1.0,3,1553933110404,16976933,264
2019-03-30 08:05:10.584,1.0,buy,4084.99,BTC-26APR19-4750-C,44.23,0.0065,1.0,3,1553933110584,16976934,265
2019-03-30 09:37:09.214,0.1,buy,4082.29,BTC-26APR19-4750-C,44.42,0.0065,0.1,3,1553938629214,16977541,266
2019-03-30 09:37:21.528,1.0,buy,4082.29,BTC-26APR19-4750-C,45.34,0.006999999999999999,1.0,0,1553938641528,16977543,267
2019-03-30 11:53:57.146,1.0,buy,4081.41,BTC-26APR19-4750-C,45.47,0.006999999999999999,1.0,1,1553946837146,16978665,268
2019-03-30 23:04:59.605,0.4,buy,4085.4,BTC-26APR19-4750-C,45.66,0.006999999999999999,0.4,1,1553987099605,16983891,269
2019-03-30 23:05:01.074,0.4,buy,4085.4,BTC-26APR19-4750-C,45.66,0.006999999999999999,0.4,1,1553987101074,16983892,270
2019-03-30 23:05:02.187,0.4,buy,4085.4,BTC-26APR19-4750-C,45.66,0.006999999999999999,0.4,1,1553987102187,16983893,271
2019-03-30 23:05:02.793,0.4,buy,4085.4,BTC-26APR19-4750-C,45.66,0.006999999999999999,0.4,1,1553987102793,16983894,272
2019-03-30 23:05:03.928,0.4,buy,4085.38,BTC-26APR19-4750-C,45.66,0.006999999999999999,0.4,1,1553987103928,16983895,273
2019-03-30 23:05:05.132,0.4,buy,4085.38,BTC-26APR19-4750-C,45.66,0.006999999999999999,0.4,1,1553987105132,16983896,274
2019-03-30 23:05:06.287,0.4,buy,4085.38,BTC-26APR19-4750-C,45.66,0.006999999999999999,0.4,1,1553987106287,16983897,275
2019-03-30 23:15:14.452,1.0,buy,4090.23,BTC-26APR19-4750-C,45.42,0.006999999999999999,1.0,1,1553987714452,16983959,276
2019-03-31 10:50:47.886,2.5,buy,4092.69,BTC-26APR19-4750-C,45.71,0.006999999999999999,2.5,1,1554029447886,16987898,277
2019-03-31 11:14:26.433,2.0,buy,4091.83,BTC-26APR19-4750-C,45.77,0.006999999999999999,2.0,1,1554030866433,16988024,279
2019-03-31 11:14:26.433,7.5,buy,4091.83,BTC-26APR19-4750-C,45.77,0.006999999999999999,7.5,1,1554030866433,16988023,278
2019-03-31 11:14:26.433,0.5,buy,4091.83,BTC-26APR19-4750-C,45.77,0.006999999999999999,0.5,1,1554030866433,16988025,280
2019-03-31 11:16:26.362,0.1,buy,4091.18,BTC-26APR19-4750-C,45.81,0.006999999999999999,0.1,1,1554030986362,16988037,281
2019-03-31 11:17:13.762,1.0,buy,4091.18,BTC-26APR19-4750-C,45.81,0.006999999999999999,1.0,1,1554031033762,16988047,282
2019-03-31 11:17:25.765,0.4,buy,4091.37,BTC-26APR19-4750-C,45.8,0.006999999999999999,0.4,1,1554031045765,16988048,283
2019-03-31 11:17:33.109,1.3,buy,4091.37,BTC-26APR19-4750-C,45.8,0.006999999999999999,1.3,1,1554031053109,16988049,284
2019-03-31 15:31:35.169,0.4,buy,4093.64,BTC-26APR19-4750-C,44.89,0.0065,0.4,2,1554046295169,16989680,285
2019-03-31 15:31:36.166,0.4,buy,4093.65,BTC-26APR19-4750-C,44.89,0.0065,0.4,3,1554046296166,16989681,286
2019-03-31 15:57:52.249,1.0,sell,4086.09,BTC-26APR19-4750-C,45.3,0.0065,1.0,3,1554047872249,16989944,287
2019-04-01 01:07:17.908,1.0,buy,4133.83,BTC-26APR19-4750-C,44.97,0.0075,1.0,0,1554080837908,16997568,288
2019-04-01 01:07:18.035,1.0,buy,4133.83,BTC-26APR19-4750-C,44.97,0.0075,1.0,1,1554080838035,16997570,289
2019-04-01 01:07:37.912,1.0,buy,4132.39,BTC-26APR19-4750-C,45.05,0.0075,1.0,1,1554080857912,16997745,290
2019-04-01 01:23:20.223,0.4,sell,4120.05,BTC-26APR19-4750-C,42.91,0.006,0.4,2,1554081800223,16998448,291
2019-04-01 01:31:05.676,1.0,sell,4122.06,BTC-26APR19-4750-C,43.78,0.0065,1.0,0,1554082265676,16998619,292
2019-04-01 01:31:05.720,1.0,sell,4122.06,BTC-26APR19-4750-C,43.78,0.0065,1.0,1,1554082265720,16998621,293
2019-04-01 03:40:23.811,1.0,buy,4125.26,BTC-26APR19-4750-C,46.41,0.008,1.0,0,1554090023811,16999705,294
2019-04-01 04:22:54.000,1.0,buy,4125.06,BTC-26APR19-4750-C,44.66,0.006999999999999999,1.0,2,1554092574000,17000436,295
2019-04-01 15:27:44.062,10.0,buy,4137.15,BTC-26APR19-4750-C,46.21,0.008,10.0,0,1554132464062,17008055,296
2019-04-01 15:45:38.037,20.0,sell,4134.67,BTC-26APR19-4750-C,46.36,0.008,20.0,1,1554133538037,17008136,297
2019-04-01 18:16:58.647,0.2,sell,4130.71,BTC-26APR19-4750-C,43.93,0.0065,0.2,2,1554142618647,17009682,298
2019-04-01 18:17:46.198,0.4,sell,4129.68,BTC-26APR19-4750-C,43.99,0.0065,0.4,3,1554142666198,17009690,299
2019-04-01 19:10:58.274,0.2,buy,4131.37,BTC-26APR19-4750-C,45.79,0.0075,0.2,0,1554145858274,17010192,300
2019-04-01 19:16:24.277,5.0,sell,4132.16,BTC-26APR19-4750-C,43.89,0.0065,5.0,2,1554146184277,17010206,301
2019-04-01 22:59:19.706,0.5,sell,4135.65,BTC-26APR19-4750-C,44.79,0.006999999999999999,0.5,1,1554159559706,17011762,303
2019-04-01 22:59:19.706,2.0,sell,4135.65,BTC-26APR19-4750-C,44.79,0.006999999999999999,2.0,0,1554159559706,17011761,302
2019-04-02 02:52:55.951,0.5,sell,4177.0,BTC-26APR19-4750-C,43.59,0.0075,0.5,0,1554173575951,17017030,304
2019-04-02 04:30:28.075,1.0,buy,4186.88,BTC-26APR19-4750-C,44.81,0.0085,1.0,0,1554179428075,17018804,305
2019-04-02 04:31:48.620,1.0,buy,4190.8,BTC-26APR19-4750-C,44.59,0.0085,1.0,1,1554179508620,17018888,307
2019-04-02 04:31:48.620,9.0,buy,4190.8,BTC-26APR19-4750-C,44.59,0.0085,9.0,1,1554179508620,17018887,306
2019-04-02 04:33:08.274,0.4,sell,4252.46,BTC-26APR19-4750-C,42.66,0.0095,0.4,0,1554179588274,17021487,308
2019-04-02 04:33:08.303,1.0,sell,4252.46,BTC-26APR19-4750-C,42.66,0.0095,1.0,1,1554179588303,17021488,309
2019-04-02 04:33:08.481,1.0,sell,4252.46,BTC-26APR19-4750-C,41.1,0.0085,1.0,2,1554179588481,17021493,310
2019-04-02 04:33:20.771,1.0,sell,4259.62,BTC-26APR19-4750-C,42.25,0.0095,1.0,0,1554179600771,17021875,311
2019-04-02 04:33:20.886,1.0,sell,4259.62,BTC-26APR19-4750-C,42.25,0.0095,1.0,1,1554179600886,17021878,312
2019-04-02 04:33:57.681,0.4,buy,4315.46,BTC-26APR19-4750-C,50.25,0.018000000000000002,0.4,0,1554179637681,17023517,313
2019-04-02 04:36:17.943,0.4,buy,4383.61,BTC-26APR19-4750-C,46.32,0.0185,0.4,0,1554179777943,17026059,314
2019-04-02 04:36:54.980,1.0,buy,4387.46,BTC-26APR19-4750-C,31.06,0.006999999999999999,1.0,2,1554179814980,17026589,315
2019-04-02 04:36:55.015,1.0,sell,4387.46,BTC-26APR19-4750-C,39.35,0.013,1.0,0,1554179815015,17026591,316
2019-04-02 04:36:55.058,1.0,sell,4387.46,BTC-26APR19-4750-C,39.35,0.013,1.0,1,1554179815058,17026595,317
2019-04-02 04:36:57.466,1.0,buy,4387.39,BTC-26APR19-4750-C,25.02,0.0035,1.0,2,1554179817466,17026634,318
2019-04-02 04:36:57.481,0.3,sell,4387.39,BTC-26APR19-4750-C,39.36,0.013,0.3,0,1554179817481,17026635,319
2019-04-02 04:36:57.505,1.0,sell,4387.39,BTC-26APR19-4750-C,39.36,0.013,1.0,1,1554179817505,17026637,320
2019-04-02 04:36:57.608,1.0,sell,4387.39,BTC-26APR19-4750-C,39.36,0.013,1.0,1,1554179817608,17026641,321
2019-04-02 04:36:59.593,1.0,buy,4387.64,BTC-26APR19-4750-C,32.55,0.008,1.0,2,1554179819593,17026680,322
2019-04-02 04:36:59.885,1.0,buy,4387.64,BTC-26APR19-4750-C,31.81,0.0075,1.0,2,1554179819885,17026684,323
2019-04-02 04:37:00.035,1.0,buy,4387.64,BTC-26APR19-4750-C,31.05,0.006999999999999999,1.0,2,1554179820035,17026689,324
2019-04-02 04:37:00.524,1.0,buy,4390.14,BTC-26APR19-4750-C,37.24,0.0115,1.0,0,1554179820524,17026706,325
2019-04-02 04:37:00.888,1.0,buy,4390.14,BTC-26APR19-4750-C,41.07,0.0145,1.0,0,1554179820888,17026715,326
2019-04-02 04:37:02.791,1.0,sell,4390.6,BTC-26APR19-4750-C,47.6,0.02,1.0,0,1554179822791,17026734,327
2019-04-02 04:37:02.861,0.4,buy,4390.6,BTC-26APR19-4750-C,48.75,0.021,0.4,0,1554179822861,17026736,328
2019-04-02 04:37:02.870,1.0,buy,4390.6,BTC-26APR19-4750-C,48.75,0.021,1.0,1,1554179822870,17026737,329
2019-04-02 04:37:03.638,1.0,sell,4393.45,BTC-26APR19-4750-C,47.98,0.0205,1.0,2,1554179823638,17026746,330
2019-04-02 04:37:03.964,1.0,sell,4393.45,BTC-26APR19-4750-C,47.4,0.02,1.0,2,1554179823964,17026748,331
2019-04-02 04:37:04.457,1.0,sell,4393.45,BTC-26APR19-4750-C,49.12,0.0215,1.0,0,1554179824457,17026749,332
2019-04-02 04:37:04.728,1.0,sell,4393.45,BTC-26APR19-4750-C,47.4,0.02,1.0,2,1554179824728,17026759,333
2019-04-02 04:37:04.805,1.0,sell,4393.45,BTC-26APR19-4750-C,46.82,0.0195,1.0,2,1554179824805,17026765,334
2019-04-02 04:37:05.568,1.0,buy,4393.45,BTC-26APR19-4750-C,42.69,0.016,1.0,2,1554179825568,17026796,335
2019-04-02 04:37:07.023,1.0,sell,4393.79,BTC-26APR19-4750-C,47.38,0.02,1.0,0,1554179827023,17026859,336
2019-04-02 04:37:15.368,1.0,buy,4397.4,BTC-26APR19-4750-C,48.28,0.021,1.0,0,1554179835368,17026992,337
2019-04-02 04:37:15.421,1.0,buy,4397.4,BTC-26APR19-4750-C,48.28,0.021,1.0,1,1554179835421,17026998,338
2019-04-02 04:37:15.562,1.0,buy,4397.4,BTC-26APR19-4750-C,48.28,0.021,1.0,1,1554179835562,17027005,339
2019-04-02 04:37:15.703,1.0,sell,4397.4,BTC-26APR19-4750-C,47.7,0.0205,1.0,2,1554179835703,17027010,340
2019-04-02 04:37:17.088,1.0,sell,4397.44,BTC-26APR19-4750-C,61.93,0.0335,1.0,0,1554179837088,17027047,341
2019-04-02 04:37:17.202,1.0,sell,4397.44,BTC-26APR19-4750-C,60.87,0.0325,1.0,2,1554179837202,17027051,342
2019-04-02 04:37:17.339,1.0,sell,4397.44,BTC-26APR19-4750-C,59.81,0.0315,1.0,2,1554179837339,17027056,343
2019-04-02 04:37:17.565,1.0,sell,4397.44,BTC-26APR19-4750-C,56.58,0.0285,1.0,2,1554179837565,17027060,344
2019-04-02 04:37:18.145,1.0,sell,4397.44,BTC-26APR19-4750-C,52.2,0.0245,1.0,2,1554179838145,17027076,345
2019-04-02 04:37:18.298,1.0,sell,4397.44,BTC-26APR19-4750-C,51.65,0.024,1.0,2,1554179838298,17027083,346
2019-04-02 04:37:18.433,1.0,sell,4397.44,BTC-26APR19-4750-C,50.53,0.023,1.0,2,1554179838433,17027088,347
2019-04-02 04:37:19.544,1.0,buy,4399.16,BTC-26APR19-4750-C,41.71,0.0155,1.0,2,1554179839544,17027112,348
2019-04-02 04:37:19.670,1.0,sell,4399.16,BTC-26APR19-4750-C,37.33,0.012,1.0,2,1554179839670,17027117,349
2019-04-02 04:37:19.913,1.0,sell,4399.16,BTC-26APR19-4750-C,36.68,0.0115,1.0,2,1554179839913,17027123,350
2019-04-02 04:37:25.200,1.0,buy,4401.99,BTC-26APR19-4750-C,25.24,0.004,1.0,2,1554179845200,17027186,351
2019-04-02 04:37:25.224,1.0,sell,4401.99,BTC-26APR19-4750-C,36.5,0.0115,1.0,0,1554179845224,17027188,352
2019-04-02 04:37:25.314,1.0,sell,4401.99,BTC-26APR19-4750-C,36.5,0.0115,1.0,1,1554179845314,17027192,353
2019-04-02 04:37:25.435,1.0,sell,4401.99,BTC-26APR19-4750-C,36.5,0.0115,1.0,1,1554179845435,17027196,354
2019-04-02 04:37:25.606,1.0,sell,4401.99,BTC-26APR19-4750-C,36.5,0.0115,1.0,1,1554179845606,17027203,355
2019-04-02 04:37:26.906,1.0,sell,4402.38,BTC-26APR19-4750-C,36.48,0.0115,1.0,1,1554179846906,17027252,356
2019-04-02 04:37:27.126,1.0,sell,4404.88,BTC-26APR19-4750-C,36.32,0.0115,1.0,1,1554179847126,17027258,357
2019-04-02 04:37:35.993,1.0,sell,4406.81,BTC-26APR19-4750-C,36.85,0.012,1.0,0,1554179855993,17027418,358
2019-04-02 04:38:00.442,1.0,buy,4417.96,BTC-26APR19-4750-C,44.57,0.019,1.0,0,1554179880442,17027880,359
2019-04-02 04:38:05.373,0.3,buy,4420.31,BTC-26APR19-4750-C,47.81,0.022000000000000002,0.3,0,1554179885373,17027990,360
2019-04-02 04:38:08.591,1.0,buy,4421.72,BTC-26APR19-4750-C,44.88,0.0195,1.0,2,1554179888591,17028029,361
2019-04-02 04:38:09.027,1.0,sell,4421.72,BTC-26APR19-4750-C,50.47,0.0245,1.0,0,1554179889027,17028047,362
2019-04-02 04:38:09.656,1.0,sell,4421.15,BTC-26APR19-4750-C,51.61,0.0255,1.0,0,1554179889656,17028055,363
2019-04-02 04:38:10.375,1.0,buy,4421.56,BTC-26APR19-4750-C,46.6,0.021,1.0,2,1554179890375,17028066,364
2019-04-02 04:38:10.640,1.0,buy,4421.56,BTC-26APR19-4750-C,46.6,0.021,1.0,3,1554179890640,17028070,365
2019-04-02 04:38:10.939,1.0,buy,4421.56,BTC-26APR19-4750-C,41.41,0.0165,1.0,2,1554179890939,17028073,366
2019-04-02 04:38:11.199,1.0,buy,4421.57,BTC-26APR19-4750-C,40.82,0.016,1.0,2,1554179891199,17028078,367
2019-04-02 04:38:11.381,1.0,buy,4421.57,BTC-26APR19-4750-C,44.89,0.0195,1.0,0,1554179891381,17028085,368
2019-04-02 04:38:13.935,1.0,buy,4423.01,BTC-26APR19-4750-C,42.49,0.0175,1.0,2,1554179893935,17028123,369
2019-04-02 04:38:14.065,1.0,buy,4423.01,BTC-26APR19-4750-C,43.65,0.0185,1.0,0,1554179894065,17028128,370
2019-04-02 04:38:14.103,1.0,sell,4423.01,BTC-26APR19-4750-C,43.65,0.0185,1.0,1,1554179894103,17028130,371
2019-04-02 04:38:14.215,1.0,buy,4423.01,BTC-26APR19-4750-C,43.07,0.018000000000000002,1.0,2,1554179894215,17028134,372
2019-04-02 04:50:27.672,1.0,buy,4575.15,BTC-26APR19-4750-C,38.53,0.024,1.0,0,1554180627672,17036268,373
2019-04-02 05:01:45.279,1.0,buy,4695.25,BTC-26APR19-4750-C,44.22,0.04,1.0,0,1554181305279,17045923,374
2019-04-02 05:03:21.676,0.2,buy,4707.81,BTC-26APR19-4750-C,44.52,0.0415,0.2,0,1554181401676,17046909,376
2019-04-02 05:03:21.676,1.0,buy,4707.81,BTC-26APR19-4750-C,44.03,0.040999999999999995,1.0,0,1554181401676,17046908,375
2019-04-02 05:03:21.676,0.4,buy,4707.81,BTC-26APR19-4750-C,46.47,0.0435,0.4,0,1554181401676,17046910,377
2019-04-02 05:03:21.714,0.1,sell,4707.81,BTC-26APR19-4750-C,48.42,0.0455,0.1,0,1554181401714,17046911,378
2019-04-02 05:03:21.981,5.5,sell,4707.81,BTC-26APR19-4750-C,48.42,0.0455,5.5,1,1554181401981,17046913,379
2019-04-02 05:06:23.875,7.2,sell,4717.61,BTC-26APR19-4750-C,47.02,0.045,7.2,2,1554181583875,17048657,380
2019-04-02 05:09:40.138,7.2,sell,4708.05,BTC-26APR19-4750-C,47.92,0.045,7.2,3,1554181780138,17050077,381
2019-04-02 05:10:46.749,1.0,buy,4713.97,BTC-26APR19-4750-C,49.8,0.0475,1.0,0,1554181846749,17050592,382
2019-04-02 05:14:38.351,1.0,sell,4724.24,BTC-26APR19-4750-C,68.35,0.0675,1.0,0,1554182078351,17051576,383
2019-04-02 05:14:38.604,1.0,buy,4724.24,BTC-26APR19-4750-C,53.71,0.0525,1.0,2,1554182078604,17051582,384
2019-04-02 05:15:06.789,1.0,sell,4723.93,BTC-26APR19-4750-C,43.01,0.0415,1.0,2,1554182106789,17051995,385
2019-04-02 05:15:10.823,0.3,sell,4724.04,BTC-26APR19-4750-C,43.98,0.0425,0.3,0,1554182110823,17052063,386
2019-04-02 05:15:33.878,1.0,buy,4733.83,BTC-26APR19-4750-C,57.19,0.057,1.0,0,1554182133878,17052207,387
2019-04-02 05:15:34.118,1.0,sell,4733.32,BTC-26APR19-4750-C,42.6,0.042,1.0,2,1554182134118,17052208,388
2019-04-02 05:15:34.181,0.3,sell,4733.32,BTC-26APR19-4750-C,42.6,0.042,0.3,3,1554182134181,17052209,389
2019-04-02 05:15:34.498,1.0,sell,4733.32,BTC-26APR19-4750-C,42.6,0.042,1.0,3,1554182134498,17052210,390
2019-04-02 05:15:34.870,1.0,sell,4733.32,BTC-26APR19-4750-C,44.07,0.0435,1.0,0,1554182134870,17052211,391
2019-04-02 05:15:35.002,1.0,buy,4733.32,BTC-26APR19-4750-C,44.55,0.044000000000000004,1.0,0,1554182135002,17052213,392
2019-04-02 05:15:36.053,1.0,buy,4734.78,BTC-26APR19-4750-C,56.61,0.0565,1.0,0,1554182136053,17052216,393
2019-04-02 05:15:36.151,1.0,buy,4734.78,BTC-26APR19-4750-C,56.61,0.0565,1.0,1,1554182136151,17052219,394
2019-04-02 05:15:36.335,1.0,sell,4734.78,BTC-26APR19-4750-C,43.92,0.0435,1.0,2,1554182136335,17052222,395
2019-04-02 05:15:37.876,1.0,buy,4734.78,BTC-26APR19-4750-C,56.61,0.0565,1.0,0,1554182137876,17052229,396
2019-04-02 05:15:37.919,1.0,buy,4734.78,BTC-26APR19-4750-C,56.61,0.0565,1.0,1,1554182137919,17052231,397
2019-04-02 05:15:37.972,1.0,buy,4734.78,BTC-26APR19-4750-C,56.61,0.0565,1.0,1,1554182137972,17052233,398
2019-04-02 05:15:38.079,1.0,buy,4735.28,BTC-26APR19-4750-C,42.41,0.042,1.0,2,1554182138079,17052234,399
2019-04-02 05:15:38.580,1.0,buy,4735.28,BTC-26APR19-4750-C,44.36,0.044000000000000004,1.0,0,1554182138580,17052236,400
2019-04-02 05:15:38.686,1.0,sell,4735.28,BTC-26APR19-4750-C,58.03,0.057999999999999996,1.0,0,1554182138686,17052239,401
2019-04-02 05:15:38.934,1.0,buy,4735.28,BTC-26APR19-4750-C,42.41,0.042,1.0,2,1554182138934,17052243,402
2019-04-02 05:15:39.129,1.0,sell,4735.21,BTC-26APR19-4750-C,61.46,0.0615,1.0,0,1554182139129,17052247,403
2019-04-02 05:15:41.637,1.0,sell,4735.21,BTC-26APR19-4750-C,46.81,0.0465,1.0,2,1554182141637,17052288,404
2019-04-02 05:15:42.024,1.0,sell,4735.21,BTC-26APR19-4750-C,46.81,0.0465,1.0,3,1554182142024,17052301,405
2019-04-02 05:15:44.149,1.0,sell,4734.94,BTC-26APR19-4750-C,61.97,0.062,1.0,0,1554182144149,17052316,406
2019-04-02 05:15:44.217,1.0,buy,4734.94,BTC-26APR19-4750-C,56.6,0.0565,1.0,2,1554182144217,17052319,407
2019-04-02 05:15:44.570,0.3,sell,4734.94,BTC-26APR19-4750-C,41.96,0.0415,0.3,2,1554182144570,17052322,408
2019-04-02 05:15:44.773,1.0,buy,4734.94,BTC-26APR19-4750-C,56.6,0.0565,1.0,0,1554182144773,17052324,409
2019-04-02 05:15:45.207,1.0,buy,4734.94,BTC-26APR19-4750-C,44.4,0.044000000000000004,1.0,2,1554182145207,17052330,410
2019-04-02 05:15:45.518,1.0,sell,4734.94,BTC-26APR19-4750-C,58.06,0.057999999999999996,1.0,0,1554182145518,17052333,411
2019-04-02 05:15:45.642,1.0,sell,4734.94,BTC-26APR19-4750-C,44.4,0.044000000000000004,1.0,2,1554182145642,17052335,412
2019-04-02 05:15:49.751,0.3,sell,4734.94,BTC-26APR19-4750-C,45.86,0.0455,0.3,0,1554182149751,17052359,413
2019-04-02 05:15:57.560,0.3,sell,4733.98,BTC-26APR19-4750-C,44.0,0.0435,0.3,2,1554182157560,17052410,414
2019-04-02 05:15:57.618,1.0,buy,4733.98,BTC-26APR19-4750-C,57.18,0.057,1.0,0,1554182157618,17052411,415
2019-04-02 05:15:58.030,1.0,sell,4733.98,BTC-26APR19-4750-C,44.0,0.0435,1.0,2,1554182158030,17052422,416
2019-04-02 05:16:13.466,0.3,sell,4743.11,BTC-26APR19-4750-C,45.56,0.046,0.3,0,1554182173466,17052635,417
2019-04-02 05:16:27.527,1.0,sell,4755.79,BTC-26APR19-4750-C,44.8,0.0465,1.0,0,1554182187527,17052865,418
2019-04-02 05:16:27.734,0.3,sell,4755.79,BTC-26APR19-4750-C,44.8,0.0465,0.3,1,1554182187734,17052869,419
2019-04-02 05:16:27.841,1.0,buy,4755.79,BTC-26APR19-4750-C,57.03,0.059000000000000004,1.0,0,1554182187841,17052874,420
2019-04-02 05:16:28.376,1.0,buy,4756.98,BTC-26APR19-4750-C,56.91,0.059000000000000004,1.0,1,1554182188376,17052881,421
2019-04-02 05:16:28.480,1.0,buy,4756.98,BTC-26APR19-4750-C,56.91,0.059000000000000004,1.0,1,1554182188480,17052886,422
2019-04-02 05:16:28.581,1.0,buy,4756.98,BTC-26APR19-4750-C,56.91,0.059000000000000004,1.0,1,1554182188581,17052893,423
2019-04-02 05:16:28.689,1.0,buy,4756.98,BTC-26APR19-4750-C,56.91,0.059000000000000004,1.0,1,1554182188689,17052895,424
2019-04-02 05:16:30.475,1.0,sell,4759.27,BTC-26APR19-4750-C,44.46,0.0465,1.0,2,1554182190475,17052962,425
2019-04-02 05:16:32.003,1.0,sell,4759.34,BTC-26APR19-4750-C,44.45,0.0465,1.0,3,1554182192003,17052970,426
2019-04-02 05:16:34.481,0.3,sell,4762.32,BTC-26APR19-4750-C,44.16,0.0465,0.3,3,1554182194481,17053001,427
2019-04-02 05:16:34.501,1.0,sell,4762.32,BTC-26APR19-4750-C,44.16,0.0465,1.0,3,1554182194501,17053002,428
2019-04-02 05:16:34.971,1.0,sell,4762.32,BTC-26APR19-4750-C,44.16,0.0465,1.0,3,1554182194971,17053011,429
2019-04-02 05:16:35.524,1.0,buy,4762.73,BTC-26APR19-4750-C,55.86,0.0585,1.0,0,1554182195524,17053020,430
2019-04-02 05:16:35.744,1.0,sell,4762.73,BTC-26APR19-4750-C,44.6,0.047,1.0,2,1554182195744,17053023,431
2019-04-02 05:17:17.075,1.0,buy,4795.38,BTC-26APR19-4750-C,43.73,0.0495,1.0,0,1554182237075,17053583,432
2019-04-02 05:17:17.353,1.0,sell,4795.38,BTC-26APR19-4750-C,43.73,0.0495,1.0,1,1554182237353,17053590,433
2019-04-02 05:17:17.392,1.0,sell,4795.38,BTC-26APR19-4750-C,43.73,0.0495,1.0,1,1554182237392,17053591,434
2019-04-02 05:17:17.425,1.0,sell,4795.38,BTC-26APR19-4750-C,43.73,0.0495,1.0,1,1554182237425,17053592,435
2019-04-02 05:17:17.482,1.0,sell,4795.38,BTC-26APR19-4750-C,43.73,0.0495,1.0,1,1554182237482,17053595,436
2019-04-02 05:17:17.554,1.0,sell,4795.38,BTC-26APR19-4750-C,43.73,0.0495,1.0,1,1554182237554,17053597,437
2019-04-02 05:17:17.584,1.0,sell,4795.38,BTC-26APR19-4750-C,43.73,0.0495,1.0,1,1554182237584,17053600,438
2019-04-02 05:17:17.619,1.0,sell,4795.38,BTC-26APR19-4750-C,43.73,0.0495,1.0,1,1554182237619,17053603,439
2019-04-02 05:17:17.750,1.0,sell,4795.38,BTC-26APR19-4750-C,43.73,0.0495,1.0,1,1554182237750,17053606,440
2019-04-02 05:17:17.781,1.0,sell,4795.38,BTC-26APR19-4750-C,43.73,0.0495,1.0,1,1554182237781,17053608,441
2019-04-02 05:17:19.629,1.0,sell,4794.99,BTC-26APR19-4750-C,43.77,0.0495,1.0,1,1554182239629,17053638,442
2019-04-02 05:17:20.398,1.0,sell,4794.18,BTC-26APR19-4750-C,43.86,0.0495,1.0,1,1554182240398,17053650,443
2019-04-02 05:17:20.556,1.0,sell,4794.18,BTC-26APR19-4750-C,43.86,0.0495,1.0,1,1554182240556,17053655,444
2019-04-02 05:17:20.904,1.0,sell,4794.18,BTC-26APR19-4750-C,43.86,0.0495,1.0,1,1554182240904,17053667,445
2019-04-02 05:17:21.750,1.0,sell,4796.18,BTC-26APR19-4750-C,43.65,0.0495,1.0,1,1554182241750,17053673,446
2019-04-02 05:17:23.925,1.0,sell,4799.61,BTC-26APR19-4750-C,43.29,0.0495,1.0,1,1554182243925,17053703,447
2019-04-02 05:19:23.075,1.0,buy,4904.08,BTC-26APR19-4750-C,65.58,0.083,1.0,0,1554182363075,17056650,448
2019-04-02 05:21:42.749,1.0,buy,5021.49,BTC-26APR19-4750-C,63.04,0.0935,1.0,0,1554182502749,17059326,449
2019-04-02 05:21:42.826,1.0,buy,5021.49,BTC-26APR19-4750-C,69.93,0.1,1.0,0,1554182502826,17059327,450
2019-04-02 05:21:42.878,1.0,buy,5021.49,BTC-26APR19-4750-C,69.93,0.1,1.0,1,1554182502878,17059329,451
2019-04-02 05:21:43.009,1.0,buy,5021.49,BTC-26APR19-4750-C,76.25,0.106,1.0,0,1554182503009,17059333,452
2019-04-02 05:21:43.222,1.0,buy,5024.54,BTC-26APR19-4750-C,75.9,0.106,1.0,1,1554182503222,17059339,453
2019-04-02 05:21:44.055,1.0,buy,5023.75,BTC-26APR19-4750-C,75.99,0.106,1.0,1,1554182504055,17059350,454
2019-04-02 05:21:45.353,1.0,buy,5026.77,BTC-26APR19-4750-C,75.65,0.106,1.0,1,1554182505353,17059378,455
2019-04-02 05:21:47.320,1.0,buy,5026.77,BTC-26APR19-4750-C,75.65,0.106,1.0,1,1554182507320,17059427,456
2019-04-02 05:21:47.826,0.1,buy,5026.77,BTC-26APR19-4750-C,76.17,0.1065,0.1,0,1554182507826,17059440,458
2019-04-02 05:21:47.826,0.9,buy,5026.77,BTC-26APR19-4750-C,75.65,0.106,0.9,1,1554182507826,17059439,457
2019-04-02 05:21:48.381,0.9,buy,5026.76,BTC-26APR19-4750-C,76.17,0.1065,0.9,1,1554182508381,17059451,459
2019-04-02 05:21:48.664,1.0,sell,5026.76,BTC-26APR19-4750-C,98.6,0.128,1.0,0,1554182508664,17059456,460
2019-04-02 05:21:48.751,1.0,buy,5026.76,BTC-26APR19-4750-C,79.32,0.1095,1.0,2,1554182508751,17059459,461
2019-04-02 05:21:48.801,1.0,buy,5026.76,BTC-26APR19-4750-C,79.32,0.1095,1.0,3,1554182508801,17059460,462
2019-04-02 05:21:48.860,1.0,buy,5026.76,BTC-26APR19-4750-C,79.32,0.1095,1.0,3,1554182508860,17059461,463
2019-04-02 05:21:48.894,0.9,buy,5026.76,BTC-26APR19-4750-C,79.32,0.1095,0.9,3,1554182508894,17059462,464
2019-04-02 05:21:50.190,1.0,sell,5031.7,BTC-26APR19-4750-C,110.52,0.14,1.0,0,1554182510190,17059493,465
2019-04-02 05:21:50.284,1.0,buy,5031.7,BTC-26APR19-4750-C,98.6,0.1285,1.0,2,1554182510284,17059495,466
2019-04-02 05:21:50.351,1.0,buy,5031.7,BTC-26APR19-4750-C,98.6,0.1285,1.0,3,1554182510351,17059500,467
2019-04-02 05:21:50.494,1.0,buy,5031.7,BTC-26APR19-4750-C,98.6,0.1285,1.0,3,1554182510494,17059507,468
2019-04-02 05:21:50.587,1.0,buy,5031.7,BTC-26APR19-4750-C,98.6,0.1285,1.0,3,1554182510587,17059514,469
2019-04-02 05:21:50.668,1.0,buy,5031.7,BTC-26APR19-4750-C,98.6,0.1285,1.0,3,1554182510668,17059515,470
2019-04-02 05:22:01.101,0.3,buy,5023.63,BTC-26APR19-4750-C,82.29,0.11199999999999999,0.3,2,1554182521101,17059723,471
2019-04-02 05:22:09.092,1.0,sell,5022.04,BTC-26APR19-4750-C,0.0,0.0475,1.0,2,1554182529092,17059788,472
2019-04-02 05:22:12.311,0.3,buy,5025.48,BTC-26APR19-4750-C,90.42,0.12,0.3,0,1554182532311,17059880,473
2019-04-02 05:22:27.684,0.3,buy,5053.83,BTC-26APR19-4750-C,69.3,0.10300000000000001,0.3,2,1554182547684,17060182,474
2019-04-02 05:23:21.232,1.0,sell,5070.26,BTC-26APR19-4750-C,50.06,0.0875,1.0,2,1554182601232,17061289,475
2019-04-02 05:23:57.216,1.0,sell,5069.79,BTC-26APR19-4750-C,46.07,0.084,1.0,2,1554182637216,17061906,476
2019-04-02 05:24:07.352,1.0,sell,5061.19,BTC-26APR19-4750-C,46.76,0.0835,1.0,2,1554182647352,17062058,477
2019-04-02 05:24:30.903,1.0,sell,5038.71,BTC-26APR19-4750-C,47.69,0.0815,1.0,2,1554182670903,17062473,478
2019-04-02 05:24:39.304,1.0,sell,5037.36,BTC-26APR19-4750-C,44.46,0.0785,1.0,2,1554182679304,17062672,479
2019-04-02 05:24:51.662,1.0,buy,5008.47,BTC-26APR19-4750-C,64.6,0.0935,1.0,0,1554182691662,17062841,480
2019-04-02 05:33:10.328,1.0,buy,4876.09,BTC-26APR19-4750-C,47.43,0.062,1.0,2,1554183190328,17067682,481
2019-04-02 05:40:27.258,1.0,sell,4772.16,BTC-26APR19-4750-C,50.54,0.054000000000000006,1.0,2,1554183627258,17070635,482
2019-04-02 05:43:19.825,1.0,buy,4790.03,BTC-26APR19-4750-C,54.64,0.06,1.0,0,1554183799825,17071301,483
2019-04-02 05:44:53.360,1.0,buy,4821.96,BTC-26APR19-4750-C,46.88,0.0555,1.0,2,1554183893360,17071760,484
2019-04-02 06:11:47.202,0.4,buy,4730.17,BTC-26APR19-4750-C,50.75,0.05,0.4,3,1554185507202,17080095,486
2019-04-02 06:11:47.202,2.0,buy,4730.17,BTC-26APR19-4750-C,50.75,0.05,2.0,2,1554185507202,17080094,485
2019-04-02 06:18:08.741,4.0,sell,4725.13,BTC-26APR19-4750-C,50.26,0.049,4.0,2,1554185888741,17082130,487
2019-04-02 06:33:30.041,2.0,sell,4688.67,BTC-26APR19-4750-C,59.54,0.055,2.0,0,1554186810041,17084979,488
2019-04-02 06:33:40.840,0.1,sell,4689.75,BTC-26APR19-4750-C,54.55,0.05,0.1,2,1554186820840,17084993,489
2019-04-02 06:36:32.251,2.0,sell,4676.48,BTC-26APR19-4750-C,48.44,0.0425,2.0,2,1554186992251,17085459,490
2019-04-02 06:39:19.247,3.0,buy,4669.77,BTC-26APR19-4750-C,61.27,0.055,3.0,0,1554187159247,17085834,491
2019-04-02 06:54:42.480,2.0,buy,4736.05,BTC-26APR19-4750-C,59.02,0.059000000000000004,2.0,0,1554188082480,17087861,492
2019-04-02 07:26:11.390,3.9,sell,4682.98,BTC-26APR19-4750-C,55.22,0.05,3.9,2,1554189971390,17091779,493
2019-04-02 07:38:11.716,0.1,sell,4682.32,BTC-26APR19-4750-C,53.82,0.0485,0.1,2,1554190691716,17092386,494
2019-04-02 07:44:51.078,1.0,buy,4695.75,BTC-26APR19-4750-C,57.97,0.054000000000000006,1.0,0,1554191091078,17092589,495
2019-04-02 07:44:57.931,2.0,buy,4696.21,BTC-26APR19-4750-C,59.39,0.0555,2.0,0,1554191097931,17092592,496
2019-04-02 10:39:40.641,0.5,buy,4771.98,BTC-26APR19-4750-C,61.12,0.0645,0.5,0,1554201580641,17105117,497
2019-04-02 11:49:37.634,0.5,sell,4779.81,BTC-26APR19-4750-C,56.45,0.0605,0.5,2,1554205777634,17107950,498
2019-04-02 14:10:46.386,5.0,sell,4679.85,BTC-26APR19-4750-C,61.24,0.0555,5.0,2,1554214246386,17114461,499
2019-04-02 14:11:55.941,0.5,buy,4703.89,BTC-26APR19-4750-C,58.52,0.055,0.5,2,1554214315941,17115195,500
2019-04-02 14:12:27.126,0.5,buy,4725.99,BTC-26APR19-4750-C,56.42,0.055,0.5,3,1554214347126,17115452,501
2019-04-02 14:13:21.578,9.0,buy,4738.82,BTC-26APR19-4750-C,55.19,0.055,9.0,3,1554214401578,17115860,502
2019-04-02 14:21:54.123,0.2,sell,4712.8,BTC-26APR19-4750-C,54.24,0.0515,0.2,2,1554214914123,17117286,503
2019-04-02 16:46:07.060,1.5,sell,4734.53,BTC-26APR19-4750-C,55.73,0.055,1.5,0,1554223567060,17122980,504
2019-04-02 17:35:59.535,0.1,buy,4723.5,BTC-26APR19-4750-C,59.79,0.057999999999999996,0.1,0,1554226559535,17125487,505
2019-04-02 17:58:00.302,1.0,sell,4727.33,BTC-26APR19-4750-C,55.99,0.0545,1.0,2,1554227880302,17125911,506
2019-04-02 18:06:17.633,4.0,buy,4734.3,BTC-26APR19-4750-C,59.77,0.059000000000000004,4.0,0,1554228377633,17126123,507
2019-04-02 18:22:05.633,14.4,buy,4732.14,BTC-26APR19-4750-C,59.99,0.059000000000000004,14.4,1,1554229325633,17126376,508
2019-04-02 18:22:05.633,25.6,buy,4732.14,BTC-26APR19-4750-C,59.99,0.059000000000000004,25.6,1,1554229325633,17126377,509
2019-04-02 18:27:21.797,2.5,buy,4731.79,BTC-26APR19-4750-C,60.52,0.0595,2.5,1,1554229641797,17126509,511
2019-04-02 18:27:21.797,7.5,buy,4731.79,BTC-26APR19-4750-C,60.52,0.0595,7.5,0,1554229641797,17126508,510
2019-04-02 18:28:47.031,5.0,buy,4730.38,BTC-26APR19-4750-C,60.66,0.0595,5.0,1,1554229727031,17126550,512
2019-04-02 18:30:13.510,8.5,sell,4731.87,BTC-26APR19-4750-C,60.52,0.0595,8.5,1,1554229813510,17126560,513
2019-04-02 18:31:18.747,6.8,buy,4732.86,BTC-26APR19-4750-C,60.92,0.06,6.8,0,1554229878747,17126564,514
2019-04-02 18:45:40.447,4.7,buy,4737.01,BTC-26APR19-4750-C,60.53,0.06,4.7,1,1554230740447,17126790,515
2019-04-02 18:47:04.407,5.0,buy,4737.61,BTC-26APR19-4750-C,60.47,0.06,5.0,1,1554230824407,17126819,516
2019-04-02 19:13:57.007,20.0,buy,4734.78,BTC-26APR19-4750-C,57.31,0.0565,20.0,2,1554232437007,17127155,517
2019-04-02 20:11:21.367,5.0,sell,4793.02,BTC-26APR19-4750-C,59.51,0.0645,5.0,0,1554235881367,17129414,518
2019-04-02 20:11:58.095,2.0,buy,4799.28,BTC-26APR19-4750-C,59.87,0.0655,2.0,0,1554235918095,17129511,519
2019-04-02 20:11:58.095,3.0,buy,4799.28,BTC-26APR19-4750-C,60.37,0.066,3.0,0,1554235918095,17129512,520
2019-04-02 20:12:29.077,5.0,buy,4799.72,BTC-26APR19-4750-C,60.33,0.066,5.0,1,1554235949077,17129540,521
2019-04-02 20:12:54.592,5.0,buy,4814.67,BTC-26APR19-4750-C,60.79,0.068,5.0,0,1554235974592,17129919,522
2019-04-02 21:18:32.847,0.2,sell,4817.79,BTC-26APR19-4750-C,56.01,0.0635,0.2,2,1554239912847,17138678,523
2019-04-03 00:24:50.202,0.1,buy,4965.47,BTC-26APR19-4750-C,65.47,0.0885,0.1,0,1554251090202,17156358,524
2019-04-03 02:24:43.428,0.3,buy,5014.72,BTC-26APR19-4750-C,71.51,0.0995,0.3,0,1554258283428,17169025,525
2019-04-03 02:24:44.354,14.7,sell,5014.62,BTC-26APR19-4750-C,72.05,0.1,14.7,0,1554258284354,17169029,526
2019-04-03 02:25:19.659,14.4,buy,5017.85,BTC-26APR19-4750-C,72.21,0.1005,14.4,1,1554258319659,17169155,528
2019-04-03 02:25:19.659,0.3,buy,5017.85,BTC-26APR19-4750-C,72.21,0.1005,0.3,0,1554258319659,17169154,527
2019-04-03 02:25:19.670,0.3,sell,5017.85,BTC-26APR19-4750-C,72.21,0.1005,0.3,1,1554258319670,17169156,529
2019-04-03 02:28:30.593,0.3,buy,5028.7,BTC-26APR19-4750-C,73.62,0.10300000000000001,0.3,0,1554258510593,17169882,530
2019-04-03 02:28:30.593,14.4,buy,5028.7,BTC-26APR19-4750-C,74.16,0.1035,14.4,0,1554258510593,17169883,531
2019-04-03 02:28:32.196,0.3,sell,5028.21,BTC-26APR19-4750-C,74.21,0.1035,0.3,1,1554258512196,17169900,532
2019-04-03 02:29:52.845,10.7,buy,5023.3,BTC-26APR19-4750-C,73.72,0.1025,10.7,2,1554258592845,17170177,533
2019-04-03 02:29:52.848,4.3,sell,5023.3,BTC-26APR19-4750-C,73.72,0.1025,4.3,3,1554258592848,17170178,534
2019-04-03 02:31:54.172,11.1,buy,5000.64,BTC-26APR19-4750-C,75.29,0.1015,11.1,2,1554258714172,17170606,535
2019-04-03 02:31:54.192,3.9,sell,5000.64,BTC-26APR19-4750-C,75.82,0.102,3.9,0,1554258714192,17170607,536
2019-04-03 03:42:36.072,0.1,buy,5062.59,BTC-26APR19-4750-C,66.28,0.1,0.1,2,1554262956072,17178383,537
2019-04-03 05:52:42.028,0.3,buy,4947.52,BTC-26APR19-4750-C,70.49,0.091,0.3,2,1554270762028,17188864,538
2019-04-03 07:34:48.857,0.5,sell,4972.96,BTC-26APR19-4750-C,65.01,0.0885,0.5,2,1554276888857,17190749,539
2019-04-03 08:33:36.601,0.3,buy,4940.35,BTC-26APR19-4750-C,70.95,0.0905,0.3,0,1554280416601,17192191,540
2019-04-03 16:07:16.828,2.0,buy,5047.12,BTC-26APR19-4750-C,68.99,0.1,2.0,0,1554307636828,17206065,541
2019-04-03 16:10:10.819,0.4,buy,5135.44,BTC-26APR19-4750-C,68.87,0.11,0.4,0,1554307810819,17207894,542
2019-04-03 17:14:47.376,3.0,buy,5148.16,BTC-26APR19-4750-C,65.42,0.1085,3.0,2,1554311687376,17217300,543
2019-04-03 18:20:17.395,0.3,sell,5133.56,BTC-26APR19-4750-C,75.04,0.115,0.3,0,1554315617395,17221895,544
2019-04-03 18:36:34.403,0.1,buy,5154.47,BTC-26APR19-4750-C,70.54,0.1135,0.1,2,1554316594403,17222564,545
2019-04-03 18:38:34.242,3.0,buy,5158.4,BTC-26APR19-4750-C,74.11,0.11699999999999999,3.0,0,1554316714242,17222704,546
2019-04-03 19:28:12.447,2.0,buy,5172.94,BTC-26APR19-4750-C,75.74,0.12,2.0,0,1554319692447,17226210,547
2019-04-03 19:31:14.662,4.9,buy,5164.23,BTC-26APR19-4750-C,76.9,0.12,4.9,1,1554319874662,17226286,548
2019-04-03 19:31:14.829,0.1,sell,5164.23,BTC-26APR19-4750-C,76.9,0.12,0.1,1,1554319874829,17226287,549
2019-04-03 19:43:29.991,14.4,buy,5144.5,BTC-26APR19-4750-C,78.32,0.11900000000000001,14.4,2,1554320609991,17227018,550
2019-04-03 19:43:29.994,5.1000000000000005,sell,5144.5,BTC-26APR19-4750-C,78.32,0.11900000000000001,5.1000000000000005,3,1554320609994,17227019,551
2019-04-03 19:43:38.809,0.3,sell,5144.81,BTC-26APR19-4750-C,78.28,0.11900000000000001,0.3,3,1554320618809,17227022,552
2019-04-03 19:43:38.917,0.4,sell,5144.81,BTC-26APR19-4750-C,78.28,0.11900000000000001,0.4,3,1554320618917,17227023,553
2019-04-03 19:43:45.386,4.8,sell,5143.69,BTC-26APR19-4750-C,78.42,0.11900000000000001,4.8,3,1554320625386,17227027,554
2019-04-03 19:47:47.426,5.0,buy,5140.11,BTC-26APR19-4750-C,81.74,0.1215,5.0,0,1554320867426,17227109,555
2019-04-03 20:29:17.955,1.0,sell,5256.42,BTC-26APR19-4750-C,68.85,0.124,1.0,0,1554323357955,17235266,556
2019-04-03 21:04:22.484,10.0,sell,5313.17,BTC-26APR19-4750-C,81.99,0.141,10.0,0,1554325462484,17239010,557
2019-04-03 21:14:10.384,0.5,buy,5311.07,BTC-26APR19-4750-C,85.41,0.1435,0.5,0,1554326050384,17240244,558
2019-04-03 21:33:41.394,0.1,buy,5334.09,BTC-26APR19-4750-C,82.82,0.14400000000000002,0.1,0,1554327221394,17241537,559
2019-04-03 21:33:41.396,0.4,sell,5334.09,BTC-26APR19-4750-C,82.82,0.14400000000000002,0.4,1,1554327221396,17241538,560
2019-04-04 11:34:14.536,1.0,sell,4958.68,BTC-26APR19-4750-C,73.85,0.0935,1.0,2,1554377654536,17304241,561
2019-04-04 11:56:32.527,3.0,buy,4991.78,BTC-26APR19-4750-C,77.61,0.1005,3.0,0,1554378992527,17305057,562
2019-04-04 12:15:32.219,3.0,sell,5009.94,BTC-26APR19-4750-C,73.26,0.0985,3.0,2,1554380132219,17305835,563
2019-04-04 22:35:21.545,0.5,sell,4908.35,BTC-26APR19-4750-C,66.98,0.081,0.5,2,1554417321545,17339700,564
2019-04-05 03:29:27.378,1.5,sell,4914.66,BTC-26APR19-4750-C,67.65,0.08199999999999999,1.5,0,1554434967378,17346286,565
2019-04-05 09:04:44.319,1.0,sell,4958.59,BTC-26APR19-4750-C,69.9,0.0885,1.0,0,1554455084319,17356430,566
2019-04-08 02:59:58.260,4.4,buy,5288.25,BTC-26APR19-4750-C,70.9,0.124,4.4,0,1554692398260,17508982,567
2019-04-08 04:58:24.941,0.2,sell,5311.9,BTC-26APR19-4750-C,81.56,0.134,0.2,0,1554699504941,17513284,568
2019-04-10 11:19:22.523,3.9,buy,5250.99,BTC-26APR19-4750-C,61.47,0.1105,3.9,2,1554895162523,17597221,569
2019-04-10 16:44:24.771,3.0,sell,5272.8,BTC-26APR19-4750-C,57.57,0.111,3.0,0,1554914664771,17605316,570
2019-04-10 19:19:52.783,1.0,sell,5387.2,BTC-26APR19-4750-C,62.89,0.129,1.0,0,1554923992783,17624097,571
2019-04-10 19:21:57.166,0.5,sell,5388.76,BTC-26APR19-4750-C,62.46,0.129,0.5,1,1554924117166,17624381,572
2019-04-10 20:35:31.988,1.3,sell,5370.58,BTC-26APR19-4750-C,63.45,0.127,1.3,2,1554928531988,17629345,573
2019-04-10 22:00:07.001,4.8,sell,5295.03,BTC-26APR19-4750-C,66.3,0.1185,4.8,2,1554933607001,17647629,574
2019-04-11 00:03:35.011,3.6,buy,5330.39,BTC-26APR19-4750-C,71.72,0.126,3.6,0,1554941015011,17651827,575
2019-04-11 06:13:39.171,1.0,sell,5219.24,BTC-26APR19-4750-C,60.77,0.105,1.0,2,1554963219171,17670724,576
2019-04-11 09:49:41.796,4.7,sell,5100.48,BTC-26APR19-4750-C,67.69,0.094,4.7,2,1554976181796,17678153,577
2019-04-11 11:32:18.805,1.0,sell,4983.62,BTC-26APR19-4750-C,58.32,0.073,1.0,2,1554982338805,17694233,578
2019-04-11 11:34:27.052,0.4,sell,5009.43,BTC-26APR19-4750-C,63.7,0.08,0.4,0,1554982467052,17694879,579
2019-04-12 00:40:29.939,2.7,sell,5043.9,BTC-26APR19-4750-C,62.43,0.0825,2.7,0,1555029629939,17723257,580
2019-04-12 01:26:16.301,0.4,sell,4935.33,BTC-26APR19-4750-C,63.28,0.07,0.4,2,1555032376301,17727368,581
2019-04-12 01:26:20.219,0.4,sell,4934.09,BTC-26APR19-4750-C,63.48,0.07,0.4,3,1555032380219,17727413,582
2019-04-12 01:44:46.533,0.2,sell,4932.28,BTC-26APR19-4750-C,63.79,0.07,0.2,3,1555033486533,17730499,583
2019-04-12 16:52:37.739,0.1,sell,5079.96,BTC-26APR19-4750-C,52.69,0.08,0.1,0,1555087957739,17752360,584
2019-04-14 22:34:24.270,2.0,buy,5182.73,BTC-26APR19-4750-C,45.67,0.08900000000000001,2.0,0,1555281264270,17807219,585
2019-04-15 17:28:20.158,2.0,sell,5121.37,BTC-26APR19-4750-C,55.41,0.0835,2.0,2,1555349300158,17822380,586
2019-04-15 17:40:28.631,4.0,buy,5046.4,BTC-26APR19-4750-C,56.03,0.0735,4.0,2,1555350028631,17830026,587
2019-04-15 19:41:53.383,0.2,sell,5004.08,BTC-26APR19-4750-C,53.8,0.0665,0.2,2,1555357313383,17836040,588
2019-04-15 19:42:55.891,1.0,buy,5021.38,BTC-26APR19-4750-C,55.97,0.07,1.0,0,1555357375891,17836758,589
2019-04-15 19:43:44.440,0.2,sell,5021.4,BTC-26APR19-4750-C,51.38,0.0675,0.2,2,1555357424440,17836860,590
2019-04-15 20:37:02.801,168.5,sell,5005.11,BTC-26APR19-4750-C,53.66,0.0665,168.5,2,1555360622801,17843697,591
2019-04-15 21:57:18.015,0.1,buy,5022.53,BTC-26APR19-4750-C,56.84,0.0705,0.1,0,1555365438015,17846608,592
2019-04-15 22:29:06.615,1.0,buy,5045.74,BTC-26APR19-4750-C,56.73,0.0735,1.0,0,1555367346615,17847439,593
2019-04-16 14:35:08.062,0.1,buy,5053.85,BTC-26APR19-4750-C,54.5,0.0725,0.1,2,1555425308062,17860783,594
2019-04-16 14:35:16.030,0.1,buy,5053.7,BTC-26APR19-4750-C,54.54,0.0725,0.1,3,1555425316030,17860805,595
2019-04-16 14:35:19.870,0.1,buy,5053.62,BTC-26APR19-4750-C,54.56,0.0725,0.1,3,1555425319870,17860815,596
2019-04-16 15:50:59.873,0.1,buy,5090.24,BTC-26APR19-4750-C,56.62,0.0785,0.1,0,1555429859873,17863301,597
2019-04-16 17:21:09.510,0.1,buy,5104.82,BTC-26APR19-4750-C,49.91,0.0775,0.1,2,1555435269510,17865047,598
2019-04-16 17:32:34.849,1.0,buy,5209.14,BTC-26APR19-4750-C,59.56,0.0965,1.0,0,1555435954849,17870764,599
2019-04-16 21:10:29.367,1.0,sell,5184.4,BTC-26APR19-4750-C,44.63,0.0875,1.0,2,1555449029367,17879916,600
2019-04-17 08:32:36.422,0.1,sell,5207.24,BTC-26APR19-4750-C,53.94,0.0935,0.1,0,1555489956422,17893840,601
2019-04-17 10:44:05.499,4.0,sell,5227.4,BTC-26APR19-4750-C,50.83,0.0955,4.0,0,1555497845499,17895894,602
2019-04-17 18:38:02.566,0.1,sell,5203.45,BTC-26APR19-4750-C,47.0,0.0905,0.1,2,1555526282566,17906146,603
2019-04-18 00:31:01.558,1.0,buy,5239.8,BTC-26APR19-4750-C,58.15,0.099,1.0,0,1555547461558,17911121,604
2019-04-18 01:25:11.958,0.1,buy,5259.11,BTC-26APR19-4750-C,51.22,0.1,0.1,0,1555550711958,17911826,605
