date_utc,amount,direction,indexPrice,instrument,iv,price,quantity,tickDirection,timeStamp,tradeId,tradeSeq
2019-05-10 16:25:45.884,0.1,buy,6346.84,BTC-24MAY19-5750-P,68.24,0.0165,0.1,1,1557505545884,19372505,1
2019-05-10 16:26:47.127,0.1,buy,6337.14,BTC-24MAY19-5750-P,67.62,0.0165,0.1,1,1557505607127,19372575,2
2019-05-10 19:09:57.302,0.2,buy,6371.28,BTC-24MAY19-5750-P,67.3,0.015,0.2,2,1557515397302,19392429,3
2019-05-10 20:51:31.520,0.1,buy,6240.88,BTC-24MAY19-5750-P,70.14,0.0215,0.1,0,1557521491520,19403788,4
2019-05-10 20:58:19.837,0.1,sell,6278.2,BTC-24MAY19-5750-P,70.28,0.02,0.1,2,1557521899837,19405868,5
2019-05-10 22:50:45.762,1.5,buy,6384.69,BTC-24MAY19-5750-P,70.41,0.016,1.5,2,1557528645762,19413391,6
2019-05-11 13:01:18.540,0.1,buy,6785.05,BTC-24MAY19-5750-P,95.0,0.0155,0.1,2,1557579678540,19566311,7
2019-05-11 16:59:12.926,10.0,sell,6934.17,BTC-24MAY19-5750-P,87.01,0.009000000000000001,10.0,2,1557593952926,19610904,8
2019-05-11 22:42:54.343,1.1,buy,7260.43,BTC-24MAY19-5750-P,104.96,0.0095,1.1,0,1557614574343,19682015,9
2019-05-11 23:31:47.748,1.1,sell,7444.57,BTC-24MAY19-5750-P,111.8,0.009000000000000001,1.1,2,1557617507748,19713162,10
2019-05-11 23:33:00.244,2.1,sell,7424.81,BTC-24MAY19-5750-P,110.92,0.009000000000000001,2.1,3,1557617580244,19714282,11
2019-05-12 00:32:51.108,8.9,buy,7056.98,BTC-24MAY19-5750-P,95.62,0.0095,8.9,0,1557621171108,19748411,12
2019-05-12 07:17:46.763,15.0,sell,7481.91,BTC-24MAY19-5750-P,107.55,0.006999999999999999,15.0,2,1557645466763,19833698,13
2019-05-12 07:17:46.763,5.0,sell,7481.91,BTC-24MAY19-5750-P,107.55,0.006999999999999999,5.0,3,1557645466763,19833699,14
2019-05-12 07:17:50.422,20.0,sell,7482.3,BTC-24MAY19-5750-P,105.57,0.0065,20.0,2,1557645470422,19833717,15
2019-05-12 07:42:53.330,20.0,sell,7520.03,BTC-24MAY19-5750-P,100.67,0.005,20.0,2,1557646973330,19838995,16
2019-05-12 10:31:35.462,0.6,buy,7361.42,BTC-24MAY19-5750-P,108.42,0.0085,0.6,0,1557657095462,19907033,17
2019-05-12 15:50:25.329,1.0,buy,6793.18,BTC-24MAY19-5750-P,91.31,0.012,1.0,0,1557676225329,20016652,18
2019-05-12 22:14:18.535,4.0,buy,7073.75,BTC-24MAY19-5750-P,96.98,0.0085,4.0,2,1557699258535,20088389,19
2019-05-13 00:30:24.810,0.1,buy,6890.91,BTC-24MAY19-5750-P,94.06,0.0105,0.1,0,1557707424810,20112762,20
2019-05-13 15:10:17.635,1.0,buy,7686.95,BTC-24MAY19-5750-P,101.88,0.003,1.0,2,1557760217635,20211781,21
2019-05-13 16:05:03.154,0.6,sell,7892.9,BTC-24MAY19-5750-P,90.74,0.001,0.6,2,1557763503154,20249964,22
2019-05-13 19:17:54.878,20.0,buy,7832.64,BTC-24MAY19-5750-P,111.61,0.0035,20.0,0,1557775074878,20296024,23
2019-05-14 07:22:31.672,0.2,sell,8129.29,BTC-24MAY19-5750-P,121.97,0.003,0.2,2,1557818551672,20446265,24
2019-05-14 08:21:17.640,0.8,sell,8241.25,BTC-24MAY19-5750-P,126.27,0.003,0.8,3,1557822077640,20467867,25
2019-05-15 02:07:41.198,1.0,buy,7995.09,BTC-24MAY19-5750-P,100.9,0.001,1.0,2,1557886061198,20659799,26
2019-05-15 11:34:26.883,3.5,sell,8016.37,BTC-24MAY19-5750-P,121.11,0.0025,3.5,0,1557920066883,20702697,27
2019-05-15 18:34:37.202,0.1,sell,8116.14,BTC-24MAY19-5750-P,116.22,0.0015,0.1,2,1557945277202,20750926,28
2019-05-15 19:05:19.467,1.0,sell,8192.81,BTC-24MAY19-5750-P,119.1,0.0015,1.0,3,1557947119467,20759941,29
2019-05-16 21:18:50.415,5.7,buy,7853.48,BTC-24MAY19-5750-P,114.28,0.0015,5.7,3,1558041530415,20985164,30
2019-05-17 05:28:42.380,8.5,buy,7256.35,BTC-24MAY19-5750-P,134.05,0.0085,8.5,0,1558070922380,21112597,31
2019-05-17 08:01:38.588,0.2,sell,7291.87,BTC-24MAY19-5750-P,87.32,0.001,0.2,2,1558080098588,21130153,32
2019-05-17 08:06:29.350,0.1,sell,7235.03,BTC-24MAY19-5750-P,90.91,0.0015,0.1,0,1558080389350,21130977,33
2019-05-17 08:39:39.373,6.0,buy,7277.38,BTC-24MAY19-5750-P,98.03,0.002,6.0,0,1558082379373,21134556,34
2019-05-17 08:54:41.768,0.4,buy,7287.64,BTC-24MAY19-5750-P,98.6,0.002,0.4,1,1558083281768,21135103,35
2019-05-17 09:20:59.794,0.1,buy,7244.61,BTC-24MAY19-5750-P,114.66,0.0045,0.1,0,1558084859794,21136936,36
2019-05-17 11:48:44.757,2.8000000000000003,buy,7060.76,BTC-24MAY19-5750-P,105.24,0.0045,2.8000000000000003,1,1558093724757,21154313,37
2019-05-17 11:54:30.238,0.4,buy,7142.33,BTC-24MAY19-5750-P,117.96,0.006,0.4,0,1558094070238,21156157,38
2019-05-17 13:28:39.942,1.0,buy,7114.55,BTC-24MAY19-5750-P,111.65,0.005,1.0,2,1558099719942,21176683,39
2019-05-17 13:29:24.318,8.0,buy,7112.97,BTC-24MAY19-5750-P,111.56,0.005,8.0,3,1558099764318,21176716,40
2019-05-17 21:14:17.822,1.5,sell,7227.09,BTC-24MAY19-5750-P,107.84,0.003,1.5,2,1558127657822,21233747,41
2019-05-17 21:15:31.381,1.9,buy,7244.69,BTC-24MAY19-5750-P,108.78,0.003,1.9,3,1558127731381,21234118,42
2019-05-18 09:25:23.107,0.2,sell,7265.77,BTC-24MAY19-5750-P,100.18,0.0015,0.2,2,1558171523107,21286994,43
2019-05-18 11:03:09.330,0.1,sell,7303.31,BTC-24MAY19-5750-P,108.16,0.002,0.1,0,1558177389330,21294697,44
2019-05-18 21:30:30.710,3.0,buy,7296.71,BTC-24MAY19-5750-P,106.32,0.0015,3.0,2,1558215030710,21318608,45
2019-05-18 21:45:43.880,10.0,buy,7317.09,BTC-24MAY19-5750-P,113.26,0.002,10.0,0,1558215943880,21319129,46
2019-05-19 07:10:56.306,1.0,sell,7936.42,BTC-24MAY19-5750-P,134.06,0.001,1.0,2,1558249856306,21380848,47
2019-05-19 07:10:56.306,20.0,sell,7936.42,BTC-24MAY19-5750-P,134.06,0.001,20.0,3,1558249856306,21380849,48
2019-05-19 07:24:42.372,1.0,sell,7976.37,BTC-24MAY19-5750-P,136.01,0.001,1.0,3,1558250682372,21381775,49
2019-05-19 10:04:16.646,10.0,sell,8054.31,BTC-24MAY19-5750-P,127.95,0.0005,10.0,2,1558260256646,21393153,50
2019-05-19 10:04:16.646,0.1,sell,8054.31,BTC-24MAY19-5750-P,127.95,0.0005,0.1,3,1558260256646,21393154,51
2019-05-19 10:04:16.646,9.9,sell,8054.31,BTC-24MAY19-5750-P,127.95,0.0005,9.9,3,1558260256646,21393155,52
2019-05-19 10:07:37.191,0.1,sell,8053.96,BTC-24MAY19-5750-P,127.97,0.0005,0.1,3,1558260457191,21393580,53
2019-05-19 21:28:45.873,0.3,buy,8062.25,BTC-24MAY19-5750-P,158.69,0.0015,0.3,0,1558301325873,21457696,54
2019-05-19 21:28:45.873,0.7000000000000001,buy,8062.25,BTC-24MAY19-5750-P,158.69,0.0015,0.7000000000000001,1,1558301325873,21457697,55
2019-05-19 21:52:13.008,5.3,sell,8082.27,BTC-24MAY19-5750-P,136.11,0.0005,5.3,2,1558302733008,21458703,56
2019-05-20 05:20:45.571,10.0,sell,8008.04,BTC-24MAY19-5750-P,137.76,0.0005,10.0,3,1558329645571,21530595,57
