date_utc,amount,direction,indexPrice,instrument,iv,price,quantity,tickDirection,timeStamp,tradeId,tradeSeq
2019-04-03 19:16:37.073,50.0,sell,174.92,ETH-28JUN19-200-P,74.15,0.21,50.0,1,1554318997073,394974,1
2019-04-03 19:16:55.249,50.0,sell,174.48,ETH-28JUN19-200-P,70.22,0.203,50.0,2,1554319015249,395040,2
2019-04-03 19:27:09.943,50.0,sell,174.52,ETH-28JUN19-200-P,69.81,0.202,50.0,2,1554319629943,395400,3
2019-04-03 19:46:46.614,50.0,sell,174.22,ETH-28JUN19-200-P,69.24,0.205,50.0,0,1554320806614,396519,4
2019-04-03 22:41:56.914,1.0,buy,169.33,ETH-28JUN19-200-P,71.93,0.228,1.0,0,1554331316914,412016,5
2019-04-05 12:32:04.534,20.0,sell,164.96,ETH-28JUN19-200-P,71.9,0.257,20.0,0,1554467524534,476853,6
2019-04-05 12:32:18.198,20.0,sell,165.19,ETH-28JUN19-200-P,72.69,0.257,20.0,1,1554467538198,476860,7
2019-04-05 12:32:39.822,21.0,sell,165.18,ETH-28JUN19-200-P,72.92,0.257,21.0,1,1554467559822,476884,8
2019-04-05 12:32:49.789,20.0,sell,165.19,ETH-28JUN19-200-P,72.77,0.256,20.0,2,1554467569789,476892,9
2019-04-05 12:32:58.040,20.0,sell,165.08,ETH-28JUN19-200-P,72.54,0.256,20.0,3,1554467578040,476901,10
2019-04-05 12:33:13.961,19.0,sell,164.99,ETH-28JUN19-200-P,71.01,0.253,19.0,2,1554467593961,476910,11
2019-04-05 12:33:52.066,18.0,sell,165.05,ETH-28JUN19-200-P,71.01,0.253,18.0,3,1554467632066,476937,12
2019-04-05 12:33:59.669,18.0,sell,165.13,ETH-28JUN19-200-P,71.04,0.253,18.0,3,1554467639669,476938,13
2019-04-05 12:34:24.683,18.0,sell,165.03,ETH-28JUN19-200-P,71.28,0.254,18.0,0,1554467664683,476944,14
2019-04-05 12:34:37.316,18.0,sell,165.11,ETH-28JUN19-200-P,71.48,0.254,18.0,1,1554467677316,476945,15
2019-04-05 12:41:06.019,18.0,sell,165.57,ETH-28JUN19-200-P,71.38,0.253,18.0,2,1554468066019,477171,16
2019-04-05 12:46:59.546,1.0,sell,165.66,ETH-28JUN19-200-P,67.02,0.245,1.0,2,1554468419546,477548,17
2019-04-05 12:47:00.253,1.0,sell,165.66,ETH-28JUN19-200-P,67.02,0.245,1.0,3,1554468420253,477549,18
2019-04-05 12:47:01.187,1.0,sell,165.67,ETH-28JUN19-200-P,67.08,0.245,1.0,3,1554468421187,477550,19
2019-04-05 12:47:02.113,1.0,sell,165.67,ETH-28JUN19-200-P,67.08,0.245,1.0,3,1554468422113,477551,20
2019-04-05 12:47:02.984,1.0,sell,165.67,ETH-28JUN19-200-P,67.08,0.245,1.0,3,1554468422984,477552,21
2019-04-05 12:47:03.704,1.0,sell,165.67,ETH-28JUN19-200-P,67.08,0.245,1.0,3,1554468423704,477553,22
2019-04-05 12:47:04.592,1.0,sell,165.68,ETH-28JUN19-200-P,67.11,0.245,1.0,3,1554468424592,477554,23
2019-04-05 12:47:05.344,1.0,sell,165.68,ETH-28JUN19-200-P,67.11,0.245,1.0,3,1554468425344,477555,24
2019-04-05 12:47:06.220,1.0,sell,165.7,ETH-28JUN19-200-P,67.14,0.245,1.0,3,1554468426220,477556,25
2019-04-05 12:47:07.032,1.0,sell,165.71,ETH-28JUN19-200-P,67.17,0.245,1.0,3,1554468427032,477557,26
2019-04-05 12:47:07.843,1.0,sell,165.71,ETH-28JUN19-200-P,67.17,0.245,1.0,3,1554468427843,477558,27
2019-04-05 12:47:08.742,1.0,sell,165.71,ETH-28JUN19-200-P,67.17,0.245,1.0,3,1554468428742,477559,28
2019-04-05 12:47:09.516,1.0,sell,165.71,ETH-28JUN19-200-P,67.2,0.245,1.0,3,1554468429516,477560,29
2019-04-05 12:47:10.516,1.0,sell,165.71,ETH-28JUN19-200-P,67.2,0.245,1.0,3,1554468430516,477561,30
2019-04-05 12:47:11.243,1.0,sell,165.71,ETH-28JUN19-200-P,67.2,0.245,1.0,3,1554468431243,477562,31
2019-04-05 12:47:12.581,1.0,sell,165.71,ETH-28JUN19-200-P,67.2,0.245,1.0,3,1554468432581,477563,32
2019-04-05 12:47:13.732,1.0,sell,165.71,ETH-28JUN19-200-P,67.2,0.245,1.0,3,1554468433732,477564,33
2019-04-05 12:47:14.535,1.0,sell,165.71,ETH-28JUN19-200-P,67.2,0.245,1.0,3,1554468434535,477565,34
2019-04-05 12:47:15.171,1.0,sell,165.7,ETH-28JUN19-200-P,67.17,0.245,1.0,3,1554468435171,477566,35
2019-04-08 02:59:42.766,36.0,sell,182.67,ETH-28JUN19-200-P,84.69,0.18100000000000002,36.0,2,1554692382766,602887,36
2019-04-08 07:08:43.883,4.0,sell,181.26,ETH-28JUN19-200-P,74.21,0.17,4.0,2,1554707323883,615095,37
2019-04-08 07:08:45.467,4.0,sell,181.26,ETH-28JUN19-200-P,0.0,0.001,4.0,2,1554707325467,615096,38
2019-04-08 07:08:52.682,4.0,sell,181.25,ETH-28JUN19-200-P,74.29,0.17,4.0,0,1554707332682,615102,39
2019-04-08 07:08:53.298,4.0,sell,181.25,ETH-28JUN19-200-P,0.0,0.001,4.0,2,1554707333298,615103,40
2019-04-08 07:08:54.015,4.0,sell,181.25,ETH-28JUN19-200-P,74.29,0.17,4.0,0,1554707334015,615104,41
2019-04-08 07:08:54.849,2.0,sell,181.26,ETH-28JUN19-200-P,0.0,0.001,2.0,2,1554707334849,615105,42
2019-04-08 07:23:39.083,10.0,sell,180.01,ETH-28JUN19-200-P,72.88,0.17300000000000001,10.0,0,1554708219083,617010,43
2019-04-08 08:14:16.914,1.0,sell,179.96,ETH-28JUN19-200-P,71.62,0.17,1.0,2,1554711256914,619268,44
2019-04-08 08:57:07.929,50.0,sell,180.24,ETH-28JUN19-200-P,70.66,0.16899999999999998,50.0,2,1554713827929,621211,45
2019-04-08 13:30:57.589,10.0,sell,179.01,ETH-28JUN19-200-P,73.07,0.182,10.0,0,1554730257589,635369,46
2019-04-09 13:59:47.884,50.0,sell,178.01,ETH-28JUN19-200-P,74.2,0.185,50.0,0,1554818387884,698381,47
2019-04-09 14:14:01.423,50.0,sell,177.31,ETH-28JUN19-200-P,74.42,0.188,50.0,0,1554819241423,699572,48
2019-04-09 14:14:40.072,50.0,sell,177.23,ETH-28JUN19-200-P,74.4,0.188,50.0,1,1554819280072,699626,49
2019-04-09 14:38:08.935,50.0,sell,177.39,ETH-28JUN19-200-P,73.71,0.18600000000000005,50.0,2,1554820688935,700887,50
2019-04-09 14:38:31.048,50.0,sell,177.38,ETH-28JUN19-200-P,71.33,0.182,50.0,2,1554820711048,700901,51
2019-04-09 15:11:18.463,50.0,sell,177.52,ETH-28JUN19-200-P,70.32,0.179,50.0,2,1554822678463,702058,52
2019-04-09 15:21:09.949,50.0,sell,177.63,ETH-28JUN19-200-P,69.97,0.17800000000000002,50.0,2,1554823269949,702319,53
2019-04-09 15:26:39.567,54.0,buy,177.84,ETH-28JUN19-200-P,73.95,0.184,54.0,0,1554823599567,702609,54
2019-04-09 15:27:50.367,50.0,sell,177.62,ETH-28JUN19-200-P,70.32,0.17800000000000002,50.0,2,1554823670367,702698,55
2019-04-09 17:53:53.970,70.0,sell,176.83,ETH-28JUN19-200-P,71.6,0.182,70.0,0,1554832433970,705881,56
2019-04-09 17:54:05.352,70.0,sell,176.83,ETH-28JUN19-200-P,71.56,0.182,70.0,1,1554832445352,705891,57
2019-04-09 18:01:36.426,74.0,sell,176.99,ETH-28JUN19-200-P,70.63,0.18,74.0,3,1554832896426,706015,59
2019-04-09 18:01:36.426,26.0,sell,176.99,ETH-28JUN19-200-P,70.63,0.18,26.0,2,1554832896426,706014,58
2019-04-11 15:45:06.638,12.0,sell,164.89,ETH-28JUN19-200-P,0.0,0.004,12.0,2,1554997506638,832565,62
2019-04-11 15:45:06.638,11.0,sell,164.89,ETH-28JUN19-200-P,0.0,0.003,11.0,2,1554997506638,832566,63
2019-04-11 15:45:06.638,77.0,sell,164.89,ETH-28JUN19-200-P,70.44,0.255,77.0,2,1554997506638,832564,61
2019-04-11 15:45:06.638,90.0,sell,164.89,ETH-28JUN19-200-P,72.18,0.258,90.0,0,1554997506638,832563,60
2019-04-11 15:50:39.391,24.0,sell,164.42,ETH-28JUN19-200-P,0.0,0.005,24.0,2,1554997839391,832775,66
2019-04-11 15:50:39.391,90.0,sell,164.42,ETH-28JUN19-200-P,71.69,0.26,90.0,0,1554997839391,832773,64
2019-04-11 15:50:39.391,76.0,sell,164.42,ETH-28JUN19-200-P,69.94,0.257,76.0,2,1554997839391,832774,65
2019-04-11 15:53:04.460,11.0,sell,163.85,ETH-28JUN19-200-P,71.09,0.262,11.0,0,1554997984460,832984,67
2019-04-11 15:53:12.107,1.0,sell,164.04,ETH-28JUN19-200-P,70.33,0.26,1.0,2,1554997992107,833022,68
2019-04-12 09:14:59.155,89.0,sell,162.28,ETH-28JUN19-200-P,65.41,0.259,89.0,2,1555060499155,871322,69
2019-04-12 09:16:43.410,29.0,sell,162.56,ETH-28JUN19-200-P,62.32,0.252,29.0,2,1555060603410,871360,70
2019-04-12 09:20:09.892,29.0,sell,162.67,ETH-28JUN19-200-P,64.66,0.255,29.0,0,1555060809892,871552,71
2019-04-12 09:28:26.408,29.0,sell,162.61,ETH-28JUN19-200-P,64.68,0.256,29.0,0,1555061306408,871744,72
2019-04-12 09:32:55.771,62.0,buy,162.8,ETH-28JUN19-200-P,70.24,0.263,62.0,0,1555061575771,871998,73
2019-04-12 09:32:57.212,15.0,buy,162.8,ETH-28JUN19-200-P,70.77,0.264,15.0,0,1555061577212,872009,74
2019-04-13 11:47:28.262,1.0,buy,162.84,ETH-28JUN19-200-P,69.35,0.274,1.0,0,1555156048262,909760,75
2019-04-15 17:22:19.054,50.0,buy,164.66,ETH-28JUN19-200-P,71.95,0.26,50.0,2,1555348939054,954029,76
2019-04-15 17:32:51.521,1.0,buy,160.92,ETH-28JUN19-200-P,72.9,0.28600000000000003,1.0,0,1555349571521,956362,77
2019-04-18 06:30:22.234,81.0,sell,171.58,ETH-28JUN19-200-P,68.1,0.21,81.0,3,1555569022234,1059680,79
2019-04-18 06:30:22.234,59.0,sell,171.58,ETH-28JUN19-200-P,68.1,0.21,59.0,2,1555569022234,1059679,78
2019-04-25 16:23:18.990,25.0,sell,164.84,ETH-28JUN19-200-P,0.0,0.03,25.0,2,1556209398990,1234307,82
2019-04-25 16:23:18.990,55.0,sell,164.84,ETH-28JUN19-200-P,59.63,0.237,55.0,0,1556209398990,1234305,80
2019-04-25 16:23:18.990,10.0,sell,164.84,ETH-28JUN19-200-P,0.0,0.031,10.0,2,1556209398990,1234306,81
2019-04-25 16:31:12.395,10.0,sell,164.57,ETH-28JUN19-200-P,59.0,0.237,10.0,0,1556209872395,1234449,83
2019-04-30 06:55:31.376,1.0,buy,154.35,ETH-28JUN19-200-P,68.08,0.314,1.0,0,1556607331376,1346191,84
2019-05-01 18:23:14.179,25.0,sell,159.31,ETH-28JUN19-200-P,55.92,0.269,25.0,2,1556734994179,1382931,85
2019-05-03 11:43:06.131,1.0,buy,166.55,ETH-28JUN19-200-P,70.11,0.241,1.0,2,1556883786131,1439524,86
2019-05-03 11:43:10.793,4.0,sell,166.58,ETH-28JUN19-200-P,70.31,0.241,4.0,3,1556883790793,1439525,87
2019-05-03 11:44:22.077,5.0,buy,166.5,ETH-28JUN19-200-P,73.49,0.246,5.0,0,1556883862077,1439534,88
2019-05-03 11:45:01.704,15.0,buy,166.49,ETH-28JUN19-200-P,73.61,0.24600000000000002,15.0,1,1556883901704,1439536,89
2019-05-04 13:27:25.650,1.0,buy,160.42,ETH-28JUN19-200-P,59.06,0.26,1.0,0,1556976445650,1465236,90
2019-05-07 10:05:14.861,1.0,sell,177.27,ETH-28JUN19-200-P,69.54,0.174,1.0,2,1557223514861,1563034,91
2019-05-07 23:52:30.756,60.0,buy,166.98,ETH-28JUN19-200-P,74.75,0.23600000000000002,60.0,0,1557273150756,1593095,92
2019-05-11 11:00:01.451,1.0,sell,192.12,ETH-28JUN19-200-P,74.18,0.126,1.0,2,1557572401451,1769517,93
2019-05-11 14:46:24.406,10.0,sell,189.1,ETH-28JUN19-200-P,81.72,0.146,10.0,0,1557585984406,1784518,94
2019-05-11 18:01:51.827,1.0,sell,198.36,ETH-28JUN19-200-P,80.7,0.11599999999999999,1.0,2,1557597711827,1803359,95
2019-05-11 18:04:13.887,1.0,buy,197.86,ETH-28JUN19-200-P,81.24,0.11800000000000001,1.0,0,1557597853887,1803753,96
2019-05-11 18:04:32.752,1.0,buy,197.15,ETH-28JUN19-200-P,81.21,0.12,1.0,0,1557597872752,1803881,97
2019-05-11 18:28:47.241,1.0,buy,196.2,ETH-28JUN19-200-P,80.76,0.122,1.0,0,1557599327241,1806605,98
2019-05-11 19:55:13.909,1.0,buy,196.06,ETH-28JUN19-200-P,81.01,0.124,1.0,0,1557604513909,1811531,99
2019-05-11 19:55:13.909,1.0,buy,196.06,ETH-28JUN19-200-P,82.41,0.126,1.0,0,1557604513909,1811532,100
2019-05-11 19:55:13.909,1.0,buy,196.06,ETH-28JUN19-200-P,83.8,0.128,1.0,0,1557604513909,1811533,101
2019-05-11 22:23:33.273,120.0,sell,200.7,ETH-28JUN19-200-P,84.03,0.115,120.0,2,1557613413273,1824155,102
2019-05-11 23:05:04.257,10.0,buy,203.13,ETH-28JUN19-200-P,85.86,0.11,10.0,2,1557615904257,1834964,103
2019-05-11 23:05:15.028,120.0,buy,203.4,ETH-28JUN19-200-P,86.24,0.11,120.0,3,1557615915028,1834983,104
2019-05-11 23:53:32.596,1.0,buy,192.01,ETH-28JUN19-200-P,77.92,0.13,1.0,0,1557618812596,1852437,105
2019-05-11 23:53:37.180,1.0,buy,192.01,ETH-28JUN19-200-P,79.46,0.132,1.0,0,1557618817180,1852494,106
2019-05-12 00:27:25.519,1.0,buy,192.87,ETH-28JUN19-200-P,82.29,0.134,1.0,0,1557620845519,1863457,107
2019-05-12 00:27:39.589,1.0,buy,192.68,ETH-28JUN19-200-P,82.87,0.136,1.0,0,1557620859589,1863526,108
2019-05-12 00:27:52.009,1.0,buy,191.77,ETH-28JUN19-200-P,82.43,0.138,1.0,0,1557620872009,1863642,109
2019-05-12 00:31:26.731,1.0,buy,190.93,ETH-28JUN19-200-P,82.9,0.14,1.0,0,1557621086731,1865955,110
2019-05-12 07:34:01.076,60.0,sell,202.71,ETH-28JUN19-200-P,84.57,0.111,60.0,2,1557646441076,1908129,111
2019-05-12 09:54:52.903,3.0,buy,194.49,ETH-28JUN19-200-P,85.66,0.13699999999999998,3.0,0,1557654892903,1930694,112
2019-05-12 09:58:28.610,2.0,buy,195.42,ETH-28JUN19-200-P,89.22,0.14,2.0,0,1557655108610,1931461,113
2019-05-12 09:58:57.416,2.0,buy,195.55,ETH-28JUN19-200-P,93.06,0.145,2.0,0,1557655137416,1931554,114
