date_utc,amount,direction,indexPrice,instrument,iv,price,quantity,tickDirection,timeStamp,tradeId,tradeSeq
2019-04-03 19:16:37.073,50.0,sell,174.92,ETH-28JUN19-200-P,74.15,0.21,50.0,1,1554318997073,394974,1
2019-04-03 19:16:55.249,50.0,sell,174.48,ETH-28JUN19-200-P,70.22,0.203,50.0,2,1554319015249,395040,2
2019-04-03 19:27:09.943,50.0,sell,174.52,ETH-28JUN19-200-P,69.81,0.20199999999999999,50.0,2,1554319629943,395400,3
2019-04-03 19:46:46.614,50.0,sell,174.22,ETH-28JUN19-200-P,69.24,0.205,50.0,0,1554320806614,396519,4
2019-04-03 22:41:56.914,1.0,buy,169.33,ETH-28JUN19-200-P,71.93,0.228,1.0,0,1554331316914,412016,5
2019-04-05 12:32:04.534,20.0,sell,164.96,ETH-28JUN19-200-P,71.9,0.257,20.0,0,1554467524534,476853,6
2019-04-05 12:32:18.198,20.0,sell,165.19,ETH-28JUN19-200-P,72.69,0.257,20.0,1,1554467538198,476860,7
2019-04-05 12:32:39.822,21.0,sell,165.18,ETH-28JUN19-200-P,72.92,0.257,21.0,1,1554467559822,476884,8
2019-04-05 12:32:49.789,20.0,sell,165.19,ETH-28JUN19-200-P,72.77,0.256,20.0,2,1554467569789,476892,9
2019-04-05 12:32:58.040,20.0,sell,165.08,ETH-28JUN19-200-P,72.54,0.256,20.0,3,1554467578040,476901,10
2019-04-05 12:33:13.961,19.0,sell,164.99,ETH-28JUN19-200-P,71.01,0.253,19.0,2,1554467593961,476910,11
2019-04-05 12:33:52.066,18.0,sell,165.05,ETH-28JUN19-200-P,71.01,0.253,18.0,3,1554467632066,476937,12
2019-04-05 12:33:59.669,18.0,sell,165.13,ETH-28JUN19-200-P,71.04,0.253,18.0,3,1554467639669,476938,13
2019-04-05 12:34:24.683,18.0,sell,165.03,ETH-28JUN19-200-P,71.28,0.254,18.0,0,1554467664683,476944,14
2019-04-05 12:34:37.316,18.0,sell,165.11,ETH-28JUN19-200-P,71.48,0.254,18.0,1,1554467677316,476945,15
2019-04-05 12:41:06.019,18.0,sell,165.57,ETH-28JUN19-200-P,71.38,0.253,18.0,2,1554468066019,477171,16
2019-04-05 12:46:59.546,1.0,sell,165.66,ETH-28JUN19-200-P,67.02,0.245,1.0,2,1554468419546,477548,17
2019-04-05 12:47:00.253,1.0,sell,165.66,ETH-28JUN19-200-P,67.02,0.245,1.0,3,1554468420253,477549,18
2019-04-05 12:47:01.187,1.0,sell,165.67,ETH-28JUN19-200-P,67.08,0.245,1.0,3,1554468421187,477550,19
2019-04-05 12:47:02.113,1.0,sell,165.67,ETH-28JUN19-200-P,67.08,0.245,1.0,3,1554468422113,477551,20
2019-04-05 12:47:02.984,1.0,sell,165.67,ETH-28JUN19-200-P,67.08,0.245,1.0,3,1554468422984,477552,21
2019-04-05 12:47:03.704,1.0,sell,165.67,ETH-28JUN19-200-P,67.08,0.245,1.0,3,1554468423704,477553,22
2019-04-05 12:47:04.592,1.0,sell,165.68,ETH-28JUN19-200-P,67.11,0.245,1.0,3,1554468424592,477554,23
2019-04-05 12:47:05.344,1.0,sell,165.68,ETH-28JUN19-200-P,67.11,0.245,1.0,3,1554468425344,477555,24
2019-04-05 12:47:06.220,1.0,sell,165.7,ETH-28JUN19-200-P,67.14,0.245,1.0,3,1554468426220,477556,25
2019-04-05 12:47:07.032,1.0,sell,165.71,ETH-28JUN19-200-P,67.17,0.245,1.0,3,1554468427032,477557,26
2019-04-05 12:47:07.843,1.0,sell,165.71,ETH-28JUN19-200-P,67.17,0.245,1.0,3,1554468427843,477558,27
2019-04-05 12:47:08.742,1.0,sell,165.71,ETH-28JUN19-200-P,67.17,0.245,1.0,3,1554468428742,477559,28
2019-04-05 12:47:09.516,1.0,sell,165.71,ETH-28JUN19-200-P,67.2,0.245,1.0,3,1554468429516,477560,29
2019-04-05 12:47:10.516,1.0,sell,165.71,ETH-28JUN19-200-P,67.2,0.245,1.0,3,1554468430516,477561,30
2019-04-05 12:47:11.243,1.0,sell,165.71,ETH-28JUN19-200-P,67.2,0.245,1.0,3,1554468431243,477562,31
2019-04-05 12:47:12.581,1.0,sell,165.71,ETH-28JUN19-200-P,67.2,0.245,1.0,3,1554468432581,477563,32
2019-04-05 12:47:13.732,1.0,sell,165.71,ETH-28JUN19-200-P,67.2,0.245,1.0,3,1554468433732,477564,33
2019-04-05 12:47:14.535,1.0,sell,165.71,ETH-28JUN19-200-P,67.2,0.245,1.0,3,1554468434535,477565,34
2019-04-05 12:47:15.171,1.0,sell,165.7,ETH-28JUN19-200-P,67.17,0.245,1.0,3,1554468435171,477566,35
2019-04-08 02:59:42.766,36.0,sell,182.67,ETH-28JUN19-200-P,84.69,0.181,36.0,2,1554692382766,602887,36
2019-04-08 07:08:43.883,4.0,sell,181.26,ETH-28JUN19-200-P,74.21,0.17,4.0,2,1554707323883,615095,37
2019-04-08 07:08:45.467,4.0,sell,181.26,ETH-28JUN19-200-P,0.0,0.001,4.0,2,1554707325467,615096,38
2019-04-08 07:08:52.682,4.0,sell,181.25,ETH-28JUN19-200-P,74.29,0.17,4.0,0,1554707332682,615102,39
2019-04-08 07:08:53.298,4.0,sell,181.25,ETH-28JUN19-200-P,0.0,0.001,4.0,2,1554707333298,615103,40
2019-04-08 07:08:54.015,4.0,sell,181.25,ETH-28JUN19-200-P,74.29,0.17,4.0,0,1554707334015,615104,41
2019-04-08 07:08:54.849,2.0,sell,181.26,ETH-28JUN19-200-P,0.0,0.001,2.0,2,1554707334849,615105,42
2019-04-08 07:23:39.083,10.0,sell,180.01,ETH-28JUN19-200-P,72.88,0.173,10.0,0,1554708219083,617010,43
2019-04-08 08:14:16.914,1.0,sell,179.96,ETH-28JUN19-200-P,71.62,0.17,1.0,2,1554711256914,619268,44
2019-04-08 08:57:07.929,50.0,sell,180.24,ETH-28JUN19-200-P,70.66,0.16899999999999998,50.0,2,1554713827929,621211,45
2019-04-08 13:30:57.589,10.0,sell,179.01,ETH-28JUN19-200-P,73.07,0.182,10.0,0,1554730257589,635369,46
2019-04-09 13:59:47.884,50.0,sell,178.01,ETH-28JUN19-200-P,74.2,0.185,50.0,0,1554818387884,698381,47
2019-04-09 14:14:01.423,50.0,sell,177.31,ETH-28JUN19-200-P,74.42,0.188,50.0,0,1554819241423,699572,48
2019-04-09 14:14:40.072,50.0,sell,177.23,ETH-28JUN19-200-P,74.4,0.188,50.0,1,1554819280072,699626,49
2019-04-09 14:38:08.935,50.0,sell,177.39,ETH-28JUN19-200-P,73.71,0.18600000000000005,50.0,2,1554820688935,700887,50
2019-04-09 14:38:31.048,50.0,sell,177.38,ETH-28JUN19-200-P,71.33,0.182,50.0,2,1554820711048,700901,51
2019-04-09 15:11:18.463,50.0,sell,177.52,ETH-28JUN19-200-P,70.32,0.179,50.0,2,1554822678463,702058,52
2019-04-09 15:21:09.949,50.0,sell,177.63,ETH-28JUN19-200-P,69.97,0.17800000000000002,50.0,2,1554823269949,702319,53
2019-04-09 15:26:39.567,54.0,buy,177.84,ETH-28JUN19-200-P,73.95,0.184,54.0,0,1554823599567,702609,54
2019-04-09 15:27:50.367,50.0,sell,177.62,ETH-28JUN19-200-P,70.32,0.17800000000000002,50.0,2,1554823670367,702698,55
2019-04-09 17:53:53.970,70.0,sell,176.83,ETH-28JUN19-200-P,71.6,0.182,70.0,0,1554832433970,705881,56
2019-04-09 17:54:05.352,70.0,sell,176.83,ETH-28JUN19-200-P,71.56,0.182,70.0,1,1554832445352,705891,57
2019-04-09 18:01:36.426,74.0,sell,176.99,ETH-28JUN19-200-P,70.63,0.18,74.0,3,1554832896426,706015,59
2019-04-09 18:01:36.426,26.0,sell,176.99,ETH-28JUN19-200-P,70.63,0.18,26.0,2,1554832896426,706014,58
2019-04-11 15:45:06.638,90.0,sell,164.89,ETH-28JUN19-200-P,72.18,0.258,90.0,0,1554997506638,832563,60
2019-04-11 15:45:06.638,77.0,sell,164.89,ETH-28JUN19-200-P,70.44,0.255,77.0,2,1554997506638,832564,61
2019-04-11 15:45:06.638,12.0,sell,164.89,ETH-28JUN19-200-P,0.0,0.004,12.0,2,1554997506638,832565,62
2019-04-11 15:45:06.638,11.0,sell,164.89,ETH-28JUN19-200-P,0.0,0.003,11.0,2,1554997506638,832566,63
2019-04-11 15:50:39.391,76.0,sell,164.42,ETH-28JUN19-200-P,69.94,0.257,76.0,2,1554997839391,832774,65
2019-04-11 15:50:39.391,24.0,sell,164.42,ETH-28JUN19-200-P,0.0,0.005,24.0,2,1554997839391,832775,66
2019-04-11 15:50:39.391,90.0,sell,164.42,ETH-28JUN19-200-P,71.69,0.26,90.0,0,1554997839391,832773,64
2019-04-11 15:53:04.460,11.0,sell,163.85,ETH-28JUN19-200-P,71.09,0.262,11.0,0,1554997984460,832984,67
2019-04-11 15:53:12.107,1.0,sell,164.04,ETH-28JUN19-200-P,70.33,0.26,1.0,2,1554997992107,833022,68
2019-04-12 09:14:59.155,89.0,sell,162.28,ETH-28JUN19-200-P,65.41,0.259,89.0,2,1555060499155,871322,69
2019-04-12 09:16:43.410,29.0,sell,162.56,ETH-28JUN19-200-P,62.32,0.252,29.0,2,1555060603410,871360,70
2019-04-12 09:20:09.892,29.0,sell,162.67,ETH-28JUN19-200-P,64.66,0.255,29.0,0,1555060809892,871552,71
2019-04-12 09:28:26.408,29.0,sell,162.61,ETH-28JUN19-200-P,64.68,0.256,29.0,0,1555061306408,871744,72
2019-04-12 09:32:55.771,62.0,buy,162.8,ETH-28JUN19-200-P,70.24,0.263,62.0,0,1555061575771,871998,73
2019-04-12 09:32:57.212,15.0,buy,162.8,ETH-28JUN19-200-P,70.77,0.264,15.0,0,1555061577212,872009,74
2019-04-13 11:47:28.262,1.0,buy,162.84,ETH-28JUN19-200-P,69.35,0.27399999999999997,1.0,0,1555156048262,909760,75
2019-04-15 17:22:19.054,50.0,buy,164.66,ETH-28JUN19-200-P,71.95,0.26,50.0,2,1555348939054,954029,76
2019-04-15 17:32:51.521,1.0,buy,160.92,ETH-28JUN19-200-P,72.9,0.286,1.0,0,1555349571521,956362,77
