date_utc,amount,direction,indexPrice,instrument,iv,price,quantity,tickDirection,timeStamp,tradeId,tradeSeq
2019-04-02 10:01:22.036,2.0,buy,152.22,ETH-12APR19-160-P,72.89,0.075,2.0,1,1554199282036,284615,1
2019-04-02 14:58:57.525,1.0,buy,155.88,ETH-12APR19-160-P,81.98,0.065,1.0,2,1554217137525,305539,2
2019-04-02 18:50:28.971,274.0,buy,158.2,ETH-12APR19-160-P,78.68,0.054000000000000006,274.0,2,1554231028971,312858,3
2019-04-03 02:21:33.203,40.0,sell,169.94,ETH-12APR19-160-P,94.9,0.032,40.0,2,1554258093203,344902,4
2019-04-03 06:36:48.689,1.0,sell,167.12,ETH-12APR19-160-P,90.53,0.035,1.0,0,1554273408689,364238,5
2019-04-03 10:04:12.075,9.0,sell,167.98,ETH-12APR19-160-P,94.54,0.035,9.0,1,1554285852075,369042,6
2019-04-03 11:47:25.138,1.0,sell,167.95,ETH-12APR19-160-P,93.01,0.034,1.0,2,1554292045138,370518,7
2019-04-03 12:15:27.104,20.0,sell,170.68,ETH-12APR19-160-P,95.91,0.03,20.0,2,1554293727104,371626,8
2019-04-03 19:17:21.257,40.0,sell,174.24,ETH-12APR19-160-P,93.62,0.022,40.0,2,1554319041257,395085,9
2019-04-03 19:17:50.899,10.0,sell,174.3,ETH-12APR19-160-P,93.81,0.022,10.0,3,1554319070899,395100,10
2019-04-03 19:48:19.650,40.0,sell,174.06,ETH-12APR19-160-P,93.16,0.022,40.0,3,1554320899650,396577,11
2019-04-03 21:42:57.515,2.0,buy,178.49,ETH-12APR19-160-P,105.05,0.021,2.0,2,1554327777515,405769,12
2019-04-03 22:44:17.699,1.0,buy,162.33,ETH-12APR19-160-P,90.07,0.045,1.0,0,1554331457699,413534,13
2019-04-03 23:49:59.742,1.0,buy,161.26,ETH-12APR19-160-P,105.19,0.057,1.0,0,1554335399742,424882,14
2019-04-03 23:55:17.360,1.0,buy,159.73,ETH-12APR19-160-P,107.13,0.063,1.0,0,1554335717360,425373,15
2019-04-04 00:08:09.339,1.0,buy,159.98,ETH-12APR19-160-P,108.54,0.063,1.0,1,1554336489339,426124,16
2019-04-04 10:49:38.922,50.0,buy,160.08,ETH-12APR19-160-P,94.75,0.053,50.0,2,1554374978922,439968,17
2019-04-04 12:25:51.107,8.0,sell,161.3,ETH-12APR19-160-P,98.23,0.051,8.0,2,1554380751107,442312,18
2019-04-04 12:26:48.363,5.0,sell,161.23,ETH-12APR19-160-P,97.86,0.051,5.0,3,1554380808363,442321,19
2019-04-04 15:04:15.225,7.0,sell,161.26,ETH-12APR19-160-P,95.17,0.049,7.0,2,1554390255225,443636,20
2019-04-04 15:14:34.846,5.0,sell,160.52,ETH-12APR19-160-P,94.73,0.051,5.0,0,1554390874846,443746,21
2019-04-04 15:40:03.566,5.0,sell,160.03,ETH-12APR19-160-P,95.61,0.053,5.0,0,1554392403566,444175,22
2019-04-04 15:51:37.277,1.0,sell,160.65,ETH-12APR19-160-P,97.33,0.052000000000000005,1.0,2,1554393097277,444315,23
2019-04-04 16:30:47.229,57.0,sell,157.27,ETH-12APR19-160-P,95.06,0.062,57.0,0,1554395447229,445854,24
2019-04-04 16:32:14.944,15.0,sell,158.57,ETH-12APR19-160-P,97.83,0.059000000000000004,15.0,2,1554395534944,445984,25
2019-04-04 18:36:15.890,3.0,sell,155.35,ETH-12APR19-160-P,95.04,0.069,3.0,0,1554402975890,453355,26
2019-04-04 22:26:32.494,32.0,sell,157.8,ETH-12APR19-160-P,98.1,0.061,32.0,2,1554416792494,460282,27
2019-04-05 02:12:18.422,44.0,sell,158.13,ETH-12APR19-160-P,97.58,0.059000000000000004,44.0,2,1554430338422,463027,28
2019-04-05 02:31:01.354,2.0,buy,157.69,ETH-12APR19-160-P,110.92,0.068,2.0,0,1554431461354,463269,29
2019-04-05 03:04:52.591,2.0,sell,158.01,ETH-12APR19-160-P,81.0,0.05,2.0,2,1554433492591,463862,30
2019-04-05 03:09:52.775,1.0,buy,157.95,ETH-12APR19-160-P,109.19,0.066,1.0,0,1554433792775,463910,31
2019-04-05 05:00:43.330,1.0,sell,163.29,ETH-12APR19-160-P,81.71,0.034,1.0,2,1554440443330,467040,32
2019-04-05 09:26:00.506,40.0,buy,163.32,ETH-12APR19-160-P,94.14,0.04,40.0,0,1554456360506,473443,33
2019-04-05 09:26:19.624,14.0,buy,163.32,ETH-12APR19-160-P,94.14,0.04,14.0,1,1554456379624,473447,34
2019-04-05 11:18:28.017,1.0,sell,164.04,ETH-12APR19-160-P,88.73,0.035,1.0,2,1554463108017,475194,35
2019-04-05 11:27:19.120,1.0,sell,164.81,ETH-12APR19-160-P,92.48,0.035,1.0,3,1554463639120,475351,36
2019-04-05 12:43:03.123,1.0,sell,166.04,ETH-12APR19-160-P,96.63,0.034,1.0,2,1554468183123,477407,37
2019-04-05 22:24:05.892,1.0,sell,164.67,ETH-12APR19-160-P,84.82,0.03,1.0,2,1554503045892,489330,38
2019-04-06 00:16:36.348,20.0,sell,164.75,ETH-12APR19-160-P,85.7,0.03,20.0,3,1554509796348,491716,39
2019-04-06 07:42:17.547,1.0,buy,163.8,ETH-12APR19-160-P,97.2,0.037000000000000005,1.0,0,1554536537547,494632,40
2019-04-06 14:10:01.792,18.0,sell,164.21,ETH-12APR19-160-P,76.31,0.025,18.0,2,1554559801792,500124,41
2019-04-06 14:32:27.394,98.0,buy,164.05,ETH-12APR19-160-P,94.54,0.034,98.0,0,1554561147394,500248,42
2019-04-06 14:42:55.970,122.0,buy,164.84,ETH-12APR19-160-P,98.76,0.034,122.0,1,1554561775970,500399,43
2019-04-06 14:48:04.576,89.0,buy,164.64,ETH-12APR19-160-P,99.85,0.035,89.0,0,1554562084576,500473,44
2019-04-06 14:48:35.060,86.0,buy,164.64,ETH-12APR19-160-P,101.96,0.036000000000000004,86.0,0,1554562115060,500479,45
2019-04-06 18:02:58.843,50.0,sell,167.07,ETH-12APR19-160-P,91.25,0.025,50.0,2,1554573778843,508679,46
2019-04-06 18:36:14.067,1.0,sell,168.57,ETH-12APR19-160-P,88.94,0.021,1.0,2,1554575774067,509305,47
2019-04-06 18:36:54.224,1.0,sell,168.44,ETH-12APR19-160-P,88.38,0.021,1.0,3,1554575814224,509307,48
2019-04-06 20:16:18.985,10.0,sell,171.16,ETH-12APR19-160-P,90.34,0.017,10.0,2,1554581778985,515839,49
2019-04-06 20:16:27.081,10.0,sell,171.19,ETH-12APR19-160-P,90.46,0.017,10.0,3,1554581787081,515844,50
2019-04-06 20:19:04.200,15.0,sell,171.63,ETH-12APR19-160-P,86.91,0.015,15.0,2,1554581944200,515987,51
2019-04-06 20:24:47.630,11.0,sell,171.54,ETH-12APR19-160-P,86.6,0.015,11.0,3,1554582287630,516281,52
2019-04-06 20:26:23.725,11.0,sell,171.65,ETH-12APR19-160-P,87.03,0.015,11.0,3,1554582383725,516362,53
2019-04-06 20:26:29.419,5.0,sell,171.65,ETH-12APR19-160-P,75.89,0.011000000000000001,5.0,2,1554582389419,516368,55
2019-04-06 20:26:29.419,6.0,sell,171.65,ETH-12APR19-160-P,87.03,0.015,6.0,3,1554582389419,516367,54
2019-04-06 22:42:52.418,108.0,buy,165.69,ETH-12APR19-160-P,99.49,0.031,108.0,1,1554590572418,528565,57
2019-04-06 22:42:52.418,1.0,buy,165.69,ETH-12APR19-160-P,99.49,0.031,1.0,0,1554590572418,528564,56
2019-04-06 22:51:09.026,1.0,buy,164.82,ETH-12APR19-160-P,105.9,0.036000000000000004,1.0,0,1554591069026,528751,58
2019-04-07 12:15:13.684,1.0,sell,167.3,ETH-12APR19-160-P,89.13,0.021,1.0,2,1554639313684,544768,59
2019-04-07 14:39:41.903,2.0,buy,167.56,ETH-12APR19-160-P,98.8,0.024,2.0,0,1554647981903,546652,60
2019-04-07 14:39:41.903,80.0,buy,167.56,ETH-12APR19-160-P,98.8,0.024,80.0,1,1554647981903,546653,61
2019-04-07 14:39:48.327,80.0,sell,167.54,ETH-12APR19-160-P,103.65,0.026000000000000002,80.0,0,1554647988327,546656,62
2019-04-07 15:39:37.385,10.0,buy,166.98,ETH-12APR19-160-P,106.11,0.027999999999999997,10.0,0,1554651577385,548337,63
2019-04-07 19:45:26.383,54.0,sell,169.2,ETH-12APR19-160-P,98.63,0.02,54.0,2,1554666326383,556235,64
2019-04-07 20:11:42.606,5.0,sell,172.72,ETH-12APR19-160-P,109.14,0.018000000000000002,5.0,2,1554667902606,558715,65
2019-04-07 20:31:16.504,5.0,sell,175.7,ETH-12APR19-160-P,112.47,0.015,5.0,2,1554669076504,563141,66
2019-04-07 21:39:35.796,5.0,buy,172.76,ETH-12APR19-160-P,101.07,0.015,5.0,3,1554673175796,569895,67
2019-04-08 00:16:54.716,5.0,sell,178.08,ETH-12APR19-160-P,109.72,0.011000000000000001,5.0,2,1554682614716,582177,68
2019-04-08 01:05:36.578,50.0,buy,184.56,ETH-12APR19-160-P,115.09,0.006999999999999999,50.0,2,1554685536578,591506,69
2019-04-08 10:30:51.820,58.0,sell,180.06,ETH-12APR19-160-P,89.77,0.004,58.0,3,1554719451820,623521,71
2019-04-08 10:30:51.820,2.0,sell,180.06,ETH-12APR19-160-P,89.77,0.004,2.0,2,1554719451820,623520,70
2019-04-08 10:32:00.239,60.0,sell,180.3,ETH-12APR19-160-P,84.11,0.003,60.0,2,1554719520239,623555,72
2019-04-08 11:15:15.374,100.0,buy,178.52,ETH-12APR19-160-P,105.09,0.008,100.0,0,1554722115374,626218,73
2019-04-08 11:41:58.382,3.0,buy,176.94,ETH-12APR19-160-P,107.77,0.01,3.0,0,1554723718382,628230,74
2019-04-08 11:51:22.418,4.0,sell,175.99,ETH-12APR19-160-P,104.16,0.01,4.0,1,1554724282418,629401,75
2019-04-08 15:38:40.278,20.0,buy,180.51,ETH-12APR19-160-P,119.46,0.009000000000000001,20.0,2,1554737920278,640486,76
2019-04-08 17:00:05.250,1.0,buy,179.38,ETH-12APR19-160-P,116.13,0.009000000000000001,1.0,3,1554742805250,646157,77
2019-04-09 02:07:53.279,1.0,buy,179.65,ETH-12APR19-160-P,118.88,0.008,1.0,2,1554775673279,674717,78
2019-04-09 04:10:51.503,55.0,buy,177.99,ETH-12APR19-160-P,108.92,0.006999999999999999,55.0,2,1554783051503,678054,79
2019-04-09 15:49:51.463,88.0,buy,176.7,ETH-12APR19-160-P,100.28,0.005,88.0,2,1554824991463,703340,80
2019-04-09 15:50:06.483,100.0,buy,176.73,ETH-12APR19-160-P,106.2,0.006,100.0,0,1554825006483,703362,81
2019-04-09 15:50:10.962,20.0,buy,176.73,ETH-12APR19-160-P,106.2,0.006,20.0,1,1554825010962,703363,82
2019-04-09 15:50:23.607,8.0,buy,176.74,ETH-12APR19-160-P,106.25,0.006,8.0,1,1554825023607,703364,83
2019-04-09 16:12:03.112,500.0,buy,176.82,ETH-12APR19-160-P,106.89,0.006,500.0,1,1554826323112,703948,84
2019-04-09 19:57:43.812,20.0,buy,176.66,ETH-12APR19-160-P,109.49,0.006,20.0,1,1554839863812,708145,85
2019-04-09 22:02:10.582,150.0,sell,176.81,ETH-12APR19-160-P,99.34,0.004,150.0,2,1554847330582,711369,86
2019-04-10 02:41:53.542,40.0,buy,179.56,ETH-12APR19-160-P,122.61,0.005,40.0,0,1554864113542,720803,87
2019-04-10 10:19:53.827,60.0,buy,180.03,ETH-12APR19-160-P,117.56,0.003,60.0,2,1554891593827,730463,88
2019-04-11 00:47:11.536,50.0,sell,175.28,ETH-12APR19-160-P,105.73,0.002,50.0,2,1554943631536,787646,89
2019-04-11 07:30:57.076,20.0,buy,171.08,ETH-12APR19-160-P,114.8,0.004,20.0,0,1554967857076,804660,90
2019-04-11 11:05:10.432,70.0,sell,164.25,ETH-12APR19-160-P,87.71,0.006999999999999999,70.0,0,1554980710432,820223,91
2019-04-11 11:06:30.496,10.0,sell,164.17,ETH-12APR19-160-P,86.92,0.006999999999999999,10.0,1,1554980790496,820411,92
2019-04-11 11:07:51.683,55.0,sell,164.83,ETH-12APR19-160-P,87.18,0.006,55.0,2,1554980871683,820521,93
2019-04-11 11:22:33.194,119.0,sell,163.58,ETH-12APR19-160-P,87.32,0.008,119.0,0,1554981753194,821409,94
2019-04-11 11:56:13.047,27.0,buy,164.01,ETH-12APR19-160-P,105.42,0.01,27.0,0,1554983773047,824192,95
2019-04-11 14:08:37.424,1.0,sell,162.65,ETH-12APR19-160-P,100.7,0.011000000000000001,1.0,0,1554991717424,829390,96
2019-04-11 14:12:25.956,1.0,sell,162.48,ETH-12APR19-160-P,98.56,0.011000000000000001,1.0,1,1554991945956,829609,97
2019-04-11 14:12:27.538,1.0,sell,162.5,ETH-12APR19-160-P,98.83,0.011000000000000001,1.0,1,1554991947538,829612,98
2019-04-11 14:12:29.509,1.0,sell,162.5,ETH-12APR19-160-P,98.83,0.011000000000000001,1.0,1,1554991949509,829615,99
2019-04-11 14:13:01.342,1.0,sell,162.61,ETH-12APR19-160-P,100.35,0.011000000000000001,1.0,1,1554991981342,829624,100
2019-04-11 14:13:02.513,1.0,sell,162.62,ETH-12APR19-160-P,100.49,0.011000000000000001,1.0,1,1554991982513,829625,101
2019-04-11 14:17:44.346,1.0,sell,162.6,ETH-12APR19-160-P,100.45,0.011000000000000001,1.0,1,1554992264346,829795,102
2019-04-11 14:17:44.956,1.0,sell,162.6,ETH-12APR19-160-P,100.45,0.011000000000000001,1.0,1,1554992264956,829796,103
2019-04-11 14:17:45.492,1.0,sell,162.6,ETH-12APR19-160-P,100.45,0.011000000000000001,1.0,1,1554992265492,829797,104
2019-04-11 14:18:18.367,1.0,sell,162.69,ETH-12APR19-160-P,101.66,0.011000000000000001,1.0,1,1554992298367,829810,105
2019-04-11 14:30:54.300,1.0,sell,164.19,ETH-12APR19-160-P,102.01,0.008,1.0,2,1554993054300,830303,106
2019-04-11 14:30:56.011,1.0,sell,164.24,ETH-12APR19-160-P,102.59,0.008,1.0,3,1554993056011,830304,107
2019-04-11 14:45:36.468,1.0,sell,164.14,ETH-12APR19-160-P,102.17,0.008,1.0,3,1554993936468,830859,108
2019-04-11 14:50:39.044,1.0,sell,164.02,ETH-12APR19-160-P,101.0,0.008,1.0,3,1554994239044,830945,109
2019-04-11 14:55:29.459,1.0,sell,163.77,ETH-12APR19-160-P,104.79,0.009000000000000001,1.0,0,1554994529459,831095,110
2019-04-11 14:55:30.980,1.0,sell,163.78,ETH-12APR19-160-P,104.91,0.009000000000000001,1.0,1,1554994530980,831096,111
2019-04-11 14:55:31.393,1.0,sell,163.78,ETH-12APR19-160-P,104.91,0.009000000000000001,1.0,1,1554994531393,831097,112
2019-04-11 14:56:10.326,1.0,sell,164.04,ETH-12APR19-160-P,101.48,0.008,1.0,2,1554994570326,831116,113
2019-04-11 14:56:11.966,1.0,sell,164.06,ETH-12APR19-160-P,101.72,0.008,1.0,3,1554994571966,831117,114
2019-04-11 15:53:05.332,1.0,sell,163.84,ETH-12APR19-160-P,101.98,0.008,1.0,3,1554997985332,832992,115
2019-04-11 15:53:06.288,1.0,sell,163.84,ETH-12APR19-160-P,101.98,0.008,1.0,3,1554997986288,832996,116
2019-04-11 15:53:06.784,1.0,sell,163.84,ETH-12APR19-160-P,101.98,0.008,1.0,3,1554997986784,832999,117
2019-04-11 15:53:07.099,1.0,sell,163.86,ETH-12APR19-160-P,102.23,0.008,1.0,3,1554997987099,833000,118
2019-04-11 15:53:07.811,1.0,sell,163.86,ETH-12APR19-160-P,102.23,0.008,1.0,3,1554997987811,833011,119
2019-04-11 16:01:26.424,1.0,sell,163.92,ETH-12APR19-160-P,103.39,0.008,1.0,3,1554998486424,833566,120
2019-04-11 16:01:29.851,1.0,sell,163.99,ETH-12APR19-160-P,104.25,0.008,1.0,3,1554998489851,833571,121
2019-04-11 16:01:36.345,1.0,sell,164.08,ETH-12APR19-160-P,105.41,0.008,1.0,3,1554998496345,833593,122
2019-04-11 16:01:39.498,1.0,sell,164.08,ETH-12APR19-160-P,105.41,0.008,1.0,3,1554998499498,833597,123
2019-04-11 16:07:56.148,1.0,sell,164.24,ETH-12APR19-160-P,121.49,0.01,1.0,0,1554998876148,833899,124
2019-04-11 16:07:57.194,1.0,sell,164.25,ETH-12APR19-160-P,121.61,0.01,1.0,1,1554998877194,833900,125
2019-04-11 16:07:58.239,1.0,sell,164.29,ETH-12APR19-160-P,122.12,0.01,1.0,1,1554998878239,833902,126
2019-04-11 16:07:59.295,1.0,sell,164.28,ETH-12APR19-160-P,121.99,0.01,1.0,1,1554998879295,833903,127
2019-04-11 16:08:00.895,1.0,sell,164.29,ETH-12APR19-160-P,122.12,0.01,1.0,1,1554998880895,833904,128
2019-04-11 16:08:02.049,1.0,sell,164.29,ETH-12APR19-160-P,122.12,0.01,1.0,1,1554998882049,833905,129
2019-04-11 16:08:03.145,1.0,sell,164.31,ETH-12APR19-160-P,122.37,0.01,1.0,1,1554998883145,833906,130
2019-04-11 16:08:04.318,1.0,sell,164.32,ETH-12APR19-160-P,122.5,0.01,1.0,1,1554998884318,833910,131
2019-04-11 16:08:05.343,1.0,sell,164.32,ETH-12APR19-160-P,122.5,0.01,1.0,1,1554998885343,833911,132
2019-04-11 16:08:06.729,1.0,sell,164.33,ETH-12APR19-160-P,122.63,0.01,1.0,1,1554998886729,833913,133
2019-04-11 16:08:07.792,1.0,sell,164.38,ETH-12APR19-160-P,123.26,0.01,1.0,1,1554998887792,833921,134
2019-04-11 16:08:08.736,1.0,sell,164.4,ETH-12APR19-160-P,116.63,0.009000000000000001,1.0,2,1554998888736,833922,135
2019-04-11 16:08:12.364,1.0,sell,164.45,ETH-12APR19-160-P,110.24,0.008,1.0,2,1554998892364,833923,136
2019-04-11 16:08:15.736,1.0,sell,164.39,ETH-12APR19-160-P,109.51,0.008,1.0,3,1554998895736,833924,137
2019-04-11 16:23:42.492,1.0,sell,163.57,ETH-12APR19-160-P,100.25,0.008,1.0,3,1554999822492,835125,138
2019-04-11 16:31:34.879,1.0,sell,164.07,ETH-12APR19-160-P,99.83,0.006999999999999999,1.0,2,1555000294879,835440,139
2019-04-11 16:31:35.769,1.0,sell,164.3,ETH-12APR19-160-P,102.6,0.006999999999999999,1.0,3,1555000295769,835443,140
2019-04-11 16:31:36.795,1.0,sell,164.34,ETH-12APR19-160-P,103.08,0.006999999999999999,1.0,3,1555000296795,835444,141
2019-04-11 16:31:38.534,1.0,sell,164.34,ETH-12APR19-160-P,103.08,0.006999999999999999,1.0,3,1555000298534,835450,142
2019-04-11 16:31:43.321,1.0,sell,164.37,ETH-12APR19-160-P,103.44,0.006999999999999999,1.0,3,1555000303321,835460,143
2019-04-11 16:31:49.309,1.0,sell,164.28,ETH-12APR19-160-P,102.36,0.006999999999999999,1.0,3,1555000309309,835481,144
2019-04-11 16:33:55.179,1.0,sell,164.19,ETH-12APR19-160-P,94.01,0.006,1.0,2,1555000435179,835637,145
2019-04-11 16:36:26.415,1.0,sell,164.48,ETH-12APR19-160-P,97.48,0.006,1.0,3,1555000586415,835710,146
2019-04-11 16:36:27.766,1.0,sell,164.47,ETH-12APR19-160-P,89.6,0.005,1.0,2,1555000587766,835711,147
2019-04-11 16:36:29.256,1.0,sell,164.47,ETH-12APR19-160-P,89.6,0.005,1.0,3,1555000589256,835712,148
2019-04-11 16:57:39.383,53.0,buy,165.29,ETH-12APR19-160-P,71.42,0.002,53.0,2,1555001859383,837283,149
2019-04-11 18:37:07.438,1.0,sell,166.21,ETH-12APR19-160-P,125.23,0.006,1.0,0,1555007827438,840204,150
2019-04-11 18:48:50.689,1.0,sell,166.32,ETH-12APR19-160-P,98.05,0.003,1.0,2,1555008530689,840406,151
2019-04-11 18:48:57.278,1.0,sell,166.31,ETH-12APR19-160-P,97.95,0.003,1.0,3,1555008537278,840407,152
2019-04-11 18:49:03.580,1.0,sell,166.3,ETH-12APR19-160-P,97.85,0.003,1.0,3,1555008543580,840417,153
2019-04-11 18:49:09.794,1.0,sell,166.29,ETH-12APR19-160-P,97.74,0.003,1.0,3,1555008549794,840419,154
2019-04-11 19:11:09.610,1.0,sell,166.31,ETH-12APR19-160-P,129.15,0.006,1.0,0,1555009869610,841938,155
2019-04-11 19:11:10.301,1.0,sell,166.31,ETH-12APR19-160-P,129.15,0.006,1.0,1,1555009870301,841939,156
2019-04-11 19:11:10.722,1.0,sell,166.31,ETH-12APR19-160-P,129.15,0.006,1.0,1,1555009870722,841940,157
2019-04-11 19:11:11.145,1.0,sell,166.31,ETH-12APR19-160-P,129.15,0.006,1.0,1,1555009871145,841941,158
2019-04-11 19:11:11.566,1.0,sell,166.31,ETH-12APR19-160-P,129.15,0.006,1.0,1,1555009871566,841942,159
2019-04-11 19:11:12.022,1.0,sell,166.29,ETH-12APR19-160-P,128.91,0.006,1.0,1,1555009872022,841943,160
2019-04-11 19:11:12.458,1.0,sell,166.29,ETH-12APR19-160-P,128.91,0.006,1.0,1,1555009872458,841944,161
2019-04-11 19:11:12.873,1.0,sell,166.29,ETH-12APR19-160-P,128.91,0.006,1.0,1,1555009872873,841945,162
2019-04-11 19:11:13.327,1.0,sell,166.29,ETH-12APR19-160-P,128.91,0.006,1.0,1,1555009873327,841946,163
2019-04-11 19:11:13.726,1.0,sell,166.29,ETH-12APR19-160-P,128.91,0.006,1.0,1,1555009873726,841947,164
2019-04-11 19:11:14.155,1.0,sell,166.29,ETH-12APR19-160-P,128.91,0.006,1.0,1,1555009874155,841948,165
2019-04-11 19:11:14.568,1.0,sell,166.29,ETH-12APR19-160-P,128.91,0.006,1.0,1,1555009874568,841949,166
2019-04-11 19:11:15.096,1.0,sell,166.28,ETH-12APR19-160-P,128.8,0.006,1.0,1,1555009875096,841950,167
2019-04-11 19:11:15.507,1.0,sell,166.28,ETH-12APR19-160-P,128.8,0.006,1.0,1,1555009875507,841951,168
2019-04-11 19:11:15.935,1.0,sell,166.28,ETH-12APR19-160-P,128.8,0.006,1.0,1,1555009875935,841952,169
2019-04-11 19:11:16.356,1.0,sell,166.28,ETH-12APR19-160-P,128.8,0.006,1.0,1,1555009876356,841953,170
2019-04-11 19:11:16.776,1.0,sell,166.28,ETH-12APR19-160-P,128.8,0.006,1.0,1,1555009876776,841954,171
2019-04-11 19:11:17.207,1.0,sell,166.28,ETH-12APR19-160-P,128.8,0.006,1.0,1,1555009877207,841955,172
2019-04-11 19:11:17.629,1.0,sell,166.28,ETH-12APR19-160-P,128.8,0.006,1.0,1,1555009877629,841956,173
2019-04-11 19:11:18.051,1.0,sell,166.28,ETH-12APR19-160-P,128.8,0.006,1.0,1,1555009878051,841957,174
2019-04-11 19:11:18.471,1.0,sell,166.28,ETH-12APR19-160-P,128.8,0.006,1.0,1,1555009878471,841958,175
2019-04-11 19:11:18.892,1.0,sell,166.27,ETH-12APR19-160-P,128.68,0.006,1.0,1,1555009878892,841959,176
2019-04-11 19:11:19.313,1.0,sell,166.27,ETH-12APR19-160-P,128.68,0.006,1.0,1,1555009879313,841960,177
2019-04-11 19:11:19.733,1.0,sell,166.27,ETH-12APR19-160-P,128.68,0.006,1.0,1,1555009879733,841961,178
2019-04-11 19:11:20.267,1.0,sell,166.3,ETH-12APR19-160-P,129.03,0.006,1.0,1,1555009880267,841962,179
2019-04-11 19:11:20.604,1.0,sell,166.3,ETH-12APR19-160-P,129.03,0.006,1.0,1,1555009880604,841963,180
2019-04-11 19:11:21.028,1.0,sell,166.3,ETH-12APR19-160-P,129.03,0.006,1.0,1,1555009881028,841964,181
2019-04-11 19:11:21.453,1.0,sell,166.3,ETH-12APR19-160-P,129.03,0.006,1.0,1,1555009881453,841965,182
2019-04-11 19:11:21.994,1.0,sell,166.29,ETH-12APR19-160-P,128.91,0.006,1.0,1,1555009881994,841966,183
2019-04-11 19:11:22.416,1.0,sell,166.29,ETH-12APR19-160-P,128.91,0.006,1.0,1,1555009882416,841967,184
2019-04-11 19:11:22.838,1.0,sell,166.29,ETH-12APR19-160-P,128.91,0.006,1.0,1,1555009882838,841968,185
2019-04-11 19:11:23.261,1.0,sell,166.29,ETH-12APR19-160-P,128.91,0.006,1.0,1,1555009883261,841969,186
2019-04-11 19:11:23.684,1.0,sell,166.29,ETH-12APR19-160-P,128.91,0.006,1.0,1,1555009883684,841970,187
2019-04-11 19:11:24.113,1.0,sell,166.29,ETH-12APR19-160-P,128.91,0.006,1.0,1,1555009884113,841971,188
2019-04-11 19:11:24.537,1.0,sell,166.29,ETH-12APR19-160-P,128.91,0.006,1.0,1,1555009884537,841972,189
2019-04-11 19:11:24.958,1.0,sell,166.29,ETH-12APR19-160-P,128.91,0.006,1.0,1,1555009884958,841973,190
2019-04-11 19:11:25.531,1.0,sell,166.29,ETH-12APR19-160-P,128.91,0.006,1.0,1,1555009885531,841974,191
2019-04-11 19:11:25.954,1.0,sell,166.29,ETH-12APR19-160-P,128.91,0.006,1.0,1,1555009885954,841975,192
2019-04-11 19:11:26.376,1.0,sell,166.29,ETH-12APR19-160-P,128.91,0.006,1.0,1,1555009886376,841976,193
2019-04-11 19:11:26.810,1.0,sell,166.29,ETH-12APR19-160-P,128.91,0.006,1.0,1,1555009886810,841977,194
2019-04-11 19:11:27.233,1.0,sell,166.29,ETH-12APR19-160-P,128.91,0.006,1.0,1,1555009887233,841978,195
2019-04-11 19:11:27.658,1.0,sell,166.29,ETH-12APR19-160-P,128.91,0.006,1.0,1,1555009887658,841979,196
2019-04-11 19:11:28.097,1.0,sell,166.29,ETH-12APR19-160-P,128.91,0.006,1.0,1,1555009888097,841980,197
2019-04-11 19:11:28.525,1.0,sell,166.29,ETH-12APR19-160-P,128.91,0.006,1.0,1,1555009888525,841981,198
2019-04-11 19:11:28.940,1.0,sell,166.29,ETH-12APR19-160-P,128.91,0.006,1.0,1,1555009888940,841982,199
2019-04-11 19:11:29.364,1.0,sell,166.29,ETH-12APR19-160-P,128.91,0.006,1.0,1,1555009889364,841983,200
2019-04-11 19:11:29.781,1.0,sell,166.29,ETH-12APR19-160-P,128.91,0.006,1.0,1,1555009889781,841984,201
2019-04-11 19:11:30.204,1.0,sell,166.27,ETH-12APR19-160-P,128.68,0.006,1.0,1,1555009890204,841985,202
2019-04-11 19:11:30.630,1.0,sell,166.27,ETH-12APR19-160-P,128.68,0.006,1.0,1,1555009890630,841986,203
2019-04-11 19:11:31.059,1.0,sell,166.27,ETH-12APR19-160-P,128.68,0.006,1.0,1,1555009891059,841987,204
2019-04-11 19:11:31.480,1.0,sell,166.27,ETH-12APR19-160-P,128.68,0.006,1.0,1,1555009891480,841988,205
2019-04-11 19:11:32.075,1.0,sell,166.27,ETH-12APR19-160-P,128.68,0.006,1.0,1,1555009892075,841989,206
2019-04-11 19:25:44.519,1.0,sell,165.51,ETH-12APR19-160-P,129.47,0.006999999999999999,1.0,0,1555010744519,842796,207
2019-04-11 19:25:45.159,1.0,sell,165.51,ETH-12APR19-160-P,129.47,0.006999999999999999,1.0,1,1555010745159,842797,208
2019-04-11 19:25:45.791,1.0,sell,165.51,ETH-12APR19-160-P,129.47,0.006999999999999999,1.0,1,1555010745791,842798,209
2019-04-11 19:25:46.464,1.0,sell,165.51,ETH-12APR19-160-P,129.47,0.006999999999999999,1.0,1,1555010746464,842799,210
2019-04-11 19:25:47.098,1.0,sell,165.51,ETH-12APR19-160-P,129.47,0.006999999999999999,1.0,1,1555010747098,842800,211
2019-04-11 19:25:47.735,1.0,sell,165.51,ETH-12APR19-160-P,129.47,0.006999999999999999,1.0,1,1555010747735,842801,212
2019-04-11 19:25:48.379,1.0,sell,165.46,ETH-12APR19-160-P,128.84,0.006999999999999999,1.0,1,1555010748379,842802,213
2019-04-11 19:25:49.013,1.0,sell,165.5,ETH-12APR19-160-P,129.35,0.006999999999999999,1.0,1,1555010749013,842803,214
2019-04-11 19:25:49.648,1.0,sell,165.5,ETH-12APR19-160-P,129.35,0.006999999999999999,1.0,1,1555010749648,842804,215
2019-04-11 19:25:50.282,1.0,sell,165.5,ETH-12APR19-160-P,129.35,0.006999999999999999,1.0,1,1555010750282,842805,216
2019-04-11 19:25:50.915,1.0,sell,165.51,ETH-12APR19-160-P,129.47,0.006999999999999999,1.0,1,1555010750915,842806,217
2019-04-11 19:25:51.629,1.0,sell,165.51,ETH-12APR19-160-P,129.47,0.006999999999999999,1.0,1,1555010751629,842807,218
2019-04-11 19:25:52.265,1.0,sell,165.5,ETH-12APR19-160-P,129.35,0.006999999999999999,1.0,1,1555010752265,842808,219
2019-04-11 19:25:52.894,1.0,sell,165.51,ETH-12APR19-160-P,129.47,0.006999999999999999,1.0,1,1555010752894,842809,220
2019-04-11 19:25:53.584,1.0,sell,165.51,ETH-12APR19-160-P,129.47,0.006999999999999999,1.0,1,1555010753584,842810,221
2019-04-11 19:25:54.219,1.0,sell,165.48,ETH-12APR19-160-P,129.09,0.006999999999999999,1.0,1,1555010754219,842811,222
2019-04-11 19:42:42.275,1.0,sell,165.77,ETH-12APR19-160-P,95.73,0.003,1.0,2,1555011762275,843322,223
2019-04-11 19:42:44.219,1.0,sell,165.77,ETH-12APR19-160-P,95.73,0.003,1.0,3,1555011764219,843323,224
2019-04-11 19:42:46.863,1.0,sell,165.81,ETH-12APR19-160-P,96.16,0.003,1.0,3,1555011766863,843328,225
2019-04-11 19:44:36.481,1.0,sell,165.79,ETH-12APR19-160-P,96.08,0.003,1.0,3,1555011876481,843361,226
2019-04-11 19:51:21.423,1.0,sell,165.82,ETH-12APR19-160-P,126.67,0.006,1.0,0,1555012281423,843473,227
2019-04-11 19:51:21.949,1.0,sell,165.8,ETH-12APR19-160-P,126.42,0.006,1.0,1,1555012281949,843474,228
2019-04-11 19:51:22.475,1.0,sell,165.8,ETH-12APR19-160-P,126.42,0.006,1.0,1,1555012282475,843475,229
2019-04-11 19:51:23.029,1.0,sell,165.79,ETH-12APR19-160-P,126.3,0.006,1.0,1,1555012283029,843476,230
2019-04-11 19:51:23.559,1.0,sell,165.79,ETH-12APR19-160-P,126.3,0.006,1.0,1,1555012283559,843477,231
2019-04-11 19:51:24.074,1.0,sell,165.79,ETH-12APR19-160-P,126.3,0.006,1.0,1,1555012284074,843478,232
2019-04-11 19:51:24.612,1.0,sell,165.79,ETH-12APR19-160-P,126.3,0.006,1.0,1,1555012284612,843483,233
2019-04-11 19:51:25.256,1.0,sell,165.78,ETH-12APR19-160-P,126.18,0.006,1.0,1,1555012285256,843484,234
2019-04-11 19:51:25.711,1.0,sell,165.78,ETH-12APR19-160-P,126.18,0.006,1.0,1,1555012285711,843485,235
2019-04-11 19:51:26.264,1.0,sell,165.78,ETH-12APR19-160-P,126.18,0.006,1.0,1,1555012286264,843486,236
2019-04-11 19:51:26.791,1.0,sell,165.78,ETH-12APR19-160-P,126.18,0.006,1.0,1,1555012286791,843487,237
2019-04-11 19:51:27.317,1.0,sell,165.78,ETH-12APR19-160-P,126.18,0.006,1.0,1,1555012287317,843488,238
2019-04-11 19:51:27.845,1.0,sell,165.78,ETH-12APR19-160-P,126.18,0.006,1.0,1,1555012287845,843491,239
2019-04-11 19:51:28.373,1.0,sell,165.75,ETH-12APR19-160-P,125.81,0.006,1.0,1,1555012288373,843492,240
2019-04-11 19:51:28.908,1.0,sell,165.76,ETH-12APR19-160-P,125.93,0.006,1.0,1,1555012288908,843493,241
2019-04-11 19:51:29.432,1.0,sell,165.76,ETH-12APR19-160-P,125.93,0.006,1.0,1,1555012289432,843494,242
2019-04-11 19:51:29.957,1.0,sell,165.76,ETH-12APR19-160-P,125.93,0.006,1.0,1,1555012289957,843495,243
2019-04-11 19:51:30.655,1.0,sell,165.76,ETH-12APR19-160-P,125.93,0.006,1.0,1,1555012290655,843496,244
2019-04-11 19:51:31.173,1.0,sell,165.77,ETH-12APR19-160-P,126.05,0.006,1.0,1,1555012291173,843497,245
2019-04-11 19:51:31.693,1.0,sell,165.77,ETH-12APR19-160-P,126.05,0.006,1.0,1,1555012291693,843498,246
2019-04-11 19:51:32.321,1.0,sell,165.77,ETH-12APR19-160-P,126.05,0.006,1.0,1,1555012292321,843499,247
2019-04-11 20:10:42.146,1.0,buy,165.05,ETH-12APR19-160-P,78.07,0.002,1.0,2,1555013442146,844301,248
2019-04-11 20:15:08.819,1.0,sell,164.85,ETH-12APR19-160-P,125.17,0.006999999999999999,1.0,0,1555013708819,844943,249
2019-04-11 20:22:30.658,1.0,sell,165.37,ETH-12APR19-160-P,123.75,0.006,1.0,2,1555014150658,845277,250
2019-04-11 20:22:31.227,1.0,sell,165.41,ETH-12APR19-160-P,124.26,0.006,1.0,3,1555014151227,845279,251
2019-04-11 20:22:31.751,1.0,sell,165.41,ETH-12APR19-160-P,124.26,0.006,1.0,3,1555014151751,845280,252
2019-04-11 20:22:31.850,1.0,sell,165.41,ETH-12APR19-160-P,133.25,0.006999999999999999,1.0,0,1555014151850,845281,253
2019-04-11 20:22:32.409,1.0,sell,165.43,ETH-12APR19-160-P,124.6,0.006,1.0,2,1555014152409,845282,254
2019-04-11 20:22:33.637,1.0,sell,165.43,ETH-12APR19-160-P,124.6,0.006,1.0,3,1555014153637,845283,255
2019-04-11 20:29:09.699,1.0,sell,165.48,ETH-12APR19-160-P,125.78,0.006,1.0,3,1555014549699,845430,256
2019-04-11 20:29:10.140,1.0,sell,165.49,ETH-12APR19-160-P,125.91,0.006,1.0,3,1555014550140,845431,257
2019-04-11 20:29:10.548,1.0,sell,165.49,ETH-12APR19-160-P,125.91,0.006,1.0,3,1555014550548,845432,258
2019-04-11 20:29:10.967,1.0,sell,165.51,ETH-12APR19-160-P,126.17,0.006,1.0,3,1555014550967,845433,259
2019-04-11 20:29:11.386,1.0,sell,165.51,ETH-12APR19-160-P,126.17,0.006,1.0,3,1555014551386,845434,260
2019-04-11 20:29:14.347,1.0,sell,165.6,ETH-12APR19-160-P,127.31,0.006,1.0,3,1555014554347,845435,261
2019-04-11 20:29:15.494,1.0,sell,165.6,ETH-12APR19-160-P,127.31,0.006,1.0,3,1555014555494,845436,262
2019-04-11 20:49:02.603,1.0,sell,165.17,ETH-12APR19-160-P,104.21,0.004,1.0,2,1555015742603,845891,263
2019-04-11 20:49:03.063,1.0,sell,165.17,ETH-12APR19-160-P,123.59,0.006,1.0,0,1555015743063,845892,264
2019-04-11 20:49:03.486,1.0,sell,165.17,ETH-12APR19-160-P,123.59,0.006,1.0,1,1555015743486,845893,265
2019-04-11 20:49:03.908,1.0,sell,165.23,ETH-12APR19-160-P,124.38,0.006,1.0,1,1555015743908,845894,266
2019-04-11 20:49:04.162,1.0,sell,165.23,ETH-12APR19-160-P,104.94,0.004,1.0,2,1555015744162,845895,267
2019-04-11 20:49:05.170,1.0,sell,165.24,ETH-12APR19-160-P,124.51,0.006,1.0,0,1555015745170,845896,268
2019-04-11 21:00:35.741,1.0,buy,164.81,ETH-12APR19-160-P,90.15,0.003,1.0,2,1555016435741,846351,269
2019-04-11 21:00:39.416,1.0,buy,164.81,ETH-12APR19-160-P,90.15,0.003,1.0,3,1555016439416,846357,270
2019-04-11 21:00:44.703,1.0,buy,164.82,ETH-12APR19-160-P,90.26,0.003,1.0,3,1555016444703,846358,271
2019-04-11 21:00:46.863,1.0,buy,164.82,ETH-12APR19-160-P,90.26,0.003,1.0,3,1555016446863,846359,272
2019-04-11 21:01:30.729,1.0,buy,164.98,ETH-12APR19-160-P,92.14,0.003,1.0,3,1555016490729,846369,273
2019-04-11 21:01:56.866,1.0,buy,164.94,ETH-12APR19-160-P,91.74,0.003,1.0,3,1555016516866,846370,274
2019-04-11 21:09:58.548,1.0,buy,164.63,ETH-12APR19-160-P,88.63,0.003,1.0,3,1555016998548,846428,275
2019-04-11 21:10:03.694,1.0,buy,164.64,ETH-12APR19-160-P,88.75,0.003,1.0,3,1555017003694,846429,276
2019-04-11 21:10:09.149,1.0,buy,164.64,ETH-12APR19-160-P,88.75,0.003,1.0,3,1555017009149,846432,277
2019-04-11 21:10:30.962,1.0,buy,164.58,ETH-12APR19-160-P,88.03,0.003,1.0,3,1555017030962,846435,278
2019-04-11 21:10:39.813,1.0,buy,164.58,ETH-12APR19-160-P,88.1,0.003,1.0,3,1555017039813,846438,279
2019-04-11 21:23:37.571,1.0,sell,164.92,ETH-12APR19-160-P,103.9,0.004,1.0,0,1555017817571,846660,280
2019-04-11 22:01:31.433,1.0,buy,163.29,ETH-12APR19-160-P,75.08,0.003,1.0,2,1555020091433,847361,281
2019-04-11 22:01:34.623,1.0,buy,163.2,ETH-12APR19-160-P,73.94,0.003,1.0,3,1555020094623,847409,282
2019-04-11 22:01:38.226,1.0,buy,162.96,ETH-12APR19-160-P,70.69,0.003,1.0,3,1555020098226,847443,283
2019-04-11 22:01:42.145,1.0,buy,162.99,ETH-12APR19-160-P,71.1,0.003,1.0,3,1555020102145,847469,284
2019-04-11 22:01:44.980,1.0,buy,162.93,ETH-12APR19-160-P,70.28,0.003,1.0,3,1555020104980,847470,285
2019-04-11 22:01:48.229,1.0,buy,162.98,ETH-12APR19-160-P,70.97,0.003,1.0,3,1555020108229,847501,286
2019-04-11 22:02:22.744,1.0,buy,163.0,ETH-12APR19-160-P,71.24,0.003,1.0,3,1555020142744,847623,287
2019-04-11 22:02:30.277,1.0,buy,162.97,ETH-12APR19-160-P,70.83,0.003,1.0,3,1555020150277,847624,288
2019-04-11 22:15:12.056,1.0,sell,163.62,ETH-12APR19-160-P,90.73,0.004,1.0,0,1555020912056,848228,289
2019-04-11 22:15:15.843,1.0,sell,163.61,ETH-12APR19-160-P,90.59,0.004,1.0,1,1555020915843,848229,290
2019-04-11 22:15:16.254,1.0,sell,163.62,ETH-12APR19-160-P,90.73,0.004,1.0,1,1555020916254,848230,291
2019-04-11 22:15:16.675,1.0,sell,163.62,ETH-12APR19-160-P,90.73,0.004,1.0,1,1555020916675,848231,292
2019-04-11 22:15:32.563,14.0,buy,163.58,ETH-12APR19-160-P,90.17,0.004,14.0,1,1555020932563,848237,293
2019-04-11 22:16:57.247,30.0,buy,163.59,ETH-12APR19-160-P,90.46,0.004,30.0,1,1555021017247,848252,294
2019-04-11 22:17:25.598,26.0,buy,163.6,ETH-12APR19-160-P,90.6,0.004,26.0,1,1555021045598,848255,295
2019-04-11 22:17:27.332,1.0,sell,163.59,ETH-12APR19-160-P,100.19,0.005,1.0,0,1555021047332,848256,296
2019-04-11 22:18:27.765,4.0,buy,163.7,ETH-12APR19-160-P,92.08,0.004,4.0,2,1555021107765,848268,297
2019-04-11 22:29:34.524,1.0,sell,164.21,ETH-12APR19-160-P,89.23,0.003,1.0,2,1555021774524,848510,298
2019-04-11 22:30:06.395,1.0,sell,164.38,ETH-12APR19-160-P,102.48,0.004,1.0,0,1555021806395,848514,299
2019-04-11 22:30:06.913,1.0,sell,164.38,ETH-12APR19-160-P,122.64,0.006,1.0,0,1555021806913,848515,300
2019-04-11 22:30:07.436,1.0,sell,164.38,ETH-12APR19-160-P,122.64,0.006,1.0,1,1555021807436,848518,301
2019-04-11 22:30:08.004,1.0,sell,164.38,ETH-12APR19-160-P,102.48,0.004,1.0,2,1555021808004,848519,302
2019-04-11 22:30:08.536,1.0,sell,164.38,ETH-12APR19-160-P,122.64,0.006,1.0,0,1555021808536,848520,303
2019-04-11 22:30:09.069,1.0,sell,164.38,ETH-12APR19-160-P,122.64,0.006,1.0,1,1555021809069,848521,304
2019-04-11 22:30:09.600,1.0,sell,164.38,ETH-12APR19-160-P,122.64,0.006,1.0,1,1555021809600,848522,305
2019-04-11 22:44:58.139,10.0,buy,164.98,ETH-12APR19-160-P,87.41,0.002,10.0,2,1555022698139,848939,306
2019-04-12 00:19:43.964,50.0,buy,164.98,ETH-12APR19-160-P,96.01,0.002,50.0,3,1555028383964,850839,307
2019-04-12 01:11:11.015,10.0,buy,164.14,ETH-12APR19-160-P,104.26,0.003,10.0,0,1555031471015,852004,308
2019-04-12 01:20:24.265,20.0,buy,162.71,ETH-12APR19-160-P,104.94,0.005,20.0,0,1555032024265,852317,309
2019-04-12 01:21:28.731,1.0,buy,163.07,ETH-12APR19-160-P,100.38,0.004,1.0,2,1555032088731,852396,310
2019-04-12 01:21:28.731,29.0,buy,163.07,ETH-12APR19-160-P,100.38,0.004,29.0,3,1555032088731,852397,311
