date_utc,amount,direction,indexPrice,instrument,iv,price,quantity,tickDirection,timeStamp,tradeId,tradeSeq
2019-05-24 09:30:13.193,0.1,sell,7971.42,BTC-7JUN19-8500-P,76.79,0.1005,0.1,1,1558690213193,21977073,1
2019-05-24 16:25:37.303,0.1,buy,8149.46,BTC-7JUN19-8500-P,77.62,0.085,0.1,2,1558715137303,22003121,2
2019-05-24 23:28:12.718,0.1,buy,7937.99,BTC-7JUN19-8500-P,78.96,0.104,0.1,0,1558740492718,22028217,3
2019-05-26 20:06:32.021,0.2,sell,8758.54,BTC-7JUN19-8500-P,76.72,0.04,0.2,2,1558901192021,22171565,4
2019-05-26 20:07:17.907,0.2,sell,8774.17,BTC-7JUN19-8500-P,77.83,0.04,0.2,3,1558901237907,22172844,5
2019-05-26 20:07:21.391,0.2,sell,8775.39,BTC-7JUN19-8500-P,77.92,0.04,0.2,3,1558901241391,22172922,6
2019-05-26 20:09:21.389,0.1,buy,8714.88,BTC-7JUN19-8500-P,83.75,0.047,0.1,0,1558901361389,22175140,7
2019-05-26 20:34:17.274,0.2,buy,8669.78,BTC-7JUN19-8500-P,88.32,0.0525,0.2,0,1558902857274,22189014,8
2019-05-26 20:34:30.566,0.2,buy,8665.02,BTC-7JUN19-8500-P,87.94,0.0525,0.2,1,1558902870566,22189045,9
2019-05-26 20:34:36.155,0.3,buy,8664.06,BTC-7JUN19-8500-P,90.03,0.054000000000000006,0.3,0,1558902876155,22189059,10
2019-05-26 20:34:47.896,0.3,buy,8665.0,BTC-7JUN19-8500-P,90.83,0.0545,0.3,0,1558902887896,22189065,11
2019-05-26 20:44:31.347,0.2,sell,8630.63,BTC-7JUN19-8500-P,83.8,0.0515,0.2,2,1558903471347,22193380,12
2019-05-26 20:50:06.460,0.3,buy,8665.15,BTC-7JUN19-8500-P,93.05,0.056,0.3,0,1558903806460,22194945,13
2019-05-26 21:19:09.443,0.1,buy,8583.32,BTC-7JUN19-8500-P,84.33,0.0545,0.1,2,1558905549443,22203686,14
2019-05-26 21:55:12.247,1.0,buy,8640.54,BTC-7JUN19-8500-P,91.26,0.056,1.0,0,1558907712247,22210761,15
2019-05-26 23:44:40.019,0.1,sell,8715.53,BTC-7JUN19-8500-P,95.32,0.0545,0.1,2,1558914280019,22232016,16
2019-05-27 01:14:44.847,0.1,buy,8896.74,BTC-7JUN19-8500-P,104.58,0.0515,0.1,2,1558919684847,22257173,17
2019-05-27 01:16:46.226,2.9,sell,8886.56,BTC-7JUN19-8500-P,96.3,0.0465,2.9,2,1558919806226,22257558,18
2019-05-27 01:32:17.671,1.0,buy,8845.59,BTC-7JUN19-8500-P,98.71,0.05,1.0,0,1558920737671,22259762,19
2019-05-27 07:06:17.004,0.1,sell,8780.24,BTC-7JUN19-8500-P,91.16,0.0475,0.1,3,1558940777004,22278773,21
2019-05-27 07:06:17.004,0.2,sell,8780.24,BTC-7JUN19-8500-P,91.16,0.0475,0.2,2,1558940777004,22278772,20
2019-05-27 07:15:21.120,1.0,buy,8796.17,BTC-7JUN19-8500-P,90.1,0.046,1.0,2,1558941321120,22279060,22
2019-05-27 07:15:58.660,3.0,sell,8800.0,BTC-7JUN19-8500-P,86.62,0.0435,3.0,2,1558941358660,22279102,23
2019-05-27 07:25:59.571,0.2,sell,8787.9,BTC-7JUN19-8500-P,88.02,0.045,0.2,0,1558941959571,22279425,24
2019-05-27 07:25:59.571,3.8,sell,8787.9,BTC-7JUN19-8500-P,86.51,0.044,3.8,2,1558941959571,22279426,25
2019-05-27 09:37:26.619,4.5,sell,8768.1,BTC-7JUN19-8500-P,86.92,0.045,4.5,0,1558949846619,22283712,26
2019-05-27 10:35:04.286,0.1,sell,8740.19,BTC-7JUN19-8500-P,87.98,0.047,0.1,0,1558953304286,22286375,27
2019-05-27 12:08:18.472,3.0,sell,8815.94,BTC-7JUN19-8500-P,87.82,0.043,3.0,2,1558958898472,22293927,28
2019-05-27 12:08:47.112,2.0,sell,8812.03,BTC-7JUN19-8500-P,87.54,0.043,2.0,3,1558958927112,22294018,29
2019-05-27 12:10:33.062,1.0,buy,8803.35,BTC-7JUN19-8500-P,94.53,0.048,1.0,0,1558959033062,22294288,30
2019-05-27 12:16:23.990,2.5,buy,8826.04,BTC-7JUN19-8500-P,90.11,0.044,2.5,2,1558959383990,22295657,31
2019-05-27 12:30:48.992,0.1,buy,8811.55,BTC-7JUN19-8500-P,89.86,0.0445,0.1,0,1558960248992,22296853,32
2019-05-27 12:33:56.106,1.5,buy,8804.13,BTC-7JUN19-8500-P,90.09,0.045,1.5,0,1558960436106,22296999,33
2019-05-27 14:43:55.914,1.0,buy,8822.2,BTC-7JUN19-8500-P,90.26,0.044,1.0,2,1558968235914,22307248,34
2019-05-27 17:32:02.023,0.1,buy,8735.06,BTC-7JUN19-8500-P,94.85,0.051,0.1,0,1558978322023,22342424,35
2019-05-27 17:33:28.942,0.5,sell,8732.24,BTC-7JUN19-8500-P,94.63,0.051,0.5,1,1558978408942,22342588,36
2019-05-27 18:25:39.112,0.2,sell,8752.11,BTC-7JUN19-8500-P,87.2,0.045,0.2,2,1558981539112,22346453,37
2019-05-27 18:56:54.231,0.3,buy,8812.47,BTC-7JUN19-8500-P,87.19,0.042,0.3,2,1558983414231,22348873,38
2019-05-27 19:06:08.458,2.5,sell,8828.86,BTC-7JUN19-8500-P,85.3,0.04,2.5,2,1558983968458,22350048,39
2019-05-27 19:14:09.474,1.5,sell,8796.58,BTC-7JUN19-8500-P,82.97,0.04,1.5,3,1558984449474,22351491,40
2019-05-27 22:10:16.410,5.4,sell,8798.6,BTC-7JUN19-8500-P,83.61,0.04,5.4,3,1558995016410,22359849,41
2019-05-27 22:10:16.410,4.6000000000000005,sell,8798.6,BTC-7JUN19-8500-P,83.61,0.04,4.6000000000000005,3,1558995016410,22359850,42
2019-05-28 00:02:14.432,0.1,buy,8778.6,BTC-7JUN19-8500-P,90.21,0.045,0.1,0,1559001734432,22367352,43
2019-05-28 00:33:49.424,10.0,sell,8752.63,BTC-7JUN19-8500-P,89.86,0.046,10.0,0,1559003629424,22369323,44
2019-05-28 01:41:48.192,10.0,buy,8802.91,BTC-7JUN19-8500-P,90.02,0.0435,10.0,2,1559007708192,22371748,45
2019-05-28 08:33:14.408,2.0,sell,8721.68,BTC-7JUN19-8500-P,90.44,0.047,2.0,0,1559032394408,22391251,46
2019-05-28 13:32:20.929,0.1,sell,8586.29,BTC-7JUN19-8500-P,86.12,0.051,0.1,0,1559050340929,22413679,47
2019-05-28 13:50:11.428,3.6,sell,8653.26,BTC-7JUN19-8500-P,84.99,0.0465,3.6,2,1559051411428,22416678,48
2019-05-28 16:32:37.042,0.5,buy,8659.43,BTC-7JUN19-8500-P,91.52,0.05,0.5,0,1559061157042,22426223,49
2019-05-28 17:35:56.213,2.0,buy,8775.45,BTC-7JUN19-8500-P,86.89,0.041,2.0,2,1559064956213,22430976,50
2019-05-28 17:43:52.510,3.0,sell,8775.64,BTC-7JUN19-8500-P,86.93,0.041,3.0,3,1559065432510,22432900,51
2019-05-28 17:45:18.871,1.0,sell,8769.42,BTC-7JUN19-8500-P,86.44,0.041,1.0,3,1559065518871,22433063,52
2019-05-29 00:23:01.474,6.0,sell,8695.46,BTC-7JUN19-8500-P,87.36,0.0445,6.0,0,1559089381474,22453787,53
2019-05-29 00:55:13.176,0.1,sell,8686.21,BTC-7JUN19-8500-P,85.88,0.044,0.1,2,1559091313176,22455063,54
2019-05-29 01:47:44.566,1.1,buy,8684.06,BTC-7JUN19-8500-P,91.51,0.0475,1.1,0,1559094464566,22456536,55
2019-05-29 02:33:28.968,6.0,buy,8635.25,BTC-7JUN19-8500-P,91.44,0.05,6.0,1,1559097208968,22459715,57
2019-05-29 02:33:28.968,3.5,buy,8635.25,BTC-7JUN19-8500-P,91.44,0.05,3.5,1,1559097208968,22459716,58
2019-05-29 02:33:28.968,0.5,buy,8635.25,BTC-7JUN19-8500-P,91.44,0.05,0.5,0,1559097208968,22459714,56
2019-05-29 02:59:51.556,1.0,sell,8638.41,BTC-7JUN19-8500-P,89.4,0.0485,1.0,2,1559098791556,22460794,59
2019-05-29 04:32:49.849,0.7000000000000001,buy,8559.92,BTC-7JUN19-8500-P,86.57,0.051,0.7000000000000001,0,1559104369849,22466441,60
2019-05-29 04:41:55.692,1.0,sell,8571.67,BTC-7JUN19-8500-P,86.1,0.05,1.0,2,1559104915692,22469825,61
2019-05-29 05:41:25.023,0.1,buy,8466.33,BTC-7JUN19-8500-P,93.56,0.061,0.1,0,1559108485023,22476000,62
2019-05-29 06:01:41.960,0.1,buy,8464.73,BTC-7JUN19-8500-P,93.48,0.061,0.1,1,1559109701960,22480544,63
2019-05-29 11:04:44.147,0.2,sell,8652.91,BTC-7JUN19-8500-P,83.36,0.043,0.2,2,1559127884147,22503093,64
2019-05-29 11:39:41.969,0.5,buy,8635.06,BTC-7JUN19-8500-P,88.45,0.047,0.5,0,1559129981969,22504910,65
2019-05-29 13:21:52.459,0.1,sell,8687.2,BTC-7JUN19-8500-P,87.64,0.0435,0.1,2,1559136112459,22509195,66
2019-05-29 13:25:47.565,0.1,sell,8691.61,BTC-7JUN19-8500-P,87.2,0.043,0.1,2,1559136347565,22509461,67
2019-05-29 13:33:45.245,0.1,sell,8740.94,BTC-7JUN19-8500-P,91.42,0.043,0.1,3,1559136825245,22511547,68
2019-05-29 13:55:22.663,0.5,sell,8756.11,BTC-7JUN19-8500-P,90.24,0.0415,0.5,2,1559138122663,22515776,69
2019-05-29 15:52:52.071,0.1,sell,8695.27,BTC-7JUN19-8500-P,85.52,0.0415,0.1,3,1559145172071,22523942,70
2019-05-29 16:53:02.185,2.5,sell,8743.98,BTC-7JUN19-8500-P,84.79,0.0385,2.5,2,1559148782185,22528716,71
2019-05-29 16:53:47.139,1.0,sell,8745.97,BTC-7JUN19-8500-P,84.96,0.0385,1.0,3,1559148827139,22528787,72
2019-05-29 16:55:07.381,3.0,buy,8745.28,BTC-7JUN19-8500-P,87.45,0.04,3.0,0,1559148907381,22528964,73
2019-05-29 19:52:14.292,1.0,buy,8681.7,BTC-7JUN19-8500-P,86.01,0.042,1.0,0,1559159534292,22535703,74
2019-05-29 19:53:17.696,2.0,sell,8683.9,BTC-7JUN19-8500-P,85.36,0.0415,2.0,2,1559159597696,22535732,75
2019-05-29 19:55:28.133,0.1,buy,8683.65,BTC-7JUN19-8500-P,86.19,0.042,0.1,0,1559159728133,22535803,76
2019-05-29 20:43:39.533,6.0,sell,8658.77,BTC-7JUN19-8500-P,85.0,0.0425,6.0,0,1559162619533,22539024,77
2019-05-29 20:45:36.901,6.0,buy,8655.13,BTC-7JUN19-8500-P,84.68,0.0425,6.0,1,1559162736901,22539177,78
2019-05-29 20:45:37.104,2.5,buy,8655.13,BTC-7JUN19-8500-P,84.68,0.0425,2.5,1,1559162737104,22539178,79
2019-05-29 20:45:39.315,6.0,buy,8653.49,BTC-7JUN19-8500-P,84.54,0.0425,6.0,1,1559162739315,22539298,80
2019-05-29 20:45:47.574,4.5,buy,8645.48,BTC-7JUN19-8500-P,83.82,0.0425,4.5,1,1559162747574,22539360,81
2019-05-29 20:46:31.225,10.0,sell,8627.85,BTC-7JUN19-8500-P,83.9,0.0435,10.0,0,1559162791225,22540355,82
2019-05-30 00:07:01.296,6.0,buy,8632.83,BTC-7JUN19-8500-P,85.89,0.044,6.0,0,1559174821296,22547526,83
2019-05-30 00:07:41.950,6.0,buy,8626.66,BTC-7JUN19-8500-P,85.33,0.044,6.0,1,1559174861950,22547675,84
2019-05-30 00:07:53.832,6.0,buy,8626.69,BTC-7JUN19-8500-P,85.33,0.044,6.0,1,1559174873832,22547722,85
2019-05-30 00:08:11.181,7.0,buy,8624.46,BTC-7JUN19-8500-P,85.13,0.044,7.0,1,1559174891181,22547726,86
2019-05-30 01:53:16.963,3.7,buy,8628.62,BTC-7JUN19-8500-P,87.58,0.045,3.7,0,1559181196963,22563040,87
2019-05-30 02:11:06.009,10.0,buy,8624.4,BTC-7JUN19-8500-P,90.64,0.047,10.0,0,1559182266009,22564754,88
2019-05-30 04:06:37.370,0.3,buy,8670.2,BTC-7JUN19-8500-P,86.77,0.042,0.3,2,1559189197370,22575768,89
2019-05-30 05:26:07.340,32.0,buy,8732.84,BTC-7JUN19-8500-P,90.02,0.0405,32.0,2,1559193967340,22582688,90
2019-05-30 05:26:07.340,4.9,buy,8732.84,BTC-7JUN19-8500-P,90.02,0.0405,4.9,3,1559193967340,22582689,91
2019-05-30 07:38:21.985,6.0,sell,8717.83,BTC-7JUN19-8500-P,84.84,0.038,6.0,2,1559201901985,22587889,92
2019-05-30 07:58:58.913,4.5,sell,8696.27,BTC-7JUN19-8500-P,83.89,0.0385,4.5,0,1559203138913,22588470,93
2019-05-30 08:16:15.674,6.0,sell,8714.14,BTC-7JUN19-8500-P,83.78,0.0375,6.0,2,1559204175674,22589253,94
2019-05-30 08:16:26.675,1.0,sell,8714.14,BTC-7JUN19-8500-P,83.78,0.0375,1.0,3,1559204186675,22589254,95
2019-05-30 08:23:33.014,1.0,buy,8694.39,BTC-7JUN19-8500-P,85.56,0.0395,1.0,0,1559204613014,22589542,96
2019-05-30 08:23:33.014,0.1,buy,8694.39,BTC-7JUN19-8500-P,85.56,0.0395,0.1,1,1559204613014,22589543,97
2019-05-30 08:41:26.126,1.0,buy,8692.2,BTC-7JUN19-8500-P,91.54,0.043,1.0,0,1559205686126,22590852,98
2019-05-30 09:11:28.693,4.0,sell,8703.78,BTC-7JUN19-8500-P,83.07,0.0375,4.0,2,1559207488693,22591468,99
2019-05-30 10:09:39.159,0.1,buy,8737.75,BTC-7JUN19-8500-P,86.25,0.0375,0.1,3,1559210979159,22593661,100
2019-05-30 10:13:14.387,1.0,sell,8749.97,BTC-7JUN19-8500-P,82.87,0.035,1.0,3,1559211194387,22594379,102
2019-05-30 10:13:14.387,2.5,sell,8749.97,BTC-7JUN19-8500-P,82.87,0.035,2.5,2,1559211194387,22594378,101
2019-05-30 10:15:05.155,3.0,buy,8747.54,BTC-7JUN19-8500-P,86.23,0.037000000000000005,3.0,0,1559211305155,22594576,103
2019-05-30 10:19:07.756,5.9,buy,8743.82,BTC-7JUN19-8500-P,85.93,0.037000000000000005,5.9,1,1559211547756,22594875,104
2019-05-30 10:19:27.199,5.1000000000000005,buy,8744.03,BTC-7JUN19-8500-P,85.94,0.037000000000000005,5.1000000000000005,1,1559211567199,22594887,105
2019-05-30 10:31:29.353,10.0,sell,8747.14,BTC-7JUN19-8500-P,82.7,0.035,10.0,2,1559212289353,22595285,106
2019-05-30 10:31:29.355,1.0,buy,8747.14,BTC-7JUN19-8500-P,82.7,0.035,1.0,3,1559212289355,22595286,107
2019-05-30 14:02:34.106,1.0,sell,8711.95,BTC-7JUN19-8500-P,82.21,0.036000000000000004,1.0,0,1559224954106,22604499,108
2019-05-30 16:02:01.230,0.2,sell,9009.97,BTC-7JUN19-8500-P,84.69,0.0245,0.2,2,1559232121230,22622254,109
2019-05-30 16:02:22.387,0.2,buy,9001.46,BTC-7JUN19-8500-P,86.08,0.0255,0.2,1,1559232142387,22622619,111
2019-05-30 16:02:22.387,0.1,buy,9001.46,BTC-7JUN19-8500-P,86.08,0.0255,0.1,0,1559232142387,22622618,110
2019-05-30 16:07:20.186,1.0,buy,9012.71,BTC-7JUN19-8500-P,88.89,0.0265,1.0,0,1559232440186,22626774,112
2019-05-30 16:08:30.808,1.0,buy,9027.2,BTC-7JUN19-8500-P,84.93,0.024,1.0,2,1559232510808,22627964,113
2019-05-30 16:11:36.255,6.0,sell,8979.55,BTC-7JUN19-8500-P,85.52,0.026,6.0,0,1559232696255,22629095,114
2019-05-30 16:11:36.257,11.8,buy,8979.55,BTC-7JUN19-8500-P,84.53,0.0255,11.8,2,1559232696257,22629096,115
2019-05-30 16:11:36.276,6.0,buy,8979.55,BTC-7JUN19-8500-P,84.53,0.0255,6.0,3,1559232696276,22629097,116
2019-05-30 16:11:36.318,11.9,buy,8979.55,BTC-7JUN19-8500-P,84.53,0.0255,11.9,3,1559232696318,22629098,117
2019-05-30 16:11:36.504,6.0,buy,8979.55,BTC-7JUN19-8500-P,84.53,0.0255,6.0,3,1559232696504,22629099,118
2019-05-30 16:11:43.527,8.3,buy,8969.11,BTC-7JUN19-8500-P,83.77,0.0255,8.3,3,1559232703527,22629192,119
2019-05-30 16:30:18.070,0.4,buy,8707.9,BTC-7JUN19-8500-P,88.66,0.0395,0.4,0,1559233818070,22649994,120
2019-05-30 16:31:27.841,1.6,sell,8686.38,BTC-7JUN19-8500-P,89.38,0.041,1.6,0,1559233887841,22650538,121
2019-05-30 16:59:20.102,6.0,buy,8688.68,BTC-7JUN19-8500-P,84.35,0.038,6.0,2,1559235560102,22656905,122
2019-05-30 16:59:32.958,4.0,buy,8691.35,BTC-7JUN19-8500-P,84.6,0.038,4.0,3,1559235572958,22656916,123
2019-05-30 17:01:11.827,0.4,buy,8623.67,BTC-7JUN19-8500-P,85.37,0.042,0.4,0,1559235671827,22657986,124
2019-05-30 17:01:12.018,0.4,buy,8623.67,BTC-7JUN19-8500-P,85.37,0.042,0.4,1,1559235672018,22657990,125
2019-05-30 17:02:24.899,6.0,buy,8611.37,BTC-7JUN19-8500-P,84.18,0.042,6.0,1,1559235744899,22658810,126
2019-05-30 17:05:27.899,6.0,buy,8614.04,BTC-7JUN19-8500-P,84.45,0.042,6.0,1,1559235927899,22660595,127
2019-05-30 17:05:43.887,6.0,buy,8605.98,BTC-7JUN19-8500-P,83.67,0.042,6.0,1,1559235943887,22660676,128
2019-05-30 17:05:50.095,1.2,buy,8606.37,BTC-7JUN19-8500-P,83.71,0.042,1.2,1,1559235950095,22660727,129
2019-05-30 17:07:22.553,6.0,buy,8591.52,BTC-7JUN19-8500-P,83.13,0.0425,6.0,0,1559236042553,22661636,130
2019-05-30 17:07:37.378,4.0,buy,8577.68,BTC-7JUN19-8500-P,81.77,0.0425,4.0,1,1559236057378,22661804,131
2019-05-30 17:08:31.232,10.0,sell,8550.11,BTC-7JUN19-8500-P,82.48,0.0445,10.0,0,1559236111232,22662831,132
2019-05-30 17:08:31.232,10.0,sell,8550.11,BTC-7JUN19-8500-P,82.48,0.0445,10.0,1,1559236111232,22662832,133
2019-05-30 17:11:42.629,0.5,buy,8585.35,BTC-7JUN19-8500-P,84.3,0.0435,0.5,2,1559236302629,22663850,134
2019-05-30 18:02:52.286,0.1,buy,8595.4,BTC-7JUN19-8500-P,85.49,0.0435,0.1,3,1559239372286,22670860,135
2019-05-30 19:17:15.376,1.0,buy,8654.09,BTC-7JUN19-8500-P,85.25,0.04,1.0,2,1559243835376,22674467,136
2019-05-30 20:16:51.144,0.1,buy,8505.36,BTC-7JUN19-8500-P,88.14,0.05,0.1,0,1559247411144,22682755,137
2019-05-30 20:25:54.580,2.0,buy,8413.61,BTC-7JUN19-8500-P,91.0,0.0575,2.0,0,1559247954580,22687721,138
2019-05-30 20:35:30.472,1.0,buy,8500.24,BTC-7JUN19-8500-P,87.66,0.05,1.0,2,1559248530472,22693330,139
2019-05-30 20:56:37.202,0.6,buy,8462.35,BTC-7JUN19-8500-P,87.96,0.0525,0.6,0,1559249797202,22696135,140
2019-05-30 21:10:25.467,0.3,buy,8463.6,BTC-7JUN19-8500-P,90.78,0.054000000000000006,0.3,0,1559250625467,22697592,141
2019-05-30 21:32:52.291,3.0,buy,8125.5,BTC-7JUN19-8500-P,90.69,0.079,3.0,0,1559251972291,22725665,142
2019-05-31 02:50:04.967,2.0,buy,8319.75,BTC-7JUN19-8500-P,90.8,0.063,2.0,2,1559271004967,22761655,143
2019-05-31 07:06:48.892,1.0,buy,8273.24,BTC-7JUN19-8500-P,92.95,0.067,1.0,0,1559286408892,22778064,144
2019-05-31 08:40:17.728,5.0,buy,8304.57,BTC-7JUN19-8500-P,84.85,0.06,5.0,2,1559292017728,22784876,145
2019-05-31 08:40:49.822,0.6,buy,8301.86,BTC-7JUN19-8500-P,84.48,0.06,0.6,3,1559292049822,22784919,146
2019-05-31 08:40:54.289,4.4,buy,8293.98,BTC-7JUN19-8500-P,83.41,0.06,4.4,3,1559292054289,22784985,147
2019-05-31 11:12:29.705,1.0,buy,8226.14,BTC-7JUN19-8500-P,75.11,0.0605,1.0,0,1559301149705,22791749,148
2019-05-31 11:55:04.925,0.4,buy,8228.85,BTC-7JUN19-8500-P,74.74,0.06,0.4,2,1559303704925,22795319,149
2019-05-31 11:56:19.587,0.1,sell,8237.88,BTC-7JUN19-8500-P,74.22,0.059,0.1,2,1559303779587,22795484,150
2019-05-31 15:00:37.899,0.6,buy,8421.11,BTC-7JUN19-8500-P,81.31,0.049,0.6,2,1559314837899,22811484,151
2019-05-31 15:00:48.116,0.6,buy,8420.21,BTC-7JUN19-8500-P,81.2,0.049,0.6,3,1559314848116,22811490,152
2019-05-31 15:02:27.956,0.6,buy,8421.22,BTC-7JUN19-8500-P,81.33,0.049,0.6,3,1559314947956,22811530,153
2019-05-31 15:14:30.165,1.0,buy,8401.48,BTC-7JUN19-8500-P,81.7,0.0505,1.0,0,1559315670165,22811881,154
2019-05-31 17:47:35.652,0.5,sell,8416.78,BTC-7JUN19-8500-P,75.88,0.046,0.5,2,1559324855652,22826309,155
2019-05-31 17:51:18.612,0.1,buy,8401.55,BTC-7JUN19-8500-P,81.45,0.05,0.1,0,1559325078612,22826501,156
2019-05-31 18:19:14.357,0.5,buy,8432.76,BTC-7JUN19-8500-P,80.8,0.0475,0.5,2,1559326754357,22828397,157
2019-05-31 19:05:20.437,6.0,buy,8431.76,BTC-7JUN19-8500-P,81.81,0.048,6.0,0,1559329520437,22833027,158
2019-05-31 21:44:11.357,0.1,sell,8530.14,BTC-7JUN19-8500-P,77.13,0.039,0.1,2,1559339051357,22846515,159
2019-05-31 21:44:11.357,3.0,sell,8530.14,BTC-7JUN19-8500-P,76.18,0.0385,3.0,2,1559339051357,22846516,160
2019-05-31 21:44:11.357,2.9,sell,8530.14,BTC-7JUN19-8500-P,76.18,0.0385,2.9,3,1559339051357,22846517,161
2019-06-01 00:58:09.027,1.0,sell,8564.86,BTC-7JUN19-8500-P,80.86,0.0385,1.0,3,1559350689027,22855978,162
2019-06-01 04:19:47.866,0.5,buy,8523.72,BTC-7JUN19-8500-P,78.09,0.039,0.5,0,1559362787866,22863165,163
2019-06-01 05:35:00.623,0.5,buy,8522.95,BTC-7JUN19-8500-P,80.28,0.04,0.5,0,1559367300623,22865762,164
2019-06-01 05:53:19.025,1.0,sell,8487.79,BTC-7JUN19-8500-P,77.18,0.0405,1.0,0,1559368399025,22866422,165
2019-06-01 07:01:15.900,1.2,sell,8517.06,BTC-7JUN19-8500-P,77.06,0.0385,1.2,2,1559372475900,22870105,166
2019-06-01 18:18:53.251,0.8,sell,8532.16,BTC-7JUN19-8500-P,76.99,0.036000000000000004,0.8,2,1559413133251,22893250,167
2019-06-01 21:40:44.343,1.0,sell,8580.68,BTC-7JUN19-8500-P,82.68,0.0355,1.0,2,1559425244343,22900733,168
2019-06-02 01:25:31.605,0.2,sell,8595.35,BTC-7JUN19-8500-P,72.92,0.0295,0.2,2,1559438731605,22908738,169
2019-06-02 07:53:56.262,1.0,buy,8696.34,BTC-7JUN19-8500-P,81.7,0.0275,1.0,2,1559462036262,22922317,170
2019-06-02 10:10:28.098,0.1,buy,8713.68,BTC-7JUN19-8500-P,72.97,0.0225,0.1,3,1559470228098,22928350,172
2019-06-02 10:10:28.098,0.1,buy,8713.68,BTC-7JUN19-8500-P,72.97,0.0225,0.1,2,1559470228098,22928349,171
2019-06-02 12:07:25.585,1.0,sell,8817.67,BTC-7JUN19-8500-P,77.96,0.02,1.0,2,1559477245585,22934017,173
2019-06-02 13:01:09.614,0.6,sell,8800.52,BTC-7JUN19-8500-P,76.63,0.02,0.6,3,1559480469614,22937388,174
2019-06-02 13:01:09.802,0.4,buy,8800.52,BTC-7JUN19-8500-P,76.63,0.02,0.4,3,1559480469802,22937390,175
2019-06-02 13:17:38.452,0.5,buy,8647.85,BTC-7JUN19-8500-P,73.72,0.0255,0.5,0,1559481458452,22942623,176
2019-06-02 13:18:37.250,0.2,sell,8666.78,BTC-7JUN19-8500-P,75.82,0.0255,0.2,1,1559481517250,22943944,177
2019-06-02 13:19:39.074,0.2,buy,8666.27,BTC-7JUN19-8500-P,82.57,0.0285,0.2,0,1559481579074,22944301,178
2019-06-02 13:49:35.575,1.0,buy,8702.16,BTC-7JUN19-8500-P,76.39,0.024,1.0,2,1559483375575,22946196,179
2019-06-02 13:49:55.009,0.5,buy,8707.36,BTC-7JUN19-8500-P,76.94,0.024,0.5,3,1559483395009,22946203,180
2019-06-02 15:22:03.536,0.2,sell,8708.79,BTC-7JUN19-8500-P,74.12,0.0225,0.2,2,1559488923536,22950735,181
2019-06-02 15:55:21.468,0.1,sell,8699.61,BTC-7JUN19-8500-P,74.49,0.023,0.1,0,1559490921468,22951307,182
2019-06-02 15:55:21.468,0.5,sell,8699.61,BTC-7JUN19-8500-P,70.99,0.0215,0.5,2,1559490921468,22951308,183
2019-06-02 16:04:45.280,1.0,buy,8683.75,BTC-7JUN19-8500-P,75.16,0.024,1.0,0,1559491485280,22951807,184
2019-06-03 01:01:28.747,0.1,sell,8617.23,BTC-7JUN19-8500-P,80.04,0.028,0.1,0,1559523688747,22970300,185
2019-06-03 05:53:16.820,0.2,buy,8555.67,BTC-7JUN19-8500-P,75.22,0.0285,0.2,0,1559541196820,22985147,186
2019-06-03 06:35:51.456,0.2,sell,8519.54,BTC-7JUN19-8500-P,80.07,0.0325,0.2,0,1559543751456,22991159,187
2019-06-03 07:07:40.210,0.4,sell,8469.54,BTC-7JUN19-8500-P,69.42,0.031,0.4,2,1559545660210,22997402,188
2019-06-03 07:07:47.442,0.2,sell,8473.45,BTC-7JUN19-8500-P,70.0,0.031,0.2,3,1559545667442,22997406,189
2019-06-03 07:10:51.959,0.2,buy,8429.27,BTC-7JUN19-8500-P,71.53,0.0345,0.2,0,1559545851959,22998794,190
2019-06-03 08:54:04.459,0.1,buy,8476.46,BTC-7JUN19-8500-P,71.11,0.031,0.1,2,1559552044459,23011503,191
2019-06-03 10:10:36.592,0.5,sell,8475.65,BTC-7JUN19-8500-P,70.26,0.0305,0.5,2,1559556636592,23016705,192
2019-06-03 11:41:58.252,0.1,buy,8495.85,BTC-7JUN19-8500-P,70.22,0.029,0.1,2,1559562118252,23020439,193
2019-06-03 12:33:26.809,0.3,sell,8541.24,BTC-7JUN19-8500-P,69.73,0.026,0.3,2,1559565206809,23024319,194
2019-06-03 13:00:52.669,0.1,buy,8510.14,BTC-7JUN19-8500-P,71.61,0.0285,0.1,0,1559566852669,23026151,195
2019-06-03 13:15:45.070,0.8,buy,8506.83,BTC-7JUN19-8500-P,77.39,0.031,0.8,0,1559567745070,23026988,196
2019-06-03 16:04:17.986,5.0,buy,8448.87,BTC-7JUN19-8500-P,79.55,0.035,5.0,0,1559577857986,23051167,197
2019-06-03 20:40:52.488,0.5,buy,8533.38,BTC-7JUN19-8500-P,77.06,0.028,0.5,2,1559594452488,23068709,198
2019-06-03 22:18:19.994,0.2,buy,8428.91,BTC-7JUN19-8500-P,76.5,0.034,0.2,0,1559600299994,23075958,199
2019-06-03 23:03:44.306,0.1,buy,8466.4,BTC-7JUN19-8500-P,72.81,0.03,0.1,2,1559603024306,23080664,200
2019-06-03 23:04:17.491,0.2,buy,8456.96,BTC-7JUN19-8500-P,80.37,0.0335,0.2,0,1559603057491,23080715,201
2019-06-03 23:24:02.888,1.0,buy,8147.05,BTC-7JUN19-8500-P,72.16,0.055,1.0,0,1559604242888,23091192,202
2019-06-03 23:24:35.918,1.0,buy,8115.31,BTC-7JUN19-8500-P,78.26,0.06,1.0,0,1559604275918,23093462,203
2019-06-04 00:00:44.808,2.0,buy,8055.51,BTC-7JUN19-8500-P,75.54,0.065,2.0,0,1559606444808,23112919,204
2019-06-04 00:03:42.423,1.0,sell,7969.89,BTC-7JUN19-8500-P,96.04,0.08,1.0,0,1559606622423,23117347,205
2019-06-04 00:04:58.110,1.0,buy,7949.12,BTC-7JUN19-8500-P,95.51,0.08199999999999999,1.0,0,1559606698110,23119065,206
2019-06-04 00:05:00.248,1.0,buy,7948.29,BTC-7JUN19-8500-P,96.87,0.0825,1.0,0,1559606700248,23119122,207
2019-06-04 00:05:05.771,1.0,buy,7927.93,BTC-7JUN19-8500-P,92.94,0.0835,1.0,0,1559606705771,23119469,208
2019-06-04 00:05:08.175,1.0,buy,7925.14,BTC-7JUN19-8500-P,93.63,0.084,1.0,0,1559606708175,23119579,209
2019-06-04 00:05:08.989,0.1,buy,7910.64,BTC-7JUN19-8500-P,88.02,0.084,0.1,1,1559606708989,23119646,210
2019-06-04 00:05:17.040,1.0,buy,7889.6,BTC-7JUN19-8500-P,99.32,0.0895,1.0,0,1559606717040,23120085,211
2019-06-04 00:05:17.708,1.0,buy,7892.72,BTC-7JUN19-8500-P,100.48,0.0895,1.0,1,1559606717708,23120114,212
2019-06-04 00:05:26.146,1.0,buy,7878.27,BTC-7JUN19-8500-P,138.34,0.103,1.0,0,1559606726146,23120579,213
2019-06-04 00:05:27.584,1.0,sell,7861.35,BTC-7JUN19-8500-P,128.5,0.1015,1.0,2,1559606727584,23120657,214
2019-06-04 00:05:29.600,1.0,sell,7855.51,BTC-7JUN19-8500-P,125.04,0.101,1.0,2,1559606729600,23120769,215
2019-06-04 00:05:30.904,1.0,sell,7851.53,BTC-7JUN19-8500-P,120.53,0.1,1.0,2,1559606730904,23120836,216
2019-06-04 00:05:32.499,1.0,sell,7845.99,BTC-7JUN19-8500-P,117.0,0.0995,1.0,2,1559606732499,23120907,217
2019-06-04 00:05:33.672,1.0,sell,7841.31,BTC-7JUN19-8500-P,110.33,0.098,1.0,2,1559606733672,23120988,218
2019-06-04 00:05:34.621,1.0,sell,7841.81,BTC-7JUN19-8500-P,100.07,0.095,1.0,2,1559606734621,23121054,219
2019-06-04 00:05:35.691,1.0,sell,7856.42,BTC-7JUN19-8500-P,104.04,0.0945,1.0,2,1559606735691,23121110,220
2019-06-04 00:05:36.137,1.0,sell,7856.42,BTC-7JUN19-8500-P,104.04,0.0945,1.0,3,1559606736137,23121123,221
2019-06-04 00:05:38.063,1.0,sell,7866.02,BTC-7JUN19-8500-P,110.95,0.0955,1.0,0,1559606738063,23121215,222
2019-06-04 00:05:40.344,1.0,sell,7859.65,BTC-7JUN19-8500-P,101.8,0.0935,1.0,2,1559606740344,23121316,223
2019-06-04 00:05:42.377,1.0,sell,7860.91,BTC-7JUN19-8500-P,100.54,0.093,1.0,2,1559606742377,23121393,224
2019-06-04 00:05:44.682,1.0,sell,7862.88,BTC-7JUN19-8500-P,101.3,0.093,1.0,3,1559606744682,23121431,225
2019-06-04 00:05:46.818,1.0,sell,7860.08,BTC-7JUN19-8500-P,100.22,0.093,1.0,3,1559606746818,23121477,226
2019-06-04 00:05:58.491,1.0,buy,7844.9,BTC-7JUN19-8500-P,121.48,0.101,1.0,0,1559606758491,23121811,227
2019-06-04 00:05:58.829,1.0,buy,7844.9,BTC-7JUN19-8500-P,121.48,0.101,1.0,1,1559606758829,23121868,228
2019-06-04 00:06:01.695,1.0,buy,7843.06,BTC-7JUN19-8500-P,120.85,0.101,1.0,1,1559606761695,23122030,229
2019-06-04 00:06:02.386,1.0,buy,7839.15,BTC-7JUN19-8500-P,119.49,0.101,1.0,1,1559606762386,23122034,230
2019-06-04 00:06:53.032,1.0,sell,7828.55,BTC-7JUN19-8500-P,107.22,0.0985,1.0,2,1559606813032,23124016,231
2019-06-04 00:06:54.652,1.0,buy,7827.81,BTC-7JUN19-8500-P,123.64,0.1035,1.0,0,1559606814652,23124058,232
2019-06-04 00:06:56.042,1.0,sell,7835.27,BTC-7JUN19-8500-P,111.48,0.099,1.0,2,1559606816042,23124077,233
2019-06-04 00:07:00.507,1.0,sell,7820.85,BTC-7JUN19-8500-P,112.88,0.101,1.0,0,1559606820507,23124242,234
2019-06-04 00:07:02.449,1.0,sell,7813.61,BTC-7JUN19-8500-P,115.25,0.1025,1.0,0,1559606822449,23124354,235
2019-06-04 00:07:03.973,1.0,sell,7813.88,BTC-7JUN19-8500-P,123.62,0.105,1.0,0,1559606823973,23124426,236
2019-06-04 00:07:06.422,1.0,sell,7811.71,BTC-7JUN19-8500-P,124.48,0.1055,1.0,0,1559606826422,23124525,237
2019-06-04 00:07:07.740,1.0,sell,7811.7,BTC-7JUN19-8500-P,127.7,0.1065,1.0,0,1559606827740,23124569,238
2019-06-04 00:07:10.861,1.0,sell,7800.6,BTC-7JUN19-8500-P,128.66,0.108,1.0,0,1559606830861,23124646,239
2019-06-04 00:07:11.737,1.0,sell,7799.82,BTC-7JUN19-8500-P,128.39,0.108,1.0,1,1559606831737,23124705,240
2019-06-04 00:07:16.316,1.0,sell,7790.33,BTC-7JUN19-8500-P,142.51,0.1135,1.0,2,1559606836316,23124898,242
2019-06-04 00:07:16.316,1.0,sell,7790.33,BTC-7JUN19-8500-P,145.59,0.1145,1.0,0,1559606836316,23124897,241
2019-06-04 00:07:20.418,1.0,sell,7782.59,BTC-7JUN19-8500-P,135.2,0.112,1.0,2,1559606840418,23125106,243
2019-06-04 00:07:21.245,1.0,sell,7782.59,BTC-7JUN19-8500-P,135.2,0.112,1.0,3,1559606841245,23125134,244
2019-06-04 00:07:24.760,1.0,sell,7766.78,BTC-7JUN19-8500-P,134.49,0.1135,1.0,0,1559606844760,23125294,245
2019-06-04 00:07:26.110,1.0,sell,7761.85,BTC-7JUN19-8500-P,131.1,0.113,1.0,2,1559606846110,23125333,246
2019-06-04 00:07:28.489,1.0,sell,7753.55,BTC-7JUN19-8500-P,128.05,0.113,1.0,3,1559606848489,23125422,247
2019-06-04 00:07:30.712,1.0,sell,7750.99,BTC-7JUN19-8500-P,132.07,0.1145,1.0,0,1559606850712,23125532,248
2019-06-04 00:07:32.607,1.0,sell,7754.02,BTC-7JUN19-8500-P,141.22,0.117,1.0,0,1559606852607,23125596,249
2019-06-04 00:07:35.215,1.0,sell,7746.47,BTC-7JUN19-8500-P,132.07,0.115,1.0,2,1559606855215,23125782,250
2019-06-04 00:07:36.870,1.0,sell,7731.15,BTC-7JUN19-8500-P,126.28,0.115,1.0,3,1559606856870,23125872,251
2019-06-04 00:07:39.444,1.0,sell,7740.53,BTC-7JUN19-8500-P,129.86,0.115,1.0,3,1559606859444,23125983,252
2019-06-04 00:07:40.074,1.0,sell,7740.53,BTC-7JUN19-8500-P,128.19,0.1145,1.0,2,1559606860074,23126000,253
2019-06-04 00:07:43.591,1.0,sell,7741.38,BTC-7JUN19-8500-P,126.83,0.114,1.0,2,1559606863591,23126107,254
2019-06-04 00:07:43.871,1.0,sell,7741.38,BTC-7JUN19-8500-P,126.83,0.114,1.0,3,1559606863871,23126121,255
2019-06-04 00:07:46.457,1.0,buy,7743.82,BTC-7JUN19-8500-P,106.4,0.108,1.0,2,1559606866457,23126256,256
2019-06-04 00:07:47.536,1.0,sell,7745.16,BTC-7JUN19-8500-P,126.58,0.1135,1.0,0,1559606867536,23126277,257
2019-06-04 00:07:49.721,1.0,sell,7752.95,BTC-7JUN19-8500-P,126.17,0.1125,1.0,2,1559606869721,23126353,258
2019-06-04 00:07:51.040,1.0,sell,7750.51,BTC-7JUN19-8500-P,120.1,0.111,1.0,2,1559606871040,23126425,259
2019-06-04 00:07:53.971,1.0,sell,7750.67,BTC-7JUN19-8500-P,111.27,0.1085,1.0,2,1559606873971,23126563,260
2019-06-04 00:07:56.552,1.0,sell,7758.76,BTC-7JUN19-8500-P,111.04,0.1075,1.0,2,1559606876552,23126644,261
2019-06-04 00:07:58.686,1.0,sell,7762.02,BTC-7JUN19-8500-P,105.03,0.1055,1.0,2,1559606878686,23126768,262
2019-06-04 00:08:00.981,1.0,sell,7767.71,BTC-7JUN19-8500-P,105.65,0.105,1.0,2,1559606880981,23126900,263
2019-06-04 00:17:23.121,0.2,sell,7916.22,BTC-7JUN19-8500-P,77.12,0.0805,0.2,2,1559607443121,23134312,264
2019-06-04 00:17:26.516,0.2,buy,7919.1,BTC-7JUN19-8500-P,78.43,0.0805,0.2,3,1559607446516,23134327,265
2019-06-04 02:08:15.458,1.0,buy,7947.15,BTC-7JUN19-8500-P,110.76,0.0865,1.0,0,1559614095458,23152333,266
2019-06-04 02:16:16.240,0.1,sell,7973.76,BTC-7JUN19-8500-P,88.64,0.077,0.1,2,1559614576240,23152708,267
2019-06-04 03:01:01.308,0.1,sell,8018.02,BTC-7JUN19-8500-P,86.03,0.0715,0.1,2,1559617261308,23155398,268
2019-06-04 04:08:49.922,1.1,buy,7856.11,BTC-7JUN19-8500-P,89.71,0.09,1.1,0,1559621329922,23160905,269
2019-06-04 06:52:10.579,0.1,sell,7875.15,BTC-7JUN19-8500-P,99.82,0.09,0.1,1,1559631130579,23177901,270
2019-06-04 06:59:20.599,6.0,buy,7836.39,BTC-7JUN19-8500-P,104.26,0.0955,6.0,0,1559631560599,23178223,272
2019-06-04 06:59:20.599,0.6,buy,7836.39,BTC-7JUN19-8500-P,96.43,0.0935,0.6,0,1559631560599,23178222,271
2019-06-04 07:06:41.972,0.6,buy,7847.93,BTC-7JUN19-8500-P,97.81,0.0925,0.6,2,1559632001972,23179102,273
2019-06-04 07:07:04.783,0.6,sell,7849.44,BTC-7JUN19-8500-P,98.49,0.0925,0.6,3,1559632024783,23179155,274
2019-06-04 07:07:06.122,0.6,sell,7850.44,BTC-7JUN19-8500-P,98.93,0.0925,0.6,3,1559632026122,23179158,275
2019-06-04 07:07:06.154,0.6,sell,7850.44,BTC-7JUN19-8500-P,98.93,0.0925,0.6,3,1559632026154,23179160,276
2019-06-04 07:07:14.302,0.6,sell,7850.39,BTC-7JUN19-8500-P,98.91,0.0925,0.6,3,1559632034302,23179191,277
2019-06-04 07:09:10.481,2.0,sell,7841.41,BTC-7JUN19-8500-P,94.83,0.0925,2.0,3,1559632150481,23179395,278
2019-06-04 07:14:29.878,0.6,buy,7803.0,BTC-7JUN19-8500-P,105.16,0.0995,0.6,0,1559632469878,23180812,279
2019-06-04 07:14:29.887,5.8,sell,7803.0,BTC-7JUN19-8500-P,107.11,0.1,5.8,0,1559632469887,23180813,280
2019-06-04 12:36:25.897,0.6,buy,7882.08,BTC-7JUN19-8500-P,99.12,0.08800000000000001,0.6,2,1559651785897,23206300,281
2019-06-04 12:55:25.965,0.1,sell,7935.28,BTC-7JUN19-8500-P,90.96,0.08,0.1,2,1559652925965,23207396,282
2019-06-04 13:00:31.321,0.2,sell,7931.4,BTC-7JUN19-8500-P,89.27,0.08,0.2,3,1559653231321,23207679,283
2019-06-04 13:22:30.457,0.1,sell,7976.64,BTC-7JUN19-8500-P,85.34,0.07400000000000001,0.1,2,1559654550457,23210069,284
2019-06-04 13:43:22.918,0.6,buy,7980.04,BTC-7JUN19-8500-P,92.84,0.0755,0.6,0,1559655802918,23212408,285
2019-06-04 17:39:23.935,6.0,buy,7780.32,BTC-7JUN19-8500-P,106.26,0.1005,6.0,0,1559669963935,23242410,286
2019-06-04 17:40:51.358,5.0,buy,7679.41,BTC-7JUN19-8500-P,128.29,0.1175,5.0,0,1559670051358,23245468,287
2019-06-04 17:40:51.363,8.0,sell,7679.41,BTC-7JUN19-8500-P,130.47,0.118,8.0,0,1559670051363,23245469,288
2019-06-04 17:42:57.822,1.0,sell,7616.5,BTC-7JUN19-8500-P,140.68,0.128,1.0,0,1559670177822,23248837,289
2019-06-04 17:43:04.958,1.0,sell,7609.65,BTC-7JUN19-8500-P,139.18,0.1285,1.0,0,1559670184958,23249374,290
2019-06-04 17:45:05.350,1.0,sell,7584.07,BTC-7JUN19-8500-P,126.54,0.129,1.0,0,1559670305350,23253069,291
2019-06-04 17:45:16.683,0.5,sell,7577.39,BTC-7JUN19-8500-P,127.24,0.13,0.5,0,1559670316683,23253219,292
2019-06-04 18:42:52.486,1.0,sell,7710.63,BTC-7JUN19-8500-P,49.04,0.1025,1.0,2,1559673772486,23268641,293
2019-06-04 19:15:18.943,0.6,buy,7588.21,BTC-7JUN19-8500-P,86.14,0.122,0.6,0,1559675718943,23279184,294
2019-06-04 19:15:23.063,4.4,buy,7582.63,BTC-7JUN19-8500-P,77.01,0.122,4.4,1,1559675723063,23279338,295
2019-06-04 19:17:07.435,0.6,sell,7583.76,BTC-7JUN19-8500-P,105.1,0.125,0.6,0,1559675827435,23280354,296
2019-06-04 19:17:10.261,0.6,sell,7583.62,BTC-7JUN19-8500-P,104.98,0.125,0.6,1,1559675830261,23280357,297
2019-06-04 19:17:10.279,2.0,sell,7583.62,BTC-7JUN19-8500-P,104.98,0.125,2.0,1,1559675830279,23280360,298
2019-06-04 19:17:10.732,0.6,sell,7583.87,BTC-7JUN19-8500-P,105.2,0.125,0.6,1,1559675830732,23280361,299
2019-06-04 19:17:24.123,4.5,sell,7592.16,BTC-7JUN19-8500-P,112.12,0.125,4.5,1,1559675844123,23280418,300
2019-06-04 19:17:43.149,0.2,sell,7592.33,BTC-7JUN19-8500-P,117.98,0.126,0.2,0,1559675863149,23280523,301
2019-06-04 22:52:47.585,0.1,sell,7636.65,BTC-7JUN19-8500-P,101.98,0.11699999999999999,0.1,2,1559688767585,23317480,302
2019-06-04 22:55:52.705,0.3,sell,7654.83,BTC-7JUN19-8500-P,116.38,0.11699999999999999,0.3,3,1559688952705,23317750,303
2019-06-05 01:41:08.225,0.2,sell,7744.08,BTC-7JUN19-8500-P,114.52,0.105,0.2,2,1559698868225,23328371,304
2019-06-05 05:20:36.023,0.6,sell,7802.14,BTC-7JUN19-8500-P,93.08,0.0935,0.6,2,1559712036023,23335497,305
2019-06-05 05:22:00.996,0.6,sell,7807.45,BTC-7JUN19-8500-P,94.14,0.09300000000000001,0.6,2,1559712120996,23335574,306
2019-06-05 06:58:17.164,0.2,buy,7751.36,BTC-7JUN19-8500-P,108.43,0.102,0.2,0,1559717897164,23338924,307
2019-06-05 06:59:46.260,0.2,buy,7752.92,BTC-7JUN19-8500-P,109.65,0.102,0.2,1,1559717986260,23338933,308
2019-06-05 07:24:55.384,1.4,buy,7773.13,BTC-7JUN19-8500-P,107.1,0.099,1.4,2,1559719495384,23339849,309
2019-06-05 07:40:46.375,0.6,buy,7808.87,BTC-7JUN19-8500-P,97.51,0.09300000000000001,0.6,2,1559720446375,23340633,310
2019-06-05 14:41:07.170,0.1,buy,7704.99,BTC-7JUN19-8500-P,103.22,0.106,0.1,0,1559745667170,23366174,311
2019-06-05 17:50:06.250,0.4,buy,7816.37,BTC-7JUN19-8500-P,112.68,0.0925,0.4,2,1559757006250,23387211,312
2019-06-05 19:32:58.329,0.6,buy,7827.44,BTC-7JUN19-8500-P,106.97,0.09,0.6,2,1559763178329,23395106,313
2019-06-06 03:55:21.420,0.1,buy,7858.6,BTC-7JUN19-8500-P,111.61,0.085,0.1,2,1559793321420,23439692,314
2019-06-06 11:15:52.473,0.3,sell,7841.99,BTC-7JUN19-8500-P,134.61,0.0875,0.3,0,1559819752473,23451578,315
2019-06-06 14:48:30.060,0.1,buy,7602.22,BTC-7JUN19-8500-P,0.0,0.1175,0.1,0,1559832510060,23479588,316
2019-06-06 17:58:20.507,0.1,sell,7653.28,BTC-7JUN19-8500-P,0.0,0.108,0.1,2,1559843900507,23496621,317
2019-06-06 17:58:20.548,0.4,buy,7653.28,BTC-7JUN19-8500-P,0.0,0.10800000000000001,0.4,3,1559843900548,23496622,318
2019-06-06 21:11:22.888,0.1,buy,7707.38,BTC-7JUN19-8500-P,188.86,0.105,0.1,2,1559855482888,23530757,319
2019-06-06 23:01:58.253,0.1,sell,7737.08,BTC-7JUN19-8500-P,182.71,0.1,0.1,2,1559862118253,23536239,320
2019-06-06 23:03:13.965,0.2,sell,7754.63,BTC-7JUN19-8500-P,191.51,0.098,0.2,2,1559862193965,23536744,321
2019-06-06 23:37:45.798,0.1,sell,7770.55,BTC-7JUN19-8500-P,200.3,0.096,0.1,2,1559864265798,23539153,322
2019-06-06 23:37:47.063,0.9,sell,7770.8,BTC-7JUN19-8500-P,201.03,0.096,0.9,3,1559864267063,23539164,323
2019-06-07 01:17:16.854,0.1,sell,7787.23,BTC-7JUN19-8500-P,215.6,0.0935,0.1,2,1559870236854,23546744,324
2019-06-07 04:12:21.950,2.0,sell,7813.95,BTC-7JUN19-8500-P,249.47,0.089,2.0,2,1559880741950,23554700,325
