date_utc,amount,direction,indexPrice,instrument,iv,price,quantity,tickDirection,timeStamp,tradeId,tradeSeq
2019-05-30 17:00:39.664,2.0,sell,8655.6,BTC-27DEC19-36000-C,105.52,0.0245,2.0,1,1559235639664,22657319,1
2019-05-30 21:12:40.321,6.0,sell,8426.46,BTC-27DEC19-36000-C,107.15,0.0245,6.0,1,1559250760321,22698407,2
2019-05-30 21:12:43.368,2.0,sell,8422.53,BTC-27DEC19-36000-C,107.17,0.0245,2.0,1,1559250763368,22698511,3
2019-05-31 17:14:48.341,6.0,buy,8418.41,BTC-27DEC19-36000-C,102.52,0.019,6.0,2,1559322888341,22824872,4
2019-05-31 18:52:20.746,6.0,buy,8394.94,BTC-27DEC19-36000-C,102.53,0.019,6.0,3,1559328740746,22832427,5
2019-06-03 15:40:10.163,0.1,buy,8471.91,BTC-27DEC19-36000-C,101.86,0.018000000000000002,0.1,2,1559576410163,23049495,6
2019-06-03 22:06:05.516,0.1,buy,8475.94,BTC-27DEC19-36000-C,101.67,0.018000000000000002,0.1,3,1559599565516,23074280,7
2019-06-04 07:08:53.718,0.1,sell,7839.81,BTC-27DEC19-36000-C,101.25,0.0135,0.1,2,1559632133718,23179391,8
2019-06-04 13:29:29.802,1.0,buy,7996.45,BTC-27DEC19-36000-C,102.8,0.0155,1.0,0,1559654969802,23210664,9
2019-06-04 17:15:20.852,1.0,sell,7818.07,BTC-27DEC19-36000-C,101.23,0.013,1.0,2,1559668520852,23230529,10
2019-06-04 17:47:00.815,1.0,buy,7638.36,BTC-27DEC19-36000-C,103.63,0.014,1.0,0,1559670420815,23255108,11
2019-06-05 05:43:27.245,1.0,sell,7786.65,BTC-27DEC19-36000-C,102.68,0.014,1.0,1,1559713407245,23336067,12
2019-06-05 16:09:42.156,6.0,buy,7698.13,BTC-27DEC19-36000-C,101.67,0.0125,6.0,2,1559750982156,23379067,13
2019-06-05 16:09:42.156,4.0,buy,7698.13,BTC-27DEC19-36000-C,101.67,0.0125,4.0,3,1559750982156,23379068,14
2019-06-05 16:09:57.445,10.0,buy,7699.47,BTC-27DEC19-36000-C,101.67,0.0125,10.0,3,1559750997445,23379084,15
2019-06-05 16:28:22.148,6.0,buy,7739.45,BTC-27DEC19-36000-C,101.42,0.0125,6.0,3,1559752102148,23380648,16
2019-06-05 20:44:24.939,6.0,buy,7727.81,BTC-27DEC19-36000-C,101.36,0.0125,6.0,3,1559767464939,23406973,17
2019-06-08 22:37:40.987,12.0,sell,7945.02,BTC-27DEC19-36000-C,95.4,0.0085,12.0,2,1560033460987,23684143,18
2019-06-10 17:37:40.010,2.0,sell,7928.36,BTC-27DEC19-36000-C,95.73,0.0085,2.0,3,1560188260010,23869766,19
2019-06-10 17:37:40.010,18.0,sell,7928.36,BTC-27DEC19-36000-C,95.73,0.0085,18.0,3,1560188260010,23869767,20
2019-06-11 21:24:36.118,1.5,buy,7926.44,BTC-27DEC19-36000-C,99.53,0.0105,1.5,0,1560288276118,23961680,21
2019-06-12 14:48:59.440,10.0,buy,8021.06,BTC-27DEC19-36000-C,97.5,0.0095,10.0,2,1560350939440,24010735,22
2019-06-14 14:50:57.810,0.1,buy,8401.64,BTC-27DEC19-36000-C,96.2,0.01,0.1,0,1560523857810,24145577,23
2019-06-14 18:33:29.584,1.0,buy,8396.97,BTC-27DEC19-36000-C,98.42,0.0115,1.0,0,1560537209584,24155078,25
2019-06-14 18:33:29.584,0.4,buy,8396.97,BTC-27DEC19-36000-C,96.31,0.01,0.4,1,1560537209584,24155077,24
2019-06-14 18:33:29.595,4.6000000000000005,sell,8396.97,BTC-27DEC19-36000-C,98.42,0.0115,4.6000000000000005,1,1560537209595,24155079,26
2019-06-14 19:14:38.172,5.0,sell,8422.06,BTC-27DEC19-36000-C,96.9,0.0105,5.0,2,1560539678172,24155806,27
2019-06-15 06:43:44.682,0.1,buy,8703.07,BTC-27DEC19-36000-C,101.94,0.016,0.1,0,1560581024682,24198494,28
2019-06-15 14:52:48.048,1.0,buy,8706.67,BTC-27DEC19-36000-C,101.39,0.0155,1.0,2,1560610368048,24215831,29
2019-06-15 15:55:42.163,0.2,buy,8785.84,BTC-27DEC19-36000-C,101.41,0.016,0.2,0,1560614142163,24223386,30
2019-06-16 03:20:13.540,4.7,buy,8976.91,BTC-27DEC19-36000-C,100.09,0.016,4.7,1,1560655213540,24275032,31
2019-06-16 03:20:13.540,1.0,buy,8976.91,BTC-27DEC19-36000-C,100.63,0.0165,1.0,0,1560655213540,24275033,32
2019-06-16 05:27:47.134,0.1,sell,9178.92,BTC-27DEC19-36000-C,99.18,0.0165,0.1,1,1560662867134,24293047,33
2019-06-16 09:19:42.282,0.2,buy,9123.12,BTC-27DEC19-36000-C,100.57,0.0175,0.2,0,1560676782282,24340535,34
2019-06-16 12:41:46.587,1.0,buy,9089.68,BTC-27DEC19-36000-C,101.15,0.018000000000000002,1.0,0,1560688906587,24361220,35
2019-06-16 12:42:06.949,0.1,buy,9089.69,BTC-27DEC19-36000-C,102.14,0.019,0.1,0,1560688926949,24361221,36
2019-06-16 13:38:31.663,0.9,buy,9147.63,BTC-27DEC19-36000-C,102.24,0.0195,0.9,0,1560692311663,24364930,37
2019-06-16 18:45:39.337,0.1,sell,9091.02,BTC-27DEC19-36000-C,100.84,0.0175,0.1,2,1560710739337,24401312,38
2019-06-16 18:45:39.337,2.5,sell,9091.02,BTC-27DEC19-36000-C,97.59,0.0145,2.5,2,1560710739337,24401313,39
2019-06-16 19:02:55.201,1.0,buy,9042.5,BTC-27DEC19-36000-C,103.57,0.02,1.0,0,1560711775201,24402379,40
2019-06-16 19:02:55.201,3.0,buy,9042.5,BTC-27DEC19-36000-C,105.42,0.022,3.0,0,1560711775201,24402380,41
2019-06-16 19:13:36.632,0.1,sell,9047.02,BTC-27DEC19-36000-C,105.41,0.022,0.1,1,1560712416632,24403241,42
2019-06-17 03:54:08.972,2.0,buy,9131.35,BTC-27DEC19-36000-C,102.86,0.0195,2.0,2,1560743648972,24454871,43
2019-06-17 06:48:00.686,6.0,sell,9144.91,BTC-27DEC19-36000-C,100.48,0.017,6.0,2,1560754080686,24469197,44
2019-06-18 00:58:21.873,0.1,sell,9296.94,BTC-27DEC19-36000-C,101.89,0.0195,0.1,0,1560819501873,24604481,45
2019-06-18 00:58:23.474,0.1,sell,9296.94,BTC-27DEC19-36000-C,101.89,0.0195,0.1,1,1560819503474,24604488,46
2019-06-18 04:22:29.603,6.0,sell,9284.73,BTC-27DEC19-36000-C,102.54,0.02,6.0,0,1560831749603,24616404,47
2019-06-19 11:41:26.748,2.0,sell,9128.8,BTC-27DEC19-36000-C,102.75,0.019,2.0,2,1560944486748,24731184,48
