date_utc,amount,direction,indexPrice,instrument,iv,price,quantity,tickDirection,timeStamp,tradeId,tradeSeq
2019-03-15 08:23:32.796,1.0,sell,3853.58,BTC-29MAR19-3875-P,42.53,0.037000000000000005,1.0,1,1552638212796,16581217,1
2019-03-15 15:57:47.199,0.2,sell,3905.06,BTC-29MAR19-3875-P,45.35,0.032,0.2,2,1552665467199,16596266,2
2019-03-15 15:58:15.361,5.0,sell,3906.83,BTC-29MAR19-3875-P,44.97,0.0315,5.0,2,1552665495361,16596347,3
2019-03-15 17:07:36.418,0.2,buy,3896.02,BTC-29MAR19-3875-P,45.04,0.033,0.2,0,1552669656418,16598250,4
2019-03-15 21:47:08.547,5.0,buy,3889.25,BTC-29MAR19-3875-P,46.25,0.034,5.0,0,1552686428547,16601670,5
2019-03-15 23:40:37.732,6.4,sell,3900.86,BTC-29MAR19-3875-P,46.66,0.033,6.4,2,1552693237732,16602598,6
2019-03-16 01:36:28.126,0.3,sell,3919.09,BTC-29MAR19-3875-P,46.13,0.0305,0.3,2,1552700188126,16605940,7
2019-03-16 01:36:28.126,0.7000000000000001,sell,3919.09,BTC-29MAR19-3875-P,45.47,0.03,0.7000000000000001,2,1552700188126,16605941,8
2019-03-16 04:19:15.341,0.2,buy,3999.76,BTC-29MAR19-3875-P,50.92,0.025,0.2,2,1552709955341,16619430,9
2019-03-16 04:19:17.619,0.2,buy,4000.53,BTC-29MAR19-3875-P,51.07,0.025,0.2,3,1552709957619,16619441,10
2019-03-16 04:19:51.790,0.3,buy,4003.56,BTC-29MAR19-3875-P,50.54,0.0245,0.3,2,1552709991790,16619754,11
2019-03-16 04:43:26.894,0.2,buy,4007.84,BTC-29MAR19-3875-P,51.64,0.0245,0.2,3,1552711406894,16625344,12
2019-03-16 08:11:16.879,0.3,buy,3998.29,BTC-29MAR19-3875-P,50.05,0.0245,0.3,3,1552723876879,16635952,13
2019-03-16 09:24:10.443,1.0,buy,4004.73,BTC-29MAR19-3875-P,53.7,0.0265,1.0,0,1552728250443,16637103,14
2019-03-16 10:18:02.228,0.3,sell,4009.39,BTC-29MAR19-3875-P,50.4,0.0235,0.3,2,1552731482228,16637774,15
2019-03-16 10:18:02.228,6.7,sell,4009.39,BTC-29MAR19-3875-P,50.4,0.0235,6.7,3,1552731482228,16637775,16
2019-03-16 15:36:42.431,0.4,buy,3977.36,BTC-29MAR19-3875-P,51.82,0.027000000000000003,0.4,0,1552750602431,16645948,17
2019-03-16 15:36:42.431,0.9,buy,3977.36,BTC-29MAR19-3875-P,51.82,0.027000000000000003,0.9,1,1552750602431,16645949,18
2019-03-16 21:29:20.383,1.0,buy,3980.55,BTC-29MAR19-3875-P,51.17,0.026,1.0,2,1552771760383,16649180,19
2019-03-17 12:57:00.064,0.1,sell,3960.28,BTC-29MAR19-3875-P,45.56,0.0235,0.1,3,1552827420064,16662761,21
2019-03-17 12:57:00.064,0.2,sell,3960.28,BTC-29MAR19-3875-P,45.56,0.0235,0.2,2,1552827420064,16662760,20
2019-03-17 14:45:38.455,5.7,sell,3970.27,BTC-29MAR19-3875-P,46.87,0.023,5.7,2,1552833938455,16664456,22
2019-03-17 14:45:39.271,0.3,sell,3970.25,BTC-29MAR19-3875-P,46.88,0.023,0.3,3,1552833939271,16664457,23
2019-03-17 19:37:05.677,0.1,sell,3970.81,BTC-29MAR19-3875-P,47.53,0.0235,0.1,0,1552851425677,16666471,24
2019-03-17 19:41:36.035,0.4,buy,3973.69,BTC-29MAR19-3875-P,48.17,0.0235,0.4,0,1552851696035,16666556,26
2019-03-17 19:41:36.035,0.1,buy,3973.69,BTC-29MAR19-3875-P,47.43,0.023,0.1,2,1552851696035,16666555,25
2019-03-18 01:44:24.356,0.4,sell,4013.13,BTC-29MAR19-3875-P,45.81,0.018000000000000002,0.4,2,1552873464356,16673285,27
2019-03-18 02:08:25.867,1.0,sell,4004.02,BTC-29MAR19-3875-P,44.93,0.018000000000000002,1.0,3,1552874905867,16674462,28
2019-03-18 02:28:26.947,4.0,sell,3997.98,BTC-29MAR19-3875-P,44.03,0.018000000000000002,4.0,3,1552876106947,16675013,29
2019-03-18 03:16:48.275,0.5,sell,3999.57,BTC-29MAR19-3875-P,44.4,0.018000000000000002,0.5,3,1552879008275,16675722,30
2019-03-18 08:36:40.521,0.3,buy,3965.59,BTC-29MAR19-3875-P,45.72,0.022000000000000002,0.3,1,1552898200521,16684741,32
2019-03-18 08:36:40.521,0.3,buy,3965.59,BTC-29MAR19-3875-P,45.72,0.022000000000000002,0.3,0,1552898200521,16684740,31
2019-03-18 11:49:08.933,0.3,sell,3958.05,BTC-29MAR19-3875-P,43.49,0.021,0.3,2,1552909748933,16688405,33
2019-03-18 12:40:44.075,0.6,sell,3966.27,BTC-29MAR19-3875-P,44.28,0.0205,0.6,2,1552912844075,16689159,34
2019-03-18 12:48:37.437,0.3,buy,3963.85,BTC-29MAR19-3875-P,44.69,0.021,0.3,0,1552913317437,16689288,35
2019-03-18 13:55:25.245,0.1,sell,3965.21,BTC-29MAR19-3875-P,45.15,0.021,0.1,1,1552917325245,16690030,36
2019-03-19 04:46:46.123,0.3,sell,3957.6,BTC-29MAR19-3875-P,42.15,0.019,0.3,2,1552970806123,16698327,37
2019-03-19 04:46:46.123,0.5,sell,3957.6,BTC-29MAR19-3875-P,41.35,0.0185,0.5,2,1552970806123,16698328,38
2019-03-19 06:58:58.473,0.3,buy,3959.64,BTC-29MAR19-3875-P,44.69,0.02,0.3,0,1552978738473,16700109,39
2019-03-19 06:59:36.660,4.7,buy,3959.64,BTC-29MAR19-3875-P,45.44,0.0205,4.7,0,1552978776660,16700112,40
2019-03-19 09:55:20.699,2.5,buy,3970.59,BTC-29MAR19-3875-P,44.87,0.019,2.5,2,1552989320699,16702011,41
2019-03-19 09:59:09.548,1.0,buy,3973.05,BTC-29MAR19-3875-P,45.39,0.019,1.0,3,1552989549548,16702312,42
2019-03-19 10:01:11.246,0.4,sell,3974.66,BTC-29MAR19-3875-P,44.8,0.0185,0.4,2,1552989671246,16702394,43
2019-03-19 10:01:13.209,0.4,sell,3974.67,BTC-29MAR19-3875-P,44.84,0.0185,0.4,3,1552989673209,16702400,44
2019-03-19 10:01:13.253,0.2,sell,3974.67,BTC-29MAR19-3875-P,44.84,0.0185,0.2,3,1552989673253,16702404,45
2019-03-19 14:00:28.812,0.1,buy,3971.03,BTC-29MAR19-3875-P,44.64,0.0185,0.1,3,1553004028812,16705011,46
2019-03-19 14:20:35.741,0.2,sell,3976.71,BTC-29MAR19-3875-P,44.56,0.018000000000000002,0.2,2,1553005235741,16705323,47
2019-03-19 15:11:19.092,0.1,buy,3972.4,BTC-29MAR19-3875-P,44.41,0.0185,0.1,0,1553008279092,16707797,48
2019-03-19 16:05:23.443,1.0,sell,3980.93,BTC-29MAR19-3875-P,44.25,0.0175,1.0,2,1553011523443,16708568,49
2019-03-19 21:58:54.155,1.0,sell,3988.7,BTC-29MAR19-3875-P,42.55,0.0155,1.0,2,1553032734155,16716409,50
2019-03-19 23:28:22.646,4.3,sell,3993.31,BTC-29MAR19-3875-P,42.53,0.015,4.3,2,1553038102646,16717083,51
2019-03-19 23:28:22.646,0.2,sell,3993.31,BTC-29MAR19-3875-P,42.53,0.015,0.2,3,1553038102646,16717084,52
2019-03-20 06:04:45.629,4.8,buy,3987.46,BTC-29MAR19-3875-P,45.6,0.017,4.8,1,1553061885629,16725055,54
2019-03-20 06:04:45.629,0.2,buy,3987.46,BTC-29MAR19-3875-P,45.6,0.017,0.2,0,1553061885629,16725054,53
2019-03-20 09:34:07.728,1.0,buy,3986.26,BTC-29MAR19-3875-P,42.68,0.015,1.0,2,1553074447728,16727218,55
2019-03-20 09:59:07.427,0.1,buy,3983.27,BTC-29MAR19-3875-P,42.04,0.015,0.1,3,1553075947427,16727366,56
2019-03-20 14:36:03.910,0.1,buy,3997.1,BTC-29MAR19-3875-P,45.14,0.0155,0.1,0,1553092563910,16732772,57
2019-03-20 15:49:03.898,5.0,sell,4001.12,BTC-29MAR19-3875-P,42.28,0.0135,5.0,2,1553096943898,16734237,58
2019-03-20 15:49:03.898,5.0,sell,4001.12,BTC-29MAR19-3875-P,42.28,0.0135,5.0,3,1553096943898,16734238,59
2019-03-20 15:57:01.677,2.0,sell,4000.29,BTC-29MAR19-3875-P,42.42,0.0135,2.0,3,1553097421677,16734404,60
2019-03-20 22:21:53.951,0.1,sell,4021.58,BTC-29MAR19-3875-P,42.9,0.012,0.1,2,1553120513951,16741072,61
2019-03-20 23:22:37.873,1.0,buy,4025.8,BTC-29MAR19-3875-P,46.54,0.0135,1.0,0,1553124157873,16744637,62
2019-03-21 01:43:00.658,3.0,sell,4023.71,BTC-29MAR19-3875-P,42.27,0.0115,3.0,2,1553132580658,16747514,63
2019-03-21 02:59:52.867,8.5,sell,4029.42,BTC-29MAR19-3875-P,41.68,0.0105,8.5,2,1553137192867,16748066,64
2019-03-21 03:03:51.541,1.0,sell,4028.88,BTC-29MAR19-3875-P,41.33,0.0105,1.0,3,1553137431541,16748092,65
2019-03-21 03:07:49.946,2.0,sell,4028.59,BTC-29MAR19-3875-P,41.33,0.0105,2.0,3,1553137669946,16748104,66
2019-03-21 03:45:33.978,0.1,buy,4030.13,BTC-29MAR19-3875-P,42.93,0.011000000000000001,0.1,0,1553139933978,16748204,67
2019-03-21 12:35:11.392,0.4,sell,4039.63,BTC-29MAR19-3875-P,43.27,0.01,0.4,2,1553171711392,16754324,68
2019-03-21 14:45:59.445,1.8,buy,3976.76,BTC-29MAR19-3875-P,44.02,0.0155,1.8,0,1553179559445,16759812,69
2019-03-21 14:45:59.461,2.0,buy,3976.76,BTC-29MAR19-3875-P,44.02,0.0155,2.0,1,1553179559461,16759813,70
2019-03-21 14:45:59.485,1.5,buy,3976.76,BTC-29MAR19-3875-P,44.02,0.0155,1.5,1,1553179559485,16759814,71
2019-03-21 14:45:59.498,1.4,buy,3976.76,BTC-29MAR19-3875-P,44.02,0.0155,1.4,1,1553179559498,16759815,72
2019-03-21 14:45:59.621,1.3,buy,3976.76,BTC-29MAR19-3875-P,44.02,0.0155,1.3,1,1553179559621,16759816,73
2019-03-21 14:45:59.623,1.7,buy,3976.76,BTC-29MAR19-3875-P,44.02,0.0155,1.7,1,1553179559623,16759817,74
2019-03-21 14:45:59.656,0.7000000000000001,buy,3976.76,BTC-29MAR19-3875-P,44.02,0.0155,0.7000000000000001,1,1553179559656,16759818,75
2019-03-21 14:45:59.661,0.4,buy,3976.76,BTC-29MAR19-3875-P,44.94,0.016,0.4,0,1553179559661,16759819,76
2019-03-21 14:46:00.281,3.0,sell,3976.86,BTC-29MAR19-3875-P,44.94,0.016,3.0,1,1553179560281,16759823,80
2019-03-21 14:46:00.281,0.3,sell,3976.86,BTC-29MAR19-3875-P,44.94,0.016,0.3,1,1553179560281,16759822,79
2019-03-21 14:46:00.281,1.8,sell,3976.86,BTC-29MAR19-3875-P,44.94,0.016,1.8,1,1553179560281,16759821,78
2019-03-21 14:46:00.281,1.1,sell,3976.86,BTC-29MAR19-3875-P,44.94,0.016,1.1,1,1553179560281,16759820,77
2019-03-21 14:58:45.012,6.2,buy,3922.73,BTC-29MAR19-3875-P,43.25,0.0205,6.2,0,1553180325012,16762740,81
2019-03-21 14:58:46.448,0.1,buy,3922.73,BTC-29MAR19-3875-P,43.25,0.0205,0.1,1,1553180326448,16762751,82
2019-03-21 14:58:48.115,1.5,buy,3922.5,BTC-29MAR19-3875-P,43.38,0.0205,1.5,1,1553180328115,16762781,83
2019-03-21 14:58:48.411,0.7000000000000001,buy,3922.5,BTC-29MAR19-3875-P,43.38,0.0205,0.7000000000000001,1,1553180328411,16762787,84
2019-03-21 14:58:48.595,0.5,buy,3922.5,BTC-29MAR19-3875-P,43.38,0.0205,0.5,1,1553180328595,16762791,85
2019-03-21 14:58:48.821,0.4,buy,3922.5,BTC-29MAR19-3875-P,43.38,0.0205,0.4,1,1553180328821,16762796,86
2019-03-21 14:58:49.298,0.3,buy,3923.26,BTC-29MAR19-3875-P,43.25,0.0205,0.3,1,1553180329298,16762828,87
2019-03-21 14:58:49.369,0.5,buy,3923.26,BTC-29MAR19-3875-P,43.25,0.0205,0.5,1,1553180329369,16762829,88
2019-03-21 14:58:52.052,0.3,buy,3923.0,BTC-29MAR19-3875-P,43.08,0.0205,0.3,1,1553180332052,16762890,89
2019-03-21 14:58:52.184,0.5,buy,3923.0,BTC-29MAR19-3875-P,43.08,0.0205,0.5,1,1553180332184,16762893,90
2019-03-21 14:58:52.291,0.2,buy,3923.0,BTC-29MAR19-3875-P,43.08,0.0205,0.2,1,1553180332291,16762898,91
2019-03-21 14:58:52.337,2.0,buy,3923.0,BTC-29MAR19-3875-P,43.08,0.0205,2.0,1,1553180332337,16762899,92
2019-03-21 14:58:58.659,6.0,buy,3917.13,BTC-29MAR19-3875-P,42.57,0.021,6.0,0,1553180338659,16763217,93
2019-03-21 14:59:58.620,0.3,sell,3932.01,BTC-29MAR19-3875-P,41.02,0.018000000000000002,0.3,2,1553180398620,16764340,94
2019-03-21 15:00:06.640,0.2,buy,3936.4,BTC-29MAR19-3875-P,41.95,0.018000000000000002,0.2,3,1553180406640,16764391,95
2019-03-21 15:02:30.148,0.2,buy,3966.84,BTC-29MAR19-3875-P,43.88,0.0165,0.2,2,1553180550148,16765355,96
2019-03-21 15:06:36.794,1.8,buy,3967.61,BTC-29MAR19-3875-P,42.24,0.0155,1.8,2,1553180796794,16765906,97
2019-03-21 15:31:52.014,0.3,buy,3968.52,BTC-29MAR19-3875-P,42.41,0.015,0.3,2,1553182312014,16767345,98
2019-03-21 15:42:16.807,2.0,sell,3960.4,BTC-29MAR19-3875-P,42.07,0.0155,2.0,0,1553182936807,16767663,99
2019-03-21 15:47:57.762,1.1,buy,3954.62,BTC-29MAR19-3875-P,44.71,0.0175,1.1,0,1553183277762,16767812,100
2019-03-21 17:08:49.028,0.7000000000000001,buy,3962.57,BTC-29MAR19-3875-P,45.1,0.017,0.7000000000000001,2,1553188129028,16769588,101
2019-03-21 23:07:37.344,1.0,buy,3976.87,BTC-29MAR19-3875-P,42.61,0.013999999999999999,1.0,2,1553209657344,16772431,102
2019-03-22 03:19:01.054,2.0,sell,3980.03,BTC-29MAR19-3875-P,41.15,0.0125,2.0,2,1553224741054,16773607,103
2019-03-22 04:35:23.903,0.5,buy,3973.18,BTC-29MAR19-3875-P,43.15,0.013999999999999999,0.5,0,1553229323903,16774085,104
2019-03-22 08:11:06.708,0.5,sell,3968.91,BTC-29MAR19-3875-P,42.85,0.013999999999999999,0.5,1,1553242266708,16775803,105
2019-03-22 08:13:56.047,16.0,sell,3968.7,BTC-29MAR19-3875-P,39.88,0.0125,16.0,2,1553242436047,16775840,106
2019-03-22 08:22:25.307,6.9,sell,3974.57,BTC-29MAR19-3875-P,39.25,0.0115,6.9,2,1553242945307,16775952,107
2019-03-22 08:27:06.063,16.0,sell,3976.22,BTC-29MAR19-3875-P,38.41,0.011000000000000001,16.0,2,1553243226063,16776054,108
2019-03-22 09:47:07.105,0.1,buy,3974.65,BTC-29MAR19-3875-P,41.35,0.0125,0.1,0,1553248027105,16776603,109
2019-03-22 10:11:06.446,0.3,sell,3977.64,BTC-29MAR19-3875-P,38.76,0.011000000000000001,0.3,2,1553249466446,16776772,110
2019-03-22 10:33:10.374,0.5,sell,3980.42,BTC-29MAR19-3875-P,38.35,0.0105,0.5,2,1553250790374,16776927,111
2019-03-22 10:41:06.023,0.5,sell,3979.84,BTC-29MAR19-3875-P,38.12,0.0105,0.5,3,1553251266023,16776980,113
2019-03-22 10:41:06.023,5.5,sell,3979.84,BTC-29MAR19-3875-P,38.12,0.0105,5.5,3,1553251266023,16776979,112
2019-03-22 11:38:42.509,0.1,sell,3980.9,BTC-29MAR19-3875-P,38.27,0.0105,0.1,3,1553254722509,16777234,114
2019-03-22 12:31:17.090,15.0,sell,3982.52,BTC-29MAR19-3875-P,37.49,0.01,15.0,2,1553257877090,16777448,115
2019-03-22 12:37:05.812,5.0,sell,3984.36,BTC-29MAR19-3875-P,38.04,0.01,5.0,3,1553258225812,16777491,116
2019-03-22 13:08:39.363,0.3,buy,3991.74,BTC-29MAR19-3875-P,38.25,0.0095,0.3,2,1553260119363,16778008,117
2019-03-22 13:20:38.075,15.0,sell,3990.91,BTC-29MAR19-3875-P,39.02,0.01,15.0,0,1553260838075,16778372,118
2019-03-22 13:46:42.624,6.0,buy,3989.73,BTC-29MAR19-3875-P,40.29,0.0105,6.0,0,1553262402624,16778593,119
2019-03-22 13:47:01.986,6.0,buy,3989.9,BTC-29MAR19-3875-P,40.29,0.0105,6.0,1,1553262421986,16778600,120
2019-03-22 13:47:06.930,6.0,buy,3989.9,BTC-29MAR19-3875-P,40.31,0.0105,6.0,1,1553262426930,16778601,121
2019-03-22 13:47:10.119,2.0,buy,3989.9,BTC-29MAR19-3875-P,40.31,0.0105,2.0,1,1553262430119,16778603,122
2019-03-22 13:47:10.119,0.5,buy,3989.9,BTC-29MAR19-3875-P,40.31,0.0105,0.5,1,1553262430119,16778604,123
2019-03-22 13:57:10.877,5.0,sell,3986.57,BTC-29MAR19-3875-P,38.38,0.01,5.0,2,1553263030877,16778754,124
2019-03-22 16:34:11.851,0.5,sell,3980.46,BTC-29MAR19-3875-P,37.72,0.01,0.5,3,1553272451851,16780068,125
2019-03-22 19:47:42.072,5.0,buy,3990.07,BTC-29MAR19-3875-P,42.63,0.0115,5.0,0,1553284062072,16781193,126
2019-03-22 19:52:25.936,10.0,buy,3990.84,BTC-29MAR19-3875-P,41.41,0.011000000000000001,10.0,2,1553284345936,16781270,127
2019-03-23 00:50:41.473,0.1,sell,3974.78,BTC-29MAR19-3875-P,39.46,0.0105,0.1,2,1553302241473,16783552,128
2019-03-23 00:57:45.149,1.0,buy,3976.12,BTC-29MAR19-3875-P,40.09,0.011000000000000001,1.0,0,1553302665149,16783595,129
2019-03-23 00:57:45.149,0.1,buy,3976.12,BTC-29MAR19-3875-P,40.09,0.011000000000000001,0.1,1,1553302665149,16783596,130
2019-03-23 02:26:56.190,3.8,sell,3990.45,BTC-29MAR19-3875-P,43.31,0.011000000000000001,3.8,1,1553308016190,16785609,131
2019-03-23 02:53:42.266,0.3,sell,3994.75,BTC-29MAR19-3875-P,43.26,0.0105,0.3,2,1553309622266,16786784,132
2019-03-23 03:20:50.988,1.8,sell,3994.82,BTC-29MAR19-3875-P,43.41,0.0105,1.8,3,1553311250988,16787019,133
2019-03-23 05:00:44.533,1.0,sell,3984.65,BTC-29MAR19-3875-P,39.25,0.0095,1.0,2,1553317244533,16787699,134
2019-03-23 05:01:26.895,0.3,buy,3984.84,BTC-29MAR19-3875-P,43.73,0.0115,0.3,0,1553317286895,16787706,135
2019-03-23 05:02:14.140,1.7,sell,3985.11,BTC-29MAR19-3875-P,43.73,0.0115,1.7,1,1553317334140,16787708,136
2019-03-23 07:18:47.092,0.3,sell,3993.79,BTC-29MAR19-3875-P,41.6,0.0095,0.3,2,1553325527092,16789285,137
2019-03-23 12:42:59.313,0.3,sell,3983.37,BTC-29MAR19-3875-P,40.25,0.0095,0.3,3,1553344979313,16792044,138
2019-03-23 12:48:03.266,0.7000000000000001,buy,3981.92,BTC-29MAR19-3875-P,39.99,0.0095,0.7000000000000001,3,1553345283266,16792061,139
2019-03-23 12:53:22.604,2.0,sell,3980.97,BTC-29MAR19-3875-P,39.84,0.0095,2.0,3,1553345602604,16792131,140
2019-03-23 13:02:47.034,0.3,sell,3974.1,BTC-29MAR19-3875-P,40.98,0.0105,0.3,0,1553346167034,16792404,141
2019-03-23 14:26:52.006,1.0,buy,3966.94,BTC-29MAR19-3875-P,41.38,0.011000000000000001,1.0,0,1553351212006,16793872,142
2019-03-23 15:31:00.708,0.3,sell,3971.4,BTC-29MAR19-3875-P,43.11,0.0115,0.3,0,1553355060708,16794190,143
2019-03-23 15:31:34.239,0.7000000000000001,sell,3971.4,BTC-29MAR19-3875-P,43.11,0.0115,0.7000000000000001,1,1553355094239,16794194,144
2019-03-23 22:48:55.056,2.0,sell,3977.79,BTC-29MAR19-3875-P,40.1,0.0095,2.0,2,1553381335056,16795851,145
2019-03-23 22:50:14.712,3.0,sell,3975.76,BTC-29MAR19-3875-P,40.05,0.0095,3.0,3,1553381414712,16795862,146
2019-03-24 00:07:52.660,5.0,sell,3975.52,BTC-29MAR19-3875-P,39.98,0.0095,5.0,3,1553386072660,16796609,147
2019-03-24 03:43:36.565,0.4,buy,3966.42,BTC-29MAR19-3875-P,42.73,0.011000000000000001,0.4,0,1553399016565,16798158,150
2019-03-24 03:43:36.565,0.3,buy,3966.42,BTC-29MAR19-3875-P,41.56,0.0105,0.3,1,1553399016565,16798157,149
2019-03-24 03:43:36.565,0.3,buy,3966.42,BTC-29MAR19-3875-P,41.56,0.0105,0.3,0,1553399016565,16798156,148
2019-03-24 13:52:00.160,0.3,sell,3973.35,BTC-29MAR19-3875-P,42.57,0.0095,0.3,2,1553435520160,16801049,151
2019-03-24 14:41:49.042,0.1,sell,3973.7,BTC-29MAR19-3875-P,41.07,0.009000000000000001,0.1,3,1553438509042,16801299,153
2019-03-24 14:41:49.042,6.0,sell,3973.7,BTC-29MAR19-3875-P,41.07,0.009000000000000001,6.0,2,1553438509042,16801298,152
2019-03-24 18:41:51.956,8.0,buy,3960.67,BTC-29MAR19-3875-P,43.91,0.0105,8.0,1,1553452911956,16802346,156
2019-03-24 18:41:51.956,1.7,buy,3960.67,BTC-29MAR19-3875-P,43.91,0.0105,1.7,0,1553452911956,16802344,154
2019-03-24 18:41:51.956,0.3,buy,3960.67,BTC-29MAR19-3875-P,43.91,0.0105,0.3,1,1553452911956,16802345,155
2019-03-24 18:41:56.364,1.7,buy,3960.66,BTC-29MAR19-3875-P,43.89,0.0105,1.7,1,1553452916364,16802353,157
2019-03-24 18:41:56.364,6.9,buy,3960.66,BTC-29MAR19-3875-P,45.14,0.011000000000000001,6.9,0,1553452916364,16802354,158
2019-03-24 18:41:56.364,1.4,buy,3960.66,BTC-29MAR19-3875-P,45.14,0.011000000000000001,1.4,1,1553452916364,16802355,159
2019-03-24 18:41:59.410,10.0,buy,3960.66,BTC-29MAR19-3875-P,45.13,0.011000000000000001,10.0,1,1553452919410,16802359,160
2019-03-24 18:43:21.804,7.1000000000000005,buy,3958.98,BTC-29MAR19-3875-P,44.35,0.011000000000000001,7.1000000000000005,1,1553453001804,16802483,161
2019-03-24 18:43:28.230,10.0,buy,3958.98,BTC-29MAR19-3875-P,45.58,0.0115,10.0,0,1553453008230,16802484,162
2019-03-24 18:43:29.884,10.0,buy,3958.97,BTC-29MAR19-3875-P,45.58,0.0115,10.0,1,1553453009884,16802485,163
2019-03-24 18:43:31.043,1.3,buy,3958.97,BTC-29MAR19-3875-P,45.58,0.0115,1.3,1,1553453011043,16802486,164
2019-03-24 18:43:31.043,8.700000000000001,buy,3958.97,BTC-29MAR19-3875-P,45.58,0.0115,8.700000000000001,1,1553453011043,16802487,165
2019-03-24 18:43:32.903,0.3,buy,3959.0,BTC-29MAR19-3875-P,45.59,0.0115,0.3,1,1553453012903,16802489,166
2019-03-24 18:52:43.055,0.3,sell,3960.06,BTC-29MAR19-3875-P,43.24,0.0105,0.3,2,1553453563055,16802657,167
2019-03-24 23:11:42.559,0.2,sell,3967.06,BTC-29MAR19-3875-P,41.9,0.009000000000000001,0.2,2,1553469102559,16806090,168
2019-03-24 23:11:42.559,0.3,sell,3967.06,BTC-29MAR19-3875-P,40.58,0.0085,0.3,2,1553469102559,16806091,169
2019-03-24 23:11:42.559,1.8,sell,3967.06,BTC-29MAR19-3875-P,40.58,0.0085,1.8,3,1553469102559,16806092,170
2019-03-25 02:08:19.884,1.0,sell,3974.01,BTC-29MAR19-3875-P,41.2,0.008,1.0,2,1553479699884,16807405,171
2019-03-25 03:29:12.967,1.0,sell,3976.02,BTC-29MAR19-3875-P,41.04,0.008,1.0,3,1553484552967,16807755,172
2019-03-25 03:29:12.967,0.5,sell,3976.02,BTC-29MAR19-3875-P,41.04,0.008,0.5,3,1553484552967,16807756,173
2019-03-25 07:00:50.475,0.3,buy,3971.64,BTC-29MAR19-3875-P,41.14,0.008,0.3,3,1553497250475,16808610,174
2019-03-25 12:50:46.975,2.0,buy,3957.69,BTC-29MAR19-3875-P,39.3,0.008,2.0,3,1553518246975,16811576,176
2019-03-25 12:50:46.975,1.0,buy,3957.69,BTC-29MAR19-3875-P,39.3,0.008,1.0,3,1553518246975,16811575,175
2019-03-25 12:50:46.975,2.0,buy,3957.69,BTC-29MAR19-3875-P,39.3,0.008,2.0,3,1553518246975,16811577,177
2019-03-25 13:53:55.550,1.0,sell,3964.79,BTC-29MAR19-3875-P,38.28,0.006999999999999999,1.0,2,1553522035550,16812045,178
2019-03-25 15:27:54.956,1.0,buy,3960.07,BTC-29MAR19-3875-P,38.74,0.0075,1.0,0,1553527674956,16812889,179
2019-03-25 15:31:19.647,2.0,buy,3960.91,BTC-29MAR19-3875-P,39.31,0.0075,2.0,1,1553527879647,16812958,180
2019-03-25 15:36:54.691,20.0,buy,3960.2,BTC-29MAR19-3875-P,39.05,0.0075,20.0,1,1553528214691,16813036,181
2019-03-25 15:37:11.302,2.0,buy,3959.82,BTC-29MAR19-3875-P,39.04,0.0075,2.0,1,1553528231302,16813039,182
2019-03-25 15:53:21.452,3.0,buy,3952.36,BTC-29MAR19-3875-P,41.2,0.009000000000000001,3.0,0,1553529201452,16813497,183
2019-03-25 15:55:54.688,7.0,buy,3950.61,BTC-29MAR19-3875-P,40.58,0.009000000000000001,7.0,1,1553529354688,16813617,184
2019-03-25 15:59:47.492,10.0,buy,3949.04,BTC-29MAR19-3875-P,41.87,0.0095,10.0,0,1553529587492,16813792,185
2019-03-25 17:59:24.964,10.5,buy,3944.53,BTC-29MAR19-3875-P,44.16,0.0105,10.5,1,1553536764964,16815860,187
2019-03-25 17:59:24.964,0.2,buy,3944.53,BTC-29MAR19-3875-P,44.16,0.0105,0.2,0,1553536764964,16815859,186
2019-03-25 17:59:25.193,6.0,sell,3944.53,BTC-29MAR19-3875-P,44.16,0.0105,6.0,1,1553536765193,16815861,188
2019-03-25 17:59:25.396,8.3,sell,3944.53,BTC-29MAR19-3875-P,44.16,0.0105,8.3,1,1553536765396,16815862,189
2019-03-25 17:59:31.896,10.3,buy,3944.53,BTC-29MAR19-3875-P,44.07,0.0105,10.3,1,1553536771896,16815867,190
2019-03-25 17:59:38.970,7.4,buy,3944.53,BTC-29MAR19-3875-P,45.33,0.011000000000000001,7.4,0,1553536778970,16815877,191
2019-03-25 18:00:00.560,15.0,buy,3944.31,BTC-29MAR19-3875-P,45.14,0.011000000000000001,15.0,1,1553536800560,16815887,192
2019-03-25 18:07:17.882,10.0,buy,3945.95,BTC-29MAR19-3875-P,44.71,0.0105,10.0,2,1553537237882,16816021,193
2019-03-25 18:07:35.480,10.3,buy,3945.46,BTC-29MAR19-3875-P,45.96,0.011000000000000001,10.3,1,1553537255480,16816030,198
2019-03-25 18:07:35.480,8.4,buy,3945.46,BTC-29MAR19-3875-P,45.96,0.011000000000000001,8.4,1,1553537255480,16816029,197
2019-03-25 18:07:35.480,16.0,buy,3945.46,BTC-29MAR19-3875-P,45.96,0.011000000000000001,16.0,1,1553537255480,16816027,195
2019-03-25 18:07:35.480,0.2,buy,3945.46,BTC-29MAR19-3875-P,45.96,0.011000000000000001,0.2,0,1553537255480,16816026,194
2019-03-25 18:07:35.480,6.9,buy,3945.46,BTC-29MAR19-3875-P,45.96,0.011000000000000001,6.9,1,1553537255480,16816028,196
2019-03-25 18:07:35.589,0.2,sell,3945.46,BTC-29MAR19-3875-P,45.96,0.011000000000000001,0.2,1,1553537255589,16816032,199
2019-03-25 18:07:38.336,10.2,buy,3945.46,BTC-29MAR19-3875-P,45.94,0.011000000000000001,10.2,1,1553537258336,16816034,200
2019-03-25 18:08:04.830,16.0,buy,3944.91,BTC-29MAR19-3875-P,45.59,0.011,16.0,1,1553537284830,16816047,201
2019-03-25 18:08:40.130,7.7,buy,3943.77,BTC-29MAR19-3875-P,46.63,0.0115,7.7,1,1553537320130,16816051,205
2019-03-25 18:08:40.130,16.0,buy,3943.77,BTC-29MAR19-3875-P,46.63,0.0115,16.0,1,1553537320130,16816050,204
2019-03-25 18:08:40.130,9.7,buy,3943.77,BTC-29MAR19-3875-P,46.63,0.0115,9.7,1,1553537320130,16816049,203
2019-03-25 18:08:40.130,1.6,buy,3943.77,BTC-29MAR19-3875-P,46.63,0.0115,1.6,0,1553537320130,16816048,202
2019-03-25 18:31:42.098,1.0,buy,3926.88,BTC-29MAR19-3875-P,44.17,0.012,1.0,0,1553538702098,16817469,206
2019-03-25 18:31:47.563,0.2,buy,3925.79,BTC-29MAR19-3875-P,45.2,0.0125,0.2,0,1553538707563,16817482,207
2019-03-25 18:33:53.348,1.0,buy,3910.08,BTC-29MAR19-3875-P,42.67,0.013000000000000001,1.0,0,1553538833348,16817963,208
2019-03-25 18:39:10.804,0.1,buy,3912.9,BTC-29MAR19-3875-P,42.37,0.0125,0.1,2,1553539150804,16818589,209
2019-03-25 18:45:47.845,7.8,buy,3917.21,BTC-29MAR19-3875-P,46.57,0.0135,7.8,0,1553539547845,16818913,210
2019-03-25 18:45:54.651,7.9,sell,3916.82,BTC-29MAR19-3875-P,46.46,0.0135,7.9,1,1553539554651,16818918,211
2019-03-25 18:46:03.703,7.8,sell,3916.89,BTC-29MAR19-3875-P,46.41,0.0135,7.8,1,1553539563703,16818923,212
2019-03-25 18:50:27.798,7.0,buy,3907.89,BTC-29MAR19-3875-P,47.44,0.015,7.0,1,1553539827798,16819161,216
2019-03-25 18:50:27.798,0.4,buy,3907.89,BTC-29MAR19-3875-P,47.44,0.015,0.4,1,1553539827798,16819160,215
2019-03-25 18:50:27.798,3.1,buy,3907.89,BTC-29MAR19-3875-P,47.44,0.015,3.1,0,1553539827798,16819159,214
2019-03-25 18:50:27.798,0.1,buy,3907.89,BTC-29MAR19-3875-P,44.85,0.014,0.1,0,1553539827798,16819158,213
2019-03-25 18:50:28.211,6.9,sell,3907.32,BTC-29MAR19-3875-P,47.45,0.015,6.9,1,1553539828211,16819163,217
2019-03-25 18:50:41.846,0.4,sell,3909.08,BTC-29MAR19-3875-P,47.97,0.015,0.4,1,1553539841846,16819228,218
2019-03-25 18:50:46.344,2.1,sell,3909.43,BTC-29MAR19-3875-P,47.94,0.015,2.1,1,1553539846344,16819232,219
2019-03-25 18:50:46.344,2.0,sell,3909.43,BTC-29MAR19-3875-P,47.94,0.015,2.0,1,1553539846344,16819233,220
2019-03-25 18:52:02.295,7.0,buy,3907.8,BTC-29MAR19-3875-P,47.27,0.015,7.0,1,1553539922295,16819285,222
2019-03-25 18:52:02.295,2.0,buy,3907.8,BTC-29MAR19-3875-P,47.27,0.015,2.0,1,1553539922295,16819284,221
2019-03-25 18:57:31.749,0.4,buy,3907.18,BTC-29MAR19-3875-P,48.44,0.0155,0.4,1,1553540251749,16819426,224
2019-03-25 18:57:31.749,8.0,buy,3907.18,BTC-29MAR19-3875-P,48.44,0.0155,8.0,0,1553540251749,16819425,223
2019-03-25 18:57:31.749,7.6,buy,3907.18,BTC-29MAR19-3875-P,48.44,0.0155,7.6,1,1553540251749,16819427,225
2019-03-25 18:57:31.890,6.9,sell,3907.18,BTC-29MAR19-3875-P,48.44,0.0155,6.9,1,1553540251890,16819429,226
2019-03-25 18:57:33.199,0.3,sell,3907.18,BTC-29MAR19-3875-P,49.75,0.016,0.3,0,1553540253199,16819430,227
2019-03-25 18:58:02.289,2.1,sell,3906.88,BTC-29MAR19-3875-P,48.46,0.0155,2.1,2,1553540282289,16819436,228
2019-03-25 18:58:02.289,4.8,sell,3906.88,BTC-29MAR19-3875-P,48.46,0.0155,4.8,3,1553540282289,16819437,229
2019-03-25 18:58:03.763,6.9,sell,3906.88,BTC-29MAR19-3875-P,48.4,0.0155,6.9,3,1553540283763,16819442,230
2019-03-25 19:01:18.722,0.4,buy,3891.11,BTC-29MAR19-3875-P,45.29,0.016,0.4,0,1553540478722,16821162,231
2019-03-25 19:01:27.367,0.4,buy,3889.42,BTC-29MAR19-3875-P,44.37,0.016,0.4,1,1553540487367,16821202,232
2019-03-25 19:01:29.490,0.4,buy,3888.43,BTC-29MAR19-3875-P,44.07,0.016,0.4,1,1553540489490,16821229,233
2019-03-25 19:01:30.498,0.8,buy,3888.42,BTC-29MAR19-3875-P,43.93,0.016,0.8,1,1553540490498,16821242,234
2019-03-25 19:03:33.132,0.1,buy,3873.71,BTC-29MAR19-3875-P,44.54,0.018000000000000002,0.1,0,1553540613132,16823124,235
2019-03-25 19:03:35.019,0.1,buy,3873.45,BTC-29MAR19-3875-P,44.58,0.018000000000000002,0.1,1,1553540615019,16823127,236
2019-03-25 19:03:37.319,0.1,buy,3873.72,BTC-29MAR19-3875-P,44.65,0.018000000000000002,0.1,1,1553540617319,16823131,237
2019-03-25 19:18:05.447,2.0,sell,3899.4,BTC-29MAR19-3875-P,44.29,0.015,2.0,2,1553541485447,16825113,238
2019-03-25 19:19:34.190,6.2,buy,3894.44,BTC-29MAR19-3875-P,46.12,0.0165,6.2,0,1553541574190,16825377,239
2019-03-25 19:19:34.190,2.0,buy,3894.44,BTC-29MAR19-3875-P,46.12,0.0165,2.0,1,1553541574190,16825378,240
2019-03-25 19:27:51.469,1.0,buy,3899.36,BTC-29MAR19-3875-P,48.09,0.0165,1.0,1,1553542071469,16825689,241
2019-03-25 20:17:43.402,1.0,buy,3882.55,BTC-29MAR19-3875-P,42.84,0.0165,1.0,1,1553545063402,16826612,242
2019-03-25 20:21:30.583,0.6,buy,3882.98,BTC-29MAR19-3875-P,48.59,0.0185,0.6,1,1553545290583,16826731,244
2019-03-25 20:21:30.583,0.4,buy,3882.98,BTC-29MAR19-3875-P,48.59,0.0185,0.4,0,1553545290583,16826730,243
2019-03-25 20:21:40.508,1.0,buy,3882.84,BTC-29MAR19-3875-P,48.49,0.0185,1.0,1,1553545300508,16826739,245
2019-03-25 20:21:51.320,1.0,buy,3882.64,BTC-29MAR19-3875-P,48.36,0.0185,1.0,1,1553545311320,16826741,246
2019-03-25 20:21:59.724,1.0,buy,3882.59,BTC-29MAR19-3875-P,48.32,0.0185,1.0,1,1553545319724,16826743,247
2019-03-25 20:22:09.771,1.0,buy,3882.59,BTC-29MAR19-3875-P,48.31,0.0185,1.0,1,1553545329771,16826745,248
2019-03-25 20:42:21.625,2.0,sell,3882.75,BTC-29MAR19-3875-P,46.89,0.0175,2.0,2,1553546541625,16827256,249
2019-03-25 20:44:54.564,1.0,sell,3888.52,BTC-29MAR19-3875-P,44.13,0.016,1.0,2,1553546694564,16827309,250
2019-03-25 20:59:33.021,0.4,sell,3887.46,BTC-29MAR19-3875-P,42.74,0.0155,0.4,2,1553547573021,16827576,251
2019-03-25 20:59:33.021,1.6,sell,3887.46,BTC-29MAR19-3875-P,42.74,0.0155,1.6,3,1553547573021,16827577,252
2019-03-25 21:00:37.811,3.0,sell,3887.33,BTC-29MAR19-3875-P,43.95,0.016,3.0,0,1553547637811,16827605,253
2019-03-25 22:07:19.840,1.0,sell,3889.37,BTC-29MAR19-3875-P,43.4,0.0155,1.0,2,1553551639840,16828474,254
2019-03-25 22:08:46.649,1.0,sell,3889.68,BTC-29MAR19-3875-P,42.28,0.015,1.0,2,1553551726649,16828487,255
2019-03-25 22:14:26.709,5.5,buy,3889.05,BTC-29MAR19-3875-P,46.22,0.0165,5.5,1,1553552066709,16828524,257
2019-03-25 22:14:26.709,2.0,buy,3889.05,BTC-29MAR19-3875-P,46.22,0.0165,2.0,0,1553552066709,16828523,256
2019-03-25 22:14:35.244,5.5,sell,3888.96,BTC-29MAR19-3875-P,46.23,0.0165,5.5,1,1553552075244,16828526,258
2019-03-25 22:14:36.702,2.0,sell,3889.29,BTC-29MAR19-3875-P,46.19,0.0165,2.0,1,1553552076702,16828527,259
2019-03-25 22:14:36.702,2.0,sell,3889.29,BTC-29MAR19-3875-P,46.19,0.0165,2.0,1,1553552076702,16828528,260
2019-03-25 22:14:42.416,1.5,buy,3889.12,BTC-29MAR19-3875-P,46.16,0.0165,1.5,1,1553552082416,16828542,261
2019-03-25 22:14:52.093,6.0,sell,3888.93,BTC-29MAR19-3875-P,46.0,0.0165,6.0,1,1553552092093,16828548,262
2019-03-25 23:26:09.993,2.0,buy,3909.4,BTC-29MAR19-3875-P,46.05,0.013999999999999999,2.0,2,1553556369993,16829653,263
2019-03-25 23:26:09.993,7.2,buy,3909.4,BTC-29MAR19-3875-P,46.05,0.013999999999999999,7.2,3,1553556369993,16829654,264
2019-03-25 23:26:09.996,0.8,sell,3909.4,BTC-29MAR19-3875-P,46.05,0.013999999999999999,0.8,3,1553556369996,16829655,265
2019-03-25 23:26:11.622,4.3,sell,3909.4,BTC-29MAR19-3875-P,46.05,0.013999999999999999,4.3,3,1553556371622,16829657,266
2019-03-25 23:26:15.131,0.4,sell,3909.87,BTC-29MAR19-3875-P,46.1,0.013999999999999999,0.4,3,1553556375131,16829658,267
2019-03-25 23:26:23.952,0.7000000000000001,sell,3911.04,BTC-29MAR19-3875-P,46.36,0.013999999999999999,0.7000000000000001,3,1553556383952,16829665,268
2019-03-25 23:26:24.579,0.4,sell,3911.04,BTC-29MAR19-3875-P,46.36,0.013999999999999999,0.4,3,1553556384579,16829667,269
2019-03-25 23:27:35.642,0.7000000000000001,sell,3911.42,BTC-29MAR19-3875-P,46.25,0.013999999999999999,0.7000000000000001,3,1553556455642,16829675,270
2019-03-25 23:27:42.981,0.5,sell,3911.73,BTC-29MAR19-3875-P,46.35,0.013999999999999999,0.5,3,1553556462981,16829687,271
2019-03-25 23:27:43.194,0.4,sell,3911.73,BTC-29MAR19-3875-P,46.35,0.013999999999999999,0.4,3,1553556463194,16829688,272
2019-03-25 23:27:44.888,0.4,sell,3912.1,BTC-29MAR19-3875-P,46.56,0.013999999999999999,0.4,3,1553556464888,16829690,273
2019-03-26 00:30:17.637,33.1,buy,3911.75,BTC-29MAR19-3875-P,47.39,0.013999999999999999,33.1,3,1553560217637,16830711,274
2019-03-26 00:30:17.637,10.1,buy,3911.75,BTC-29MAR19-3875-P,47.39,0.013999999999999999,10.1,3,1553560217637,16830712,275
2019-03-26 00:30:17.637,6.8,buy,3911.75,BTC-29MAR19-3875-P,47.39,0.013999999999999999,6.8,3,1553560217637,16830713,276
2019-03-26 00:30:57.722,5.8,sell,3912.38,BTC-29MAR19-3875-P,47.0,0.013999999999999999,5.8,3,1553560257722,16830726,277
2019-03-26 00:30:58.747,7.2,sell,3912.38,BTC-29MAR19-3875-P,47.0,0.013999999999999999,7.2,3,1553560258747,16830727,278
2019-03-26 00:31:16.927,33.1,buy,3912.02,BTC-29MAR19-3875-P,48.18,0.0145,33.1,1,1553560276927,16830740,280
2019-03-26 00:31:16.927,8.9,buy,3912.02,BTC-29MAR19-3875-P,48.18,0.0145,8.9,1,1553560276927,16830741,281
2019-03-26 00:31:16.927,8.0,buy,3912.02,BTC-29MAR19-3875-P,48.18,0.0145,8.0,0,1553560276927,16830739,279
2019-03-26 00:47:35.680,8.8,buy,3912.31,BTC-29MAR19-3875-P,48.46,0.0145,8.8,1,1553561255680,16830893,283
2019-03-26 00:47:35.680,7.1000000000000005,buy,3912.31,BTC-29MAR19-3875-P,48.46,0.0145,7.1000000000000005,1,1553561255680,16830892,282
2019-03-26 00:47:35.683,5.9,sell,3912.31,BTC-29MAR19-3875-P,48.46,0.0145,5.9,1,1553561255683,16830894,284
2019-03-26 00:47:59.814,3.2,sell,3912.26,BTC-29MAR19-3875-P,48.39,0.0145,3.2,1,1553561279814,16830917,285
2019-03-26 00:47:59.814,2.0,sell,3912.26,BTC-29MAR19-3875-P,48.39,0.0145,2.0,1,1553561279814,16830918,286
2019-03-26 01:41:21.186,0.5,sell,3910.74,BTC-29MAR19-3875-P,44.12,0.013000000000000001,0.5,2,1553564481186,16831370,287
2019-03-26 03:03:26.338,1.0,sell,3917.14,BTC-29MAR19-3875-P,42.68,0.0115,1.0,2,1553569406338,16831818,288
2019-03-26 03:32:02.485,6.0,sell,3918.96,BTC-29MAR19-3875-P,43.71,0.012,6.0,0,1553571122485,16832061,289
2019-03-26 03:32:09.008,6.0,sell,3918.96,BTC-29MAR19-3875-P,43.71,0.012,6.0,1,1553571129008,16832062,290
2019-03-26 03:34:35.541,0.3,sell,3918.26,BTC-29MAR19-3875-P,43.43,0.012,0.3,1,1553571275541,16832070,292
2019-03-26 03:34:35.541,2.7,sell,3918.26,BTC-29MAR19-3875-P,43.43,0.012,2.7,1,1553571275541,16832071,293
2019-03-26 03:34:35.541,3.0,sell,3918.26,BTC-29MAR19-3875-P,43.43,0.012,3.0,1,1553571275541,16832069,291
2019-03-26 03:37:10.805,6.0,sell,3918.75,BTC-29MAR19-3875-P,43.39,0.012,6.0,1,1553571430805,16832081,294
2019-03-26 03:37:19.989,6.0,sell,3918.88,BTC-29MAR19-3875-P,43.43,0.012,6.0,1,1553571439989,16832082,295
2019-03-26 04:03:23.707,0.2,buy,3910.39,BTC-29MAR19-3875-P,47.29,0.013999999999999999,0.2,0,1553573003707,16832440,297
2019-03-26 04:03:23.707,0.3,buy,3910.39,BTC-29MAR19-3875-P,45.92,0.0135,0.3,0,1553573003707,16832439,296
2019-03-26 04:03:30.179,1.0,sell,3910.28,BTC-29MAR19-3875-P,43.15,0.0125,1.0,2,1553573010179,16832442,298
2019-03-26 04:10:46.367,1.0,sell,3914.59,BTC-29MAR19-3875-P,43.28,0.012,1.0,2,1553573446367,16832546,299
2019-03-26 06:06:50.783,2.0,buy,3910.2,BTC-29MAR19-3875-P,47.26,0.013999999999999999,2.0,0,1553580410783,16833095,300
2019-03-26 06:49:58.069,6.0,sell,3901.7,BTC-29MAR19-3875-P,44.95,0.013999999999999999,6.0,1,1553582998069,16833510,301
2019-03-26 06:56:37.563,5.8,sell,3896.85,BTC-29MAR19-3875-P,45.54,0.0145,5.8,0,1553583397563,16833809,302
2019-03-26 06:59:49.831,0.2,sell,3899.99,BTC-29MAR19-3875-P,42.62,0.013000000000000001,0.2,2,1553583589831,16833864,303
2019-03-26 09:53:16.208,2.0,buy,3904.2,BTC-29MAR19-3875-P,48.47,0.0145,2.0,0,1553593996208,16835180,305
2019-03-26 09:53:16.208,0.2,buy,3904.2,BTC-29MAR19-3875-P,47.05,0.013999999999999999,0.2,0,1553593996208,16835179,304
2019-03-26 09:53:16.208,9.4,buy,3904.2,BTC-29MAR19-3875-P,48.47,0.0145,9.4,1,1553593996208,16835181,306
2019-03-26 09:53:16.400,6.0,sell,3904.2,BTC-29MAR19-3875-P,48.47,0.0145,6.0,1,1553593996400,16835182,307
2019-03-26 10:33:34.711,10.0,sell,3904.55,BTC-29MAR19-3875-P,43.5,0.0125,10.0,2,1553596414711,16835489,308
2019-03-26 12:36:27.467,1.0,sell,3895.64,BTC-29MAR19-3875-P,44.79,0.014,1.0,0,1553603787467,16836223,309
2019-03-26 12:42:18.582,2.0,sell,3891.45,BTC-29MAR19-3875-P,44.75,0.0145,2.0,0,1553604138582,16836340,310
2019-03-26 14:37:22.385,1.0,sell,3903.26,BTC-29MAR19-3875-P,45.28,0.013000000000000001,1.0,3,1553611042385,16838076,312
2019-03-26 14:37:22.385,2.0,sell,3903.26,BTC-29MAR19-3875-P,45.28,0.013000000000000001,2.0,2,1553611042385,16838075,311
2019-03-26 14:46:50.320,0.5,sell,3906.48,BTC-29MAR19-3875-P,43.52,0.012,0.5,2,1553611610320,16838284,313
2019-03-26 15:11:17.551,3.0,sell,3910.5,BTC-29MAR19-3875-P,43.89,0.0115,3.0,2,1553613077551,16838649,314
2019-03-26 15:12:55.812,1.8,sell,3912.21,BTC-29MAR19-3875-P,42.63,0.011000000000000001,1.8,2,1553613175812,16838681,315
2019-03-26 15:12:55.822,1.4,sell,3912.21,BTC-29MAR19-3875-P,42.63,0.011000000000000001,1.4,3,1553613175822,16838682,316
2019-03-26 15:12:55.825,2.0,sell,3912.21,BTC-29MAR19-3875-P,42.63,0.011000000000000001,2.0,3,1553613175825,16838683,317
2019-03-26 15:12:55.829,1.5,sell,3912.21,BTC-29MAR19-3875-P,42.63,0.011000000000000001,1.5,3,1553613175829,16838684,318
2019-03-26 15:12:56.198,1.3,sell,3912.21,BTC-29MAR19-3875-P,42.63,0.011000000000000001,1.3,3,1553613176198,16838685,319
2019-03-26 15:12:56.199,0.4,sell,3912.21,BTC-29MAR19-3875-P,42.63,0.011000000000000001,0.4,3,1553613176199,16838686,320
2019-03-26 15:12:56.209,0.7000000000000001,sell,3912.21,BTC-29MAR19-3875-P,42.63,0.011000000000000001,0.7000000000000001,3,1553613176209,16838687,321
2019-03-26 15:12:56.214,1.7,sell,3912.21,BTC-29MAR19-3875-P,42.63,0.011000000000000001,1.7,3,1553613176214,16838688,322
2019-03-26 15:12:56.636,1.1,sell,3912.21,BTC-29MAR19-3875-P,42.63,0.011000000000000001,1.1,3,1553613176636,16838689,323
2019-03-26 15:12:56.637,1.8,sell,3912.21,BTC-29MAR19-3875-P,42.63,0.011000000000000001,1.8,3,1553613176637,16838690,324
2019-03-26 15:12:56.650,2.5,sell,3912.21,BTC-29MAR19-3875-P,42.63,0.011000000000000001,2.5,3,1553613176650,16838691,325
2019-03-26 15:12:56.650,0.5,sell,3912.21,BTC-29MAR19-3875-P,42.63,0.011000000000000001,0.5,3,1553613176650,16838692,326
2019-03-26 15:12:57.003,0.3,sell,3912.21,BTC-29MAR19-3875-P,42.61,0.011000000000000001,0.3,3,1553613177003,16838693,327
2019-03-26 15:46:48.802,4.0,sell,3914.58,BTC-29MAR19-3875-P,46.84,0.012,4.0,0,1553615208802,16839202,328
2019-03-26 20:22:07.985,1.0,buy,3915.54,BTC-29MAR19-3875-P,48.75,0.012,1.0,1,1553631727985,16841847,329
2019-03-26 22:21:42.552,0.6,sell,3912.48,BTC-29MAR19-3875-P,43.62,0.0105,0.6,3,1553638902552,16842319,331
2019-03-26 22:21:42.552,0.4,sell,3912.48,BTC-29MAR19-3875-P,43.62,0.0105,0.4,2,1553638902552,16842318,330
2019-03-27 00:02:03.323,1.0,buy,3916.68,BTC-29MAR19-3875-P,46.23,0.0105,1.0,3,1553644923323,16843193,332
2019-03-27 00:54:43.834,0.5,sell,3929.74,BTC-29MAR19-3875-P,42.94,0.008,0.5,2,1553648083834,16844170,333
2019-03-27 01:01:08.917,0.5,sell,3944.8,BTC-29MAR19-3875-P,45.53,0.0075,0.5,2,1553648468917,16845077,334
2019-03-27 01:04:32.170,0.1,sell,3938.85,BTC-29MAR19-3875-P,43.94,0.0075,0.1,3,1553648672170,16845969,335
2019-03-27 01:23:49.194,1.0,sell,3952.42,BTC-29MAR19-3875-P,48.43,0.0075,1.0,3,1553649829194,16847538,336
2019-03-27 01:24:03.883,1.0,sell,3957.92,BTC-29MAR19-3875-P,47.74,0.006999999999999999,1.0,2,1553649843883,16847737,337
2019-03-27 01:24:03.883,0.1,sell,3957.92,BTC-29MAR19-3875-P,47.74,0.006999999999999999,0.1,3,1553649843883,16847738,338
2019-03-27 02:19:10.808,0.4,buy,3966.05,BTC-29MAR19-3875-P,50.47,0.006999999999999999,0.4,3,1553653150808,16850593,339
2019-03-27 02:19:10.808,1.6,buy,3966.05,BTC-29MAR19-3875-P,50.47,0.006999999999999999,1.6,3,1553653150808,16850594,340
2019-03-27 02:19:43.614,3.0,buy,3966.65,BTC-29MAR19-3875-P,50.68,0.006999999999999999,3.0,3,1553653183614,16850604,341
2019-03-27 04:35:13.133,0.2,sell,3973.43,BTC-29MAR19-3875-P,44.94,0.005,0.2,2,1553661313133,16852810,342
2019-03-27 05:24:33.177,0.2,sell,3979.37,BTC-29MAR19-3875-P,44.58,0.0045,0.2,2,1553664273177,16853172,343
2019-03-27 07:24:10.206,6.0,sell,3983.61,BTC-29MAR19-3875-P,42.2,0.0035,6.0,2,1553671450206,16854649,344
2019-03-27 08:22:50.964,0.1,sell,3983.41,BTC-29MAR19-3875-P,40.06,0.003,0.1,2,1553674970964,16855015,345
2019-03-27 10:23:01.626,0.3,sell,4008.27,BTC-29MAR19-3875-P,46.54,0.003,0.3,3,1553682181626,16857255,346
2019-03-27 10:23:42.746,10.0,sell,4014.77,BTC-29MAR19-3875-P,44.75,0.0025,10.0,2,1553682222746,16857524,347
2019-03-27 10:25:07.195,3.0,buy,4020.53,BTC-29MAR19-3875-P,43.0,0.002,3.0,2,1553682307195,16858376,348
2019-03-27 11:03:52.163,0.5,sell,4018.56,BTC-29MAR19-3875-P,49.21,0.003,0.5,0,1553684632163,16860057,349
2019-03-27 11:03:54.674,0.5,sell,4019.17,BTC-29MAR19-3875-P,49.45,0.003,0.5,1,1553684634674,16860060,350
2019-03-27 11:03:55.876,0.5,sell,4019.17,BTC-29MAR19-3875-P,49.45,0.003,0.5,1,1553684635876,16860062,351
2019-03-27 11:03:57.031,0.5,sell,4019.11,BTC-29MAR19-3875-P,49.43,0.003,0.5,1,1553684637031,16860070,352
2019-03-27 11:21:55.699,0.2,sell,4008.66,BTC-29MAR19-3875-P,47.56,0.003,0.2,1,1553685715699,16860516,353
2019-03-27 11:30:39.387,0.5,sell,4014.44,BTC-29MAR19-3875-P,49.28,0.003,0.5,1,1553686239387,16860658,354
2019-03-27 11:30:40.621,0.5,sell,4014.53,BTC-29MAR19-3875-P,49.25,0.003,0.5,1,1553686240621,16860659,355
2019-03-27 11:30:42.499,0.5,sell,4014.77,BTC-29MAR19-3875-P,49.24,0.003,0.5,1,1553686242499,16860660,356
2019-03-27 11:30:43.655,0.5,sell,4014.85,BTC-29MAR19-3875-P,49.28,0.003,0.5,1,1553686243655,16860661,357
2019-03-27 11:33:06.069,0.5,sell,4015.92,BTC-29MAR19-3875-P,49.63,0.003,0.5,1,1553686386069,16860679,358
2019-03-27 11:33:07.180,0.5,sell,4015.92,BTC-29MAR19-3875-P,49.63,0.003,0.5,1,1553686387180,16860680,359
2019-03-27 11:33:09.507,0.5,sell,4015.92,BTC-29MAR19-3875-P,49.63,0.003,0.5,1,1553686389507,16860683,360
2019-03-27 11:33:10.668,0.5,sell,4016.2,BTC-29MAR19-3875-P,49.63,0.003,0.5,1,1553686390668,16860684,361
2019-03-27 11:33:10.890,0.5,sell,4016.2,BTC-29MAR19-3875-P,49.63,0.003,0.5,1,1553686390890,16860686,362
2019-03-27 11:33:10.917,0.5,sell,4016.2,BTC-29MAR19-3875-P,49.63,0.003,0.5,1,1553686390917,16860687,363
2019-03-27 11:33:10.938,0.5,sell,4016.2,BTC-29MAR19-3875-P,49.63,0.003,0.5,1,1553686390938,16860688,364
2019-03-27 11:33:10.959,0.3,sell,4016.2,BTC-29MAR19-3875-P,49.63,0.003,0.3,1,1553686390959,16860689,365
2019-03-27 11:44:21.679,1.0,sell,4020.1,BTC-29MAR19-3875-P,44.24,0.002,1.0,2,1553687061679,16860790,366
2019-03-27 13:27:20.188,0.5,buy,4009.95,BTC-29MAR19-3875-P,46.07,0.0025,0.5,0,1553693240188,16863514,367
2019-03-27 13:27:20.188,0.3,buy,4009.95,BTC-29MAR19-3875-P,46.07,0.0025,0.3,1,1553693240188,16863515,368
2019-03-27 13:27:20.188,4.2,buy,4009.95,BTC-29MAR19-3875-P,46.07,0.0025,4.2,1,1553693240188,16863516,369
2019-03-27 15:09:52.500,0.5,sell,4004.8,BTC-29MAR19-3875-P,38.93,0.0015,0.5,3,1553699392500,16864562,371
2019-03-27 15:09:52.500,0.2,sell,4004.8,BTC-29MAR19-3875-P,38.93,0.0015,0.2,2,1553699392500,16864561,370
2019-03-27 15:09:52.500,1.3,sell,4004.8,BTC-29MAR19-3875-P,38.93,0.0015,1.3,3,1553699392500,16864563,372
