date_utc,amount,direction,indexPrice,instrument,iv,price,quantity,tickDirection,timeStamp,tradeId,tradeSeq
2019-03-22 21:59:17.312,1.0,sell,136.04,ETH-28JUN19-180-P,0.0,0.001,1.0,1,1553291957312,105260,1
2019-03-23 20:21:57.564,1.0,buy,135.8,ETH-28JUN19-180-P,84.2,0.40299999999999997,1.0,0,1553372517564,115841,2
2019-03-29 15:11:42.767,1.0,buy,140.26,ETH-28JUN19-180-P,60.9,0.312,1.0,2,1553872302767,201378,3
2019-04-02 14:10:26.662,18.0,buy,154.46,ETH-28JUN19-180-P,68.65,0.22699999999999998,18.0,2,1554214226662,302113,4
2019-04-02 14:10:44.441,18.0,buy,153.64,ETH-28JUN19-180-P,66.6,0.227,18.0,3,1554214244441,302295,5
2019-04-03 04:01:05.983,1250.0,buy,172.88,ETH-28JUN19-180-P,73.73,0.153,1250.0,2,1554264065983,354571,6
2019-04-03 12:34:45.731,50.0,sell,169.21,ETH-28JUN19-180-P,76.96,0.166,50.0,0,1554294885731,373609,7
2019-04-03 12:37:00.489,50.0,sell,169.18,ETH-28JUN19-180-P,76.66,0.16399999999999998,50.0,2,1554295020489,373733,8
2019-04-03 16:04:15.558,50.0,sell,171.86,ETH-28JUN19-180-P,73.3,0.149,50.0,2,1554307455558,382300,9
2019-04-03 16:04:46.479,50.0,sell,171.57,ETH-28JUN19-180-P,71.73,0.146,50.0,2,1554307486479,382383,10
2019-04-03 16:43:16.599,1.0,buy,173.81,ETH-28JUN19-180-P,72.08,0.141,1.0,2,1554309796599,386524,11
2019-04-03 19:16:18.427,50.0,sell,174.74,ETH-28JUN19-180-P,72.74,0.139,50.0,2,1554318978427,394917,12
2019-04-03 19:16:21.075,50.0,sell,174.72,ETH-28JUN19-180-P,72.86,0.139,50.0,3,1554318981075,394925,13
2019-04-03 19:16:50.516,50.0,sell,174.95,ETH-28JUN19-180-P,69.93,0.132,50.0,2,1554319010516,395008,14
2019-04-03 19:27:24.258,10.0,sell,174.48,ETH-28JUN19-180-P,69.05,0.132,10.0,3,1554319644258,395415,15
2019-04-03 19:27:28.730,10.0,sell,174.49,ETH-28JUN19-180-P,68.44,0.131,10.0,2,1554319648730,395418,16
2019-04-03 19:27:34.183,10.0,sell,174.51,ETH-28JUN19-180-P,67.88,0.13,10.0,2,1554319654183,395419,17
2019-04-03 19:27:38.126,10.0,sell,174.51,ETH-28JUN19-180-P,67.77,0.13,10.0,3,1554319658126,395421,18
2019-04-03 19:27:42.353,10.0,sell,174.48,ETH-28JUN19-180-P,67.69,0.13,10.0,3,1554319662353,395425,19
2019-04-03 19:54:10.519,50.0,sell,173.93,ETH-28JUN19-180-P,73.59,0.14300000000000002,50.0,0,1554321250519,396834,20
2019-04-03 19:54:12.209,50.0,sell,173.96,ETH-28JUN19-180-P,73.76,0.14300000000000002,50.0,1,1554321252209,396835,21
2019-04-03 19:54:13.318,50.0,sell,173.95,ETH-28JUN19-180-P,73.81,0.14300000000000002,50.0,1,1554321253318,396836,22
2019-04-04 05:15:18.000,50.0,sell,163.41,ETH-28JUN19-180-P,74.4,0.19,50.0,0,1554354918000,434135,23
2019-04-04 05:15:25.064,50.0,buy,163.42,ETH-28JUN19-180-P,74.38,0.19,50.0,1,1554354925064,434142,24
2019-04-04 12:54:57.796,50.0,buy,162.12,ETH-28JUN19-180-P,83.56,0.213,50.0,0,1554382497796,442555,25
2019-04-05 09:23:38.184,2.0,sell,163.49,ETH-28JUN19-180-P,0.0,0.001,2.0,2,1554456218184,473425,27
2019-04-05 09:23:38.184,18.0,sell,163.49,ETH-28JUN19-180-P,77.15,0.19,18.0,2,1554456218184,473424,26
2019-04-05 09:23:58.446,17.0,sell,163.46,ETH-28JUN19-180-P,76.02,0.188,17.0,0,1554456238446,473432,28
2019-04-05 09:25:44.516,17.0,sell,163.33,ETH-28JUN19-180-P,74.39,0.185,17.0,2,1554456344516,473440,29
2019-04-05 09:27:16.250,17.0,sell,163.23,ETH-28JUN19-180-P,71.56,0.18,17.0,2,1554456436250,473467,30
2019-04-05 09:27:24.926,17.0,sell,163.21,ETH-28JUN19-180-P,70.41,0.17800000000000002,17.0,2,1554456444926,473470,31
2019-04-05 09:47:31.292,10.0,sell,163.48,ETH-28JUN19-180-P,71.1,0.17800000000000002,10.0,3,1554457651292,473657,32
2019-04-05 09:47:32.241,8.0,sell,163.47,ETH-28JUN19-180-P,0.0,0.001,8.0,2,1554457652241,473658,33
2019-04-05 09:47:47.676,10.0,sell,163.51,ETH-28JUN19-180-P,70.62,0.177,10.0,0,1554457667676,473660,34
2019-04-05 09:48:10.522,50.0,sell,163.51,ETH-28JUN19-180-P,70.08,0.17600000000000002,50.0,2,1554457690522,473666,35
2019-04-05 09:48:18.588,50.0,sell,163.52,ETH-28JUN19-180-P,71.65,0.179,50.0,0,1554457698588,473667,36
2019-04-05 09:50:42.408,50.0,sell,163.59,ETH-28JUN19-180-P,71.22,0.179,50.0,1,1554457842408,473694,37
2019-04-05 09:52:30.211,50.0,sell,163.62,ETH-28JUN19-180-P,71.26,0.179,50.0,1,1554457950211,473699,38
2019-04-05 10:12:37.164,20.0,sell,163.65,ETH-28JUN19-180-P,69.5,0.175,20.0,2,1554459157164,473997,39
2019-04-05 10:12:40.077,20.0,sell,163.65,ETH-28JUN19-180-P,69.5,0.175,20.0,3,1554459160077,473998,40
2019-04-05 10:12:45.067,20.0,sell,163.65,ETH-28JUN19-180-P,69.48,0.175,20.0,3,1554459165067,473999,41
2019-04-05 10:12:48.404,20.0,sell,163.65,ETH-28JUN19-180-P,69.48,0.175,20.0,3,1554459168404,474000,42
2019-04-05 10:12:56.689,20.0,sell,163.65,ETH-28JUN19-180-P,69.48,0.175,20.0,3,1554459176689,474001,43
2019-04-05 10:12:58.098,18.0,sell,163.65,ETH-28JUN19-180-P,69.48,0.175,18.0,3,1554459178098,474002,44
2019-04-05 10:12:58.098,2.0,sell,163.65,ETH-28JUN19-180-P,67.38,0.171,2.0,2,1554459178098,474003,45
2019-04-05 10:14:28.409,20.0,sell,163.71,ETH-28JUN19-180-P,68.95,0.174,20.0,0,1554459268409,474015,46
2019-04-05 10:14:30.542,20.0,sell,163.71,ETH-28JUN19-180-P,68.95,0.174,20.0,1,1554459270542,474016,47
2019-04-05 10:15:18.262,20.0,sell,163.74,ETH-28JUN19-180-P,69.08,0.174,20.0,1,1554459318262,474033,48
2019-04-05 10:15:28.141,20.0,sell,163.82,ETH-28JUN19-180-P,69.38,0.174,20.0,1,1554459328141,474034,49
2019-04-05 10:18:34.710,20.0,sell,164.09,ETH-28JUN19-180-P,74.61,0.182,20.0,0,1554459514710,474104,50
2019-04-05 10:20:02.726,20.0,sell,163.94,ETH-28JUN19-180-P,74.42,0.182,20.0,1,1554459602726,474125,51
2019-04-05 10:41:03.937,5.0,buy,164.06,ETH-28JUN19-180-P,74.93,0.182,5.0,1,1554460863937,474672,52
2019-04-05 10:41:32.780,5.0,buy,163.99,ETH-28JUN19-180-P,74.85,0.182,5.0,1,1554460892780,474690,53
2019-04-05 12:42:36.011,18.0,sell,166.05,ETH-28JUN19-180-P,71.68,0.17,18.0,2,1554468156011,477379,54
2019-04-05 12:42:55.475,10.0,sell,165.96,ETH-28JUN19-180-P,71.57,0.17,10.0,3,1554468175475,477404,55
2019-04-05 12:42:56.641,10.0,sell,165.98,ETH-28JUN19-180-P,71.63,0.17,10.0,3,1554468176641,477405,56
2019-04-06 20:22:32.119,11.0,sell,171.71,ETH-28JUN19-180-P,72.58,0.15,11.0,2,1554582152119,516150,57
2019-04-06 20:25:26.321,11.0,sell,171.59,ETH-28JUN19-180-P,71.59,0.14800000000000002,11.0,2,1554582326321,516320,58
2019-04-07 14:44:11.001,5.0,sell,167.14,ETH-28JUN19-180-P,75.02,0.16699999999999998,5.0,0,1554648251001,546700,59
2019-04-08 02:49:58.954,48.0,sell,183.74,ETH-28JUN19-180-P,79.04,0.11199999999999999,48.0,2,1554691798954,601746,60
2019-04-08 02:59:42.901,48.0,buy,182.66,ETH-28JUN19-180-P,83.32,0.12,48.0,0,1554692382901,602894,61
2019-04-08 02:59:43.279,46.0,buy,182.66,ETH-28JUN19-180-P,83.32,0.12,46.0,1,1554692383279,602910,62
2019-04-08 02:59:43.293,2.0,sell,182.66,ETH-28JUN19-180-P,84.46,0.122,2.0,0,1554692383293,602911,63
2019-04-08 02:59:43.373,48.0,sell,182.66,ETH-28JUN19-180-P,84.46,0.122,48.0,1,1554692383373,602920,64
2019-04-08 02:59:45.246,93.0,sell,182.68,ETH-28JUN19-180-P,88.48,0.129,93.0,0,1554692385246,602954,65
2019-04-08 07:04:13.227,10.0,sell,181.87,ETH-28JUN19-180-P,77.11,0.114,10.0,2,1554707053227,614726,66
2019-04-08 07:04:16.680,10.0,sell,181.93,ETH-28JUN19-180-P,77.13,0.114,10.0,3,1554707056680,614729,67
2019-04-08 07:04:18.458,10.0,sell,181.93,ETH-28JUN19-180-P,77.21,0.114,10.0,3,1554707058458,614730,68
2019-04-08 07:04:19.916,10.0,sell,181.92,ETH-28JUN19-180-P,77.21,0.114,10.0,3,1554707059916,614731,69
2019-04-08 07:04:29.626,4.0,sell,181.83,ETH-28JUN19-180-P,77.06,0.114,4.0,3,1554707069626,614764,70
2019-04-08 07:09:29.455,20.0,sell,180.97,ETH-28JUN19-180-P,75.0,0.112,20.0,2,1554707369455,615175,71
2019-04-08 07:11:57.710,20.0,sell,180.4,ETH-28JUN19-180-P,73.68,0.112,20.0,3,1554707517710,615479,72
2019-04-08 07:12:28.461,20.0,sell,180.15,ETH-28JUN19-180-P,73.01,0.112,20.0,3,1554707548461,615552,73
2019-04-08 07:17:19.450,5.0,sell,180.23,ETH-28JUN19-180-P,73.35,0.114,5.0,0,1554707839450,616531,74
2019-04-08 07:17:31.246,5.0,sell,180.21,ETH-28JUN19-180-P,72.11,0.112,5.0,2,1554707851246,616595,75
2019-04-08 07:19:41.147,5.0,sell,180.13,ETH-28JUN19-180-P,73.38,0.113,5.0,0,1554707981147,616682,76
2019-04-08 07:19:42.414,5.0,sell,180.13,ETH-28JUN19-180-P,73.38,0.113,5.0,1,1554707982414,616687,77
2019-04-08 07:19:43.695,5.0,sell,180.11,ETH-28JUN19-180-P,74.53,0.115,5.0,0,1554707983695,616698,78
2019-04-08 07:20:57.834,5.0,sell,179.77,ETH-28JUN19-180-P,73.74,0.114,5.0,2,1554708057834,616797,79
2019-04-08 07:20:59.800,5.0,sell,179.74,ETH-28JUN19-180-P,70.35,0.108,5.0,2,1554708059800,616801,80
2019-04-08 07:26:21.266,5.0,sell,179.88,ETH-28JUN19-180-P,71.83,0.11,5.0,0,1554708381266,617164,81
2019-04-08 07:30:51.467,5.0,sell,180.19,ETH-28JUN19-180-P,72.26,0.11,5.0,1,1554708651467,617931,82
2019-04-08 07:33:43.950,5.0,sell,180.82,ETH-28JUN19-180-P,72.32,0.108,5.0,2,1554708823950,618180,83
2019-04-08 07:45:03.540,40.0,sell,180.13,ETH-28JUN19-180-P,71.94,0.109,40.0,0,1554709503540,618585,84
2019-04-08 08:16:56.460,40.0,sell,179.8,ETH-28JUN19-180-P,70.94,0.109,40.0,1,1554711416460,619363,85
2019-04-08 08:58:14.793,50.0,sell,180.48,ETH-28JUN19-180-P,70.01,0.106,50.0,2,1554713894793,621246,86
2019-04-08 09:13:44.750,48.0,sell,181.01,ETH-28JUN19-180-P,66.94,0.1,48.0,2,1554714824750,621633,87
2019-04-08 09:13:44.750,2.0,sell,181.01,ETH-28JUN19-180-P,66.94,0.1,2.0,3,1554714824750,621634,88
2019-04-08 10:22:08.846,2.0,buy,181.0,ETH-28JUN19-180-P,73.28,0.112,2.0,0,1554718928846,623264,89
2019-04-08 13:12:51.082,10.0,sell,178.97,ETH-28JUN19-180-P,75.07,0.123,10.0,0,1554729171082,634365,90
2019-04-08 13:12:54.377,10.0,sell,178.97,ETH-28JUN19-180-P,74.52,0.122,10.0,2,1554729174377,634366,91
2019-04-08 13:12:56.699,10.0,sell,178.97,ETH-28JUN19-180-P,74.52,0.122,10.0,3,1554729176699,634370,92
2019-04-08 13:13:25.335,10.0,sell,178.97,ETH-28JUN19-180-P,74.5,0.122,10.0,3,1554729205335,634403,93
2019-04-08 13:13:28.638,10.0,sell,178.97,ETH-28JUN19-180-P,72.85,0.119,10.0,2,1554729208638,634404,94
2019-04-08 13:13:31.588,10.0,sell,178.97,ETH-28JUN19-180-P,72.85,0.119,10.0,3,1554729211588,634405,95
2019-04-08 13:31:04.444,10.0,sell,179.0,ETH-28JUN19-180-P,73.34,0.119,10.0,3,1554730264444,635372,96
2019-04-08 15:09:07.757,8.0,buy,178.85,ETH-28JUN19-180-P,82.32,0.135,8.0,0,1554736147757,639035,97
2019-04-08 15:14:34.961,50.0,sell,178.72,ETH-28JUN19-180-P,73.61,0.12,50.0,2,1554736474961,639183,98
2019-04-08 15:14:43.095,50.0,sell,178.7,ETH-28JUN19-180-P,72.5,0.118,50.0,2,1554736483095,639190,99
2019-04-08 15:14:47.003,50.0,sell,178.7,ETH-28JUN19-180-P,72.52,0.118,50.0,3,1554736487003,639191,100
2019-04-08 15:14:56.216,10.0,sell,178.75,ETH-28JUN19-180-P,72.07,0.117,10.0,2,1554736496216,639192,101
2019-04-08 15:24:48.840,5.0,buy,180.83,ETH-28JUN19-180-P,79.22,0.124,5.0,0,1554737088840,639905,102
2019-04-09 13:59:57.635,50.0,sell,178.02,ETH-28JUN19-180-P,74.23,0.121,50.0,2,1554818397635,698385,103
2019-04-09 14:13:32.757,50.0,sell,177.21,ETH-28JUN19-180-P,74.22,0.124,50.0,0,1554819212757,699540,104
2019-04-09 14:14:10.793,50.0,sell,177.21,ETH-28JUN19-180-P,74.72,0.124,50.0,1,1554819250793,699597,105
2019-04-09 14:14:21.919,50.0,sell,177.22,ETH-28JUN19-180-P,74.74,0.124,50.0,1,1554819261919,699615,106
2019-04-09 14:14:45.475,50.0,sell,177.24,ETH-28JUN19-180-P,74.83,0.124,50.0,1,1554819285475,699642,107
2019-04-09 14:38:15.743,50.0,sell,177.4,ETH-28JUN19-180-P,73.35,0.121,50.0,2,1554820695743,700890,108
2019-04-09 14:38:17.550,50.0,sell,177.4,ETH-28JUN19-180-P,73.35,0.121,50.0,3,1554820697550,700891,109
2019-04-09 14:38:19.139,50.0,sell,177.39,ETH-28JUN19-180-P,73.32,0.121,50.0,3,1554820699139,700892,110
2019-04-09 15:11:26.237,50.0,sell,177.54,ETH-28JUN19-180-P,71.52,0.11699999999999999,50.0,2,1554822686237,702061,111
2019-04-09 15:22:25.204,50.0,sell,177.53,ETH-28JUN19-180-P,70.45,0.115,50.0,2,1554823345204,702396,112
2019-04-09 15:22:27.883,50.0,sell,177.53,ETH-28JUN19-180-P,70.46,0.115,50.0,3,1554823347883,702397,113
2019-04-09 15:28:40.874,50.0,sell,177.74,ETH-28JUN19-180-P,70.92,0.115,50.0,3,1554823720874,702716,114
2019-04-09 15:28:43.607,50.0,sell,177.74,ETH-28JUN19-180-P,70.91,0.115,50.0,3,1554823723607,702719,115
2019-04-09 15:36:27.835,70.0,sell,177.52,ETH-28JUN19-180-P,70.64,0.115,70.0,3,1554824187835,703072,116
2019-04-09 15:43:08.733,72.0,buy,177.15,ETH-28JUN19-180-P,73.83,0.122,72.0,0,1554824588733,703234,117
2019-04-09 17:52:14.929,50.0,sell,176.72,ETH-28JUN19-180-P,73.48,0.121,50.0,2,1554832334929,705802,118
2019-04-09 18:01:53.653,100.0,sell,176.99,ETH-28JUN19-180-P,71.34,0.11699999999999999,100.0,2,1554832913653,706025,119
2019-04-09 18:05:06.461,50.0,sell,177.12,ETH-28JUN19-180-P,70.1,0.114,50.0,2,1554833106461,706156,120
2019-04-10 04:11:32.032,72.0,buy,179.91,ETH-28JUN19-180-P,72.86,0.11,72.0,2,1554869492032,722276,121
2019-04-10 04:43:03.839,72.0,sell,180.9,ETH-28JUN19-180-P,74.25,0.11,72.0,3,1554871383839,722506,122
2019-04-10 05:58:01.533,72.0,sell,181.8,ETH-28JUN19-180-P,74.87,0.11,72.0,3,1554875881533,723681,123
2019-04-10 05:58:02.700,84.0,sell,181.83,ETH-28JUN19-180-P,74.95,0.11,84.0,3,1554875882700,723687,124
2019-04-10 07:30:12.935,72.0,sell,181.48,ETH-28JUN19-180-P,71.13,0.10300000000000001,72.0,2,1554881412935,727071,125
2019-04-10 07:30:12.935,128.0,sell,181.48,ETH-28JUN19-180-P,71.13,0.10300000000000001,128.0,3,1554881412935,727072,126
2019-04-11 04:37:52.749,100.0,sell,172.39,ETH-28JUN19-180-P,71.12,0.133,100.0,0,1554957472749,799765,127
2019-04-11 08:30:54.978,15.0,sell,169.22,ETH-28JUN19-180-P,70.17,0.14300000000000002,15.0,0,1554971454978,808906,128
2019-04-13 10:31:04.920,1.0,buy,163.48,ETH-28JUN19-180-P,67.6,0.17800000000000002,1.0,0,1555151464920,907976,129
2019-04-13 11:47:21.042,1.0,buy,162.84,ETH-28JUN19-180-P,68.34,0.183,1.0,0,1555156041042,909754,130
