date_utc,amount,direction,indexPrice,instrument,iv,price,quantity,tickDirection,timeStamp,tradeId,tradeSeq
2019-05-10 16:06:29.064,40.0,sell,6320.94,BTC-31MAY19-8000-C,68.33,0.006,40.0,1,1557504389064,19368620,1
2019-05-10 16:14:30.971,5.0,buy,6347.64,BTC-31MAY19-8000-C,71.21,0.0075,5.0,0,1557504870971,19370668,2
2019-05-10 17:42:21.999,1.0,buy,6386.66,BTC-31MAY19-8000-C,69.96,0.0075,1.0,1,1557510141999,19386311,3
2019-05-10 22:38:08.716,0.1,buy,6353.88,BTC-31MAY19-8000-C,70.24,0.006999999999999999,0.1,2,1557527888716,19412457,4
2019-05-11 02:16:40.413,25.0,sell,6482.05,BTC-31MAY19-8000-C,67.21,0.0075,25.0,0,1557541000413,19427691,5
2019-05-11 02:32:55.857,0.2,buy,6468.59,BTC-31MAY19-8000-C,68.85,0.008,0.2,0,1557541975857,19429512,6
2019-05-11 02:56:24.598,0.1,buy,6511.81,BTC-31MAY19-8000-C,67.34,0.008,0.1,1,1557543384598,19432031,7
2019-05-11 03:26:28.101,0.1,sell,6533.27,BTC-31MAY19-8000-C,68.79,0.009000000000000001,0.1,0,1557545188101,19438033,8
2019-05-11 06:07:54.646,0.2,buy,6785.78,BTC-31MAY19-8000-C,65.36,0.012,0.2,0,1557554874646,19478246,9
2019-05-11 06:08:01.338,0.4,buy,6788.82,BTC-31MAY19-8000-C,66.11,0.0125,0.4,0,1557554881338,19478324,10
2019-05-11 06:28:08.367,0.4,buy,6945.2,BTC-31MAY19-8000-C,64.88,0.0155,0.4,0,1557556088367,19496871,11
2019-05-11 12:19:01.371,0.5,buy,6771.3,BTC-31MAY19-8000-C,77.75,0.019,0.5,0,1557577141371,19562594,12
2019-05-11 12:47:06.791,0.4,buy,6744.71,BTC-31MAY19-8000-C,77.34,0.018000000000000002,0.4,2,1557578826791,19564889,13
2019-05-11 12:52:13.615,0.4,buy,6763.71,BTC-31MAY19-8000-C,77.34,0.0185,0.4,0,1557579133615,19565269,14
2019-05-11 13:05:03.485,16.0,sell,6778.48,BTC-31MAY19-8000-C,74.43,0.017,16.0,3,1557579903485,19566470,16
2019-05-11 13:05:03.485,0.4,sell,6778.48,BTC-31MAY19-8000-C,74.43,0.017,0.4,2,1557579903485,19566469,15
2019-05-11 13:05:03.488,3.6,buy,6778.48,BTC-31MAY19-8000-C,74.43,0.017,3.6,3,1557579903488,19566471,17
2019-05-11 13:06:18.928,1.0,sell,6781.25,BTC-31MAY19-8000-C,73.53,0.0165,1.0,2,1557579978928,19566523,18
2019-05-11 13:11:02.919,1.0,buy,6801.22,BTC-31MAY19-8000-C,73.51,0.017,1.0,0,1557580262919,19566846,19
2019-05-11 13:20:13.293,0.4,buy,6802.77,BTC-31MAY19-8000-C,76.53,0.019,0.4,0,1557580813293,19567380,20
2019-05-11 13:48:57.510,0.4,sell,6813.74,BTC-31MAY19-8000-C,77.6,0.02,0.4,0,1557582537510,19568978,21
2019-05-11 13:51:24.126,0.4,sell,6814.38,BTC-31MAY19-8000-C,77.58,0.02,0.4,1,1557582684126,19569112,22
2019-05-11 13:52:50.895,0.4,sell,6818.72,BTC-31MAY19-8000-C,77.4,0.02,0.4,1,1557582770895,19569224,23
2019-05-11 13:52:51.334,0.4,sell,6818.72,BTC-31MAY19-8000-C,77.4,0.02,0.4,1,1557582771334,19569225,24
2019-05-11 13:52:54.300,0.4,sell,6818.46,BTC-31MAY19-8000-C,78.15,0.0205,0.4,0,1557582774300,19569231,25
2019-05-11 13:52:54.841,0.4,sell,6818.52,BTC-31MAY19-8000-C,78.15,0.0205,0.4,1,1557582774841,19569232,26
2019-05-11 14:00:57.617,0.4,sell,6810.62,BTC-31MAY19-8000-C,78.49,0.0205,0.4,1,1557583257617,19569716,27
2019-05-11 14:00:57.754,0.4,sell,6810.62,BTC-31MAY19-8000-C,78.49,0.0205,0.4,1,1557583257754,19569717,28
2019-05-11 14:01:01.808,0.4,sell,6810.86,BTC-31MAY19-8000-C,79.21,0.021,0.4,0,1557583261808,19569729,29
2019-05-11 14:27:35.770,1.0,sell,6789.52,BTC-31MAY19-8000-C,78.67,0.02,1.0,2,1557584855770,19572645,30
2019-05-11 15:23:21.544,10.0,buy,6849.23,BTC-31MAY19-8000-C,81.98,0.024,10.0,0,1557588201544,19579061,31
2019-05-11 15:41:58.661,0.4,sell,6858.73,BTC-31MAY19-8000-C,79.48,0.0225,0.4,2,1557589318661,19583602,32
2019-05-11 15:42:03.810,0.6,buy,6859.56,BTC-31MAY19-8000-C,79.45,0.0225,0.6,3,1557589323810,19583604,33
2019-05-11 18:04:47.890,0.4,buy,6972.81,BTC-31MAY19-8000-C,88.02,0.0325,0.4,0,1557597887890,19618632,34
2019-05-11 18:04:47.893,4.6000000000000005,sell,6972.81,BTC-31MAY19-8000-C,88.02,0.0325,4.6000000000000005,1,1557597887893,19618633,35
2019-05-11 18:07:49.145,25.0,sell,6961.28,BTC-31MAY19-8000-C,87.28,0.0315,25.0,2,1557598069145,19619027,36
2019-05-11 18:13:32.979,25.0,sell,6996.38,BTC-31MAY19-8000-C,85.68,0.0315,25.0,3,1557598412979,19620053,37
2019-05-11 18:13:32.979,4.0,sell,6996.38,BTC-31MAY19-8000-C,85.68,0.0315,4.0,3,1557598412979,19620054,38
2019-05-11 19:13:14.869,0.4,buy,6944.47,BTC-31MAY19-8000-C,86.85,0.0305,0.4,2,1557601994869,19630021,39
2019-05-11 19:14:54.996,0.4,sell,6938.89,BTC-31MAY19-8000-C,87.11,0.0305,0.4,3,1557602094996,19630124,40
2019-05-11 19:19:41.474,8.0,buy,6941.33,BTC-31MAY19-8000-C,88.3,0.0315,8.0,0,1557602381474,19630824,41
2019-05-11 22:07:50.839,0.5,sell,7138.04,BTC-31MAY19-8000-C,83.2,0.0345,0.5,0,1557612470839,19656437,42
2019-05-11 22:31:32.705,0.4,sell,7245.72,BTC-31MAY19-8000-C,87.03,0.042,0.4,0,1557613892705,19670080,43
2019-05-11 22:31:34.634,0.4,buy,7245.83,BTC-31MAY19-8000-C,85.84,0.040999999999999995,0.4,2,1557613894634,19670085,44
2019-05-11 22:31:34.669,0.2,buy,7245.83,BTC-31MAY19-8000-C,85.84,0.040999999999999995,0.2,3,1557613894669,19670086,45
2019-05-11 22:34:38.616,5.0,buy,7327.53,BTC-31MAY19-8000-C,88.16,0.0465,5.0,0,1557614078616,19673555,46
2019-05-11 22:48:47.975,0.4,buy,7213.86,BTC-31MAY19-8000-C,93.9,0.0465,0.4,1,1557614927975,19685689,47
2019-05-11 23:15:03.620,0.4,buy,7396.77,BTC-31MAY19-8000-C,98.78,0.059000000000000004,0.4,0,1557616503620,19701827,48
2019-05-11 23:15:10.120,0.4,sell,7398.84,BTC-31MAY19-8000-C,99.22,0.0595,0.4,0,1557616510120,19701966,49
2019-05-11 23:15:10.168,0.3,sell,7398.84,BTC-31MAY19-8000-C,99.22,0.0595,0.3,1,1557616510168,19701967,50
2019-05-12 00:16:40.978,1.6,buy,7272.88,BTC-31MAY19-8000-C,116.6,0.069,1.6,0,1557620200978,19738005,52
2019-05-12 00:16:40.978,0.4,buy,7272.88,BTC-31MAY19-8000-C,97.42,0.052000000000000005,0.4,2,1557620200978,19738004,51
2019-05-12 00:39:15.709,0.4,buy,6982.24,BTC-31MAY19-8000-C,101.29,0.043,0.4,2,1557621555709,19756544,53
2019-05-12 00:39:15.709,3.6,buy,6982.24,BTC-31MAY19-8000-C,135.15,0.07200000000000001,3.6,0,1557621555709,19756545,54
2019-05-12 00:40:13.389,0.4,buy,6987.51,BTC-31MAY19-8000-C,102.85,0.0445,0.4,2,1557621613389,19757476,55
2019-05-12 00:40:18.470,0.4,sell,6985.85,BTC-31MAY19-8000-C,102.94,0.0445,0.4,3,1557621618470,19757559,56
2019-05-12 00:40:26.114,0.4,sell,6995.3,BTC-31MAY19-8000-C,102.48,0.0445,0.4,3,1557621626114,19757667,57
2019-05-12 00:40:30.470,0.4,sell,6999.77,BTC-31MAY19-8000-C,102.26,0.0445,0.4,3,1557621630470,19757739,58
2019-05-12 00:41:08.412,0.4,sell,7023.62,BTC-31MAY19-8000-C,103.5,0.0465,0.4,0,1557621668412,19758234,59
2019-05-12 00:42:13.258,0.4,buy,7067.15,BTC-31MAY19-8000-C,104.32,0.049,0.4,0,1557621733258,19759135,60
2019-05-12 00:44:44.610,5.0,sell,7067.78,BTC-31MAY19-8000-C,105.48,0.05,5.0,0,1557621884610,19760941,61
2019-05-12 07:17:16.059,0.4,buy,7482.75,BTC-31MAY19-8000-C,101.72,0.065,0.4,0,1557645436059,19833396,62
2019-05-12 07:17:16.059,0.6,buy,7482.75,BTC-31MAY19-8000-C,103.95,0.067,0.6,0,1557645436059,19833397,63
2019-05-12 08:02:35.044,12.0,sell,7547.99,BTC-31MAY19-8000-C,91.54,0.059000000000000004,12.0,2,1557648155044,19842714,64
2019-05-12 09:13:06.591,0.4,sell,7416.7,BTC-31MAY19-8000-C,93.13,0.054000000000000006,0.4,2,1557652386591,19872000,65
2019-05-12 09:13:12.424,0.4,buy,7419.39,BTC-31MAY19-8000-C,93.55,0.0545,0.4,0,1557652392424,19872007,66
2019-05-12 12:13:35.776,20.0,sell,7104.68,BTC-31MAY19-8000-C,86.71,0.035,20.0,2,1557663215776,19958882,67
2019-05-12 15:54:04.931,0.4,buy,6853.45,BTC-31MAY19-8000-C,87.55,0.0265,0.4,2,1557676444931,20018167,68
2019-05-12 16:04:09.933,5.0,sell,6908.62,BTC-31MAY19-8000-C,80.85,0.0235,5.0,2,1557677049933,20022051,69
2019-05-12 19:11:30.478,0.1,sell,7026.96,BTC-31MAY19-8000-C,80.64,0.027000000000000003,0.1,0,1557688290478,20057323,70
2019-05-12 22:27:12.675,0.4,buy,6962.46,BTC-31MAY19-8000-C,85.95,0.0285,0.4,0,1557700032675,20092815,71
2019-05-13 04:16:24.102,0.4,buy,7028.55,BTC-31MAY19-8000-C,88.75,0.0325,0.4,0,1557720984102,20128139,72
2019-05-13 04:16:24.102,53.6,buy,7028.55,BTC-31MAY19-8000-C,88.75,0.0325,53.6,1,1557720984102,20128140,73
2019-05-13 04:18:30.163,0.4,buy,7028.84,BTC-31MAY19-8000-C,89.39,0.033,0.4,0,1557721110163,20128170,74
2019-05-13 04:18:51.220,11.0,buy,7027.3,BTC-31MAY19-8000-C,90.12,0.0335,11.0,0,1557721131220,20128182,75
2019-05-13 04:23:23.790,0.4,buy,7041.91,BTC-31MAY19-8000-C,93.29,0.0365,0.4,0,1557721403790,20128355,76
2019-05-13 04:25:42.902,10.0,buy,7042.4,BTC-31MAY19-8000-C,91.35,0.035,10.0,2,1557721542902,20128563,77
2019-05-13 04:32:19.101,0.4,buy,7016.41,BTC-31MAY19-8000-C,92.62,0.035,0.4,3,1557721939101,20128905,78
2019-05-13 04:34:01.953,1.2,sell,7019.83,BTC-31MAY19-8000-C,89.85,0.033,1.2,2,1557722041953,20128934,79
2019-05-13 04:34:15.278,3.8,sell,7020.15,BTC-31MAY19-8000-C,89.84,0.033,3.8,3,1557722055278,20128938,80
2019-05-13 04:35:40.820,10.0,buy,7028.22,BTC-31MAY19-8000-C,89.45,0.033,10.0,3,1557722140820,20129015,81
2019-05-13 04:36:51.289,10.0,buy,7025.09,BTC-31MAY19-8000-C,90.91,0.034,10.0,0,1557722211289,20129037,82
2019-05-13 04:44:16.623,10.0,buy,7039.42,BTC-31MAY19-8000-C,90.88,0.0345,10.0,0,1557722656623,20129272,83
2019-05-13 05:42:49.161,9.6,buy,7092.89,BTC-31MAY19-8000-C,90.93,0.0365,9.6,0,1557726169161,20134537,85
2019-05-13 05:42:49.161,0.4,buy,7092.89,BTC-31MAY19-8000-C,90.3,0.036000000000000004,0.4,0,1557726169161,20134536,84
2019-05-13 05:54:42.160,10.0,buy,7069.11,BTC-31MAY19-8000-C,90.2,0.035,10.0,2,1557726882160,20135154,86
2019-05-13 07:18:41.634,0.4,buy,7053.22,BTC-31MAY19-8000-C,91.12,0.035,0.4,3,1557731921634,20140181,87
2019-05-13 07:19:10.067,10.0,buy,7057.72,BTC-31MAY19-8000-C,91.55,0.0355,10.0,0,1557731950067,20140195,88
2019-05-13 07:19:10.070,0.4,sell,7057.72,BTC-31MAY19-8000-C,91.55,0.0355,0.4,1,1557731950070,20140196,89
2019-05-13 07:33:05.103,2.0,sell,7024.59,BTC-31MAY19-8000-C,89.93,0.033,2.0,2,1557732785103,20140872,90
2019-05-13 07:37:21.172,12.8,buy,7028.75,BTC-31MAY19-8000-C,91.7,0.0345,12.8,0,1557733041172,20141149,91
2019-05-13 07:45:03.989,2.0,sell,6999.62,BTC-31MAY19-8000-C,90.49,0.0325,2.0,2,1557733503989,20141835,92
2019-05-13 08:24:51.047,0.4,buy,7043.27,BTC-31MAY19-8000-C,91.72,0.035,0.4,0,1557735891047,20144697,93
2019-05-13 10:07:03.367,10.0,buy,7080.78,BTC-31MAY19-8000-C,90.71,0.0355,10.0,0,1557742023367,20151817,94
2019-05-13 10:14:30.680,10.0,sell,7061.88,BTC-31MAY19-8000-C,91.01,0.035,10.0,2,1557742470680,20152529,95
2019-05-13 13:28:19.092,0.4,buy,7369.31,BTC-31MAY19-8000-C,90.46,0.047,0.4,0,1557754099092,20184119,96
2019-05-13 13:43:51.352,1.0,sell,7393.78,BTC-31MAY19-8000-C,90.36,0.048,1.0,0,1557755031352,20185623,97
2019-05-13 13:47:05.801,0.5,buy,7408.08,BTC-31MAY19-8000-C,87.22,0.046,0.5,2,1557755225801,20186294,98
2019-05-13 13:57:05.484,3.0,buy,7397.88,BTC-31MAY19-8000-C,91.35,0.049,3.0,0,1557755825484,20187846,99
2019-05-13 14:01:29.471,0.5,sell,7366.01,BTC-31MAY19-8000-C,85.9,0.043,0.5,2,1557756089471,20188732,100
2019-05-13 14:11:43.124,0.4,buy,7420.28,BTC-31MAY19-8000-C,90.75,0.0495,0.4,0,1557756703124,20190153,101
2019-05-13 14:12:01.413,0.6,sell,7424.35,BTC-31MAY19-8000-C,90.53,0.0495,0.6,1,1557756721413,20190178,102
2019-05-13 14:40:46.553,0.4,sell,7498.9,BTC-31MAY19-8000-C,87.08,0.05,0.4,0,1557758446553,20197266,103
2019-05-13 14:41:12.988,0.6,buy,7496.3,BTC-31MAY19-8000-C,87.22,0.05,0.6,1,1557758472988,20197356,104
2019-05-13 14:48:45.258,1.0,buy,7507.59,BTC-31MAY19-8000-C,91.86,0.0545,1.0,0,1557758925258,20199787,105
2019-05-13 15:00:21.798,2.0,buy,7509.88,BTC-31MAY19-8000-C,88.25,0.0515,2.0,2,1557759621798,20203855,106
2019-05-13 15:08:42.392,3.4,buy,7671.76,BTC-31MAY19-8000-C,89.97,0.061,3.4,0,1557760122392,20208491,107
2019-05-13 15:08:58.595,2.6,buy,7682.39,BTC-31MAY19-8000-C,94.49,0.0655,2.6,0,1557760138595,20209602,109
2019-05-13 15:08:58.595,0.4,buy,7682.39,BTC-31MAY19-8000-C,93.35,0.0645,0.4,0,1557760138595,20209601,108
2019-05-13 15:11:40.549,1.6,buy,7737.78,BTC-31MAY19-8000-C,90.62,0.065,1.6,2,1557760300549,20213473,110
2019-05-13 15:12:06.780,1.0,sell,7748.92,BTC-31MAY19-8000-C,88.23,0.0635,1.0,2,1557760326780,20214818,111
2019-05-13 15:18:33.720,4.0,buy,7837.24,BTC-31MAY19-8000-C,90.81,0.0705,4.0,0,1557760713720,20226566,112
2019-05-13 15:38:16.310,0.4,sell,7798.14,BTC-31MAY19-8000-C,90.41,0.068,0.4,2,1557761896310,20238207,113
2019-05-13 15:38:16.310,1.0,sell,7798.14,BTC-31MAY19-8000-C,89.27,0.067,1.0,2,1557761896310,20238208,114
2019-05-13 15:38:16.310,3.0,sell,7798.14,BTC-31MAY19-8000-C,86.42,0.0645,3.0,2,1557761896310,20238209,115
2019-05-13 15:55:59.971,0.2,sell,7821.49,BTC-31MAY19-8000-C,100.97,0.0785,0.2,0,1557762959971,20246770,116
2019-05-13 16:00:04.009,0.1,buy,7829.39,BTC-31MAY19-8000-C,102.19,0.08,0.1,0,1557763204009,20248000,117
2019-05-13 16:04:32.486,0.4,buy,7881.38,BTC-31MAY19-8000-C,104.65,0.085,0.4,0,1557763472486,20249636,118
2019-05-13 16:04:32.810,0.4,sell,7881.38,BTC-31MAY19-8000-C,104.65,0.085,0.4,1,1557763472810,20249638,119
2019-05-13 16:06:27.636,1.0,sell,7942.41,BTC-31MAY19-8000-C,105.35,0.08900000000000001,1.0,0,1557763587636,20251262,120
2019-05-13 16:06:30.638,0.1,sell,7942.42,BTC-31MAY19-8000-C,105.92,0.0895,0.1,0,1557763590638,20251307,121
2019-05-13 16:07:13.652,0.4,buy,7942.05,BTC-31MAY19-8000-C,108.23,0.0915,0.4,0,1557763633652,20251988,122
2019-05-13 16:07:13.667,0.6,sell,7942.05,BTC-31MAY19-8000-C,109.38,0.0925,0.6,0,1557763633667,20251989,123
2019-05-13 16:12:32.100,5.0,sell,7816.9,BTC-31MAY19-8000-C,102.43,0.0795,5.0,2,1557763952100,20255329,124
2019-05-13 16:16:51.849,0.4,buy,7824.91,BTC-31MAY19-8000-C,105.36,0.0825,0.4,0,1557764211849,20257228,125
2019-05-13 16:17:12.898,0.4,buy,7825.88,BTC-31MAY19-8000-C,107.58,0.0845,0.4,0,1557764232898,20257245,126
2019-05-13 16:17:42.963,0.4,buy,7790.06,BTC-31MAY19-8000-C,107.51,0.0825,0.4,2,1557764262963,20257537,127
2019-05-13 16:17:55.228,0.4,buy,7805.17,BTC-31MAY19-8000-C,107.72,0.0835,0.4,0,1557764275228,20257723,128
2019-05-13 16:18:26.145,0.4,buy,7811.24,BTC-31MAY19-8000-C,109.62,0.0855,0.4,0,1557764306145,20257888,129
2019-05-13 16:18:41.652,0.4,buy,7816.98,BTC-31MAY19-8000-C,110.98,0.087,0.4,0,1557764321652,20257937,130
2019-05-13 16:19:01.905,0.4,buy,7813.02,BTC-31MAY19-8000-C,111.8,0.0875,0.4,0,1557764341905,20258044,131
2019-05-13 16:19:19.198,0.4,buy,7818.27,BTC-31MAY19-8000-C,112.04,0.08800000000000001,0.4,0,1557764359198,20258121,132
2019-05-13 16:20:09.925,0.4,buy,7827.32,BTC-31MAY19-8000-C,111.48,0.08800000000000001,0.4,1,1557764409925,20258248,133
2019-05-13 16:38:36.918,1.0,sell,7895.64,BTC-31MAY19-8000-C,105.54,0.0865,1.0,2,1557765516918,20263395,134
2019-05-13 16:40:33.507,1.0,sell,7901.33,BTC-31MAY19-8000-C,104.04,0.0855,1.0,2,1557765633507,20263830,135
2019-05-13 16:40:37.071,1.0,sell,7900.76,BTC-31MAY19-8000-C,103.5,0.085,1.0,2,1557765637071,20263838,136
2019-05-13 16:40:40.154,1.0,sell,7900.7,BTC-31MAY19-8000-C,102.36,0.084,1.0,2,1557765640154,20263846,137
2019-05-13 16:41:03.852,1.0,sell,7899.66,BTC-31MAY19-8000-C,101.29,0.083,1.0,2,1557765663852,20263888,138
2019-05-13 16:42:41.107,1.0,sell,7916.16,BTC-31MAY19-8000-C,101.39,0.084,1.0,0,1557765761107,20264492,139
2019-05-13 16:51:04.008,0.4,buy,7886.6,BTC-31MAY19-8000-C,107.27,0.0875,0.4,0,1557766264008,20267485,140
2019-05-13 16:53:43.408,4.9,sell,7875.97,BTC-31MAY19-8000-C,102.24,0.0825,4.9,2,1557766423408,20268949,141
2019-05-13 16:58:54.861,0.3,buy,7905.52,BTC-31MAY19-8000-C,107.81,0.08900000000000001,0.3,0,1557766734861,20270804,142
2019-05-13 17:15:27.679,0.2,buy,7958.24,BTC-31MAY19-8000-C,109.06,0.09300000000000001,0.2,0,1557767727679,20275596,143
2019-05-13 17:15:55.926,0.3,buy,7931.12,BTC-31MAY19-8000-C,110.22,0.0925,0.3,2,1557767755926,20275815,144
2019-05-13 17:16:27.058,1.0,sell,7910.98,BTC-31MAY19-8000-C,102.35,0.0845,1.0,2,1557767787058,20276027,145
2019-05-13 17:17:29.526,0.4,buy,7917.4,BTC-31MAY19-8000-C,109.38,0.091,0.4,0,1557767849526,20276376,146
2019-05-13 17:29:00.433,2.5,sell,7863.51,BTC-31MAY19-8000-C,104.81,0.084,2.5,2,1557768540433,20280143,147
2019-05-13 17:33:31.518,0.1,sell,7812.17,BTC-31MAY19-8000-C,103.45,0.08,0.1,2,1557768811518,20282434,148
2019-05-13 17:56:31.469,1.0,buy,7811.97,BTC-31MAY19-8000-C,101.8,0.0785,1.0,2,1557770191469,20287775,149
2019-05-13 19:04:58.651,0.4,sell,7846.85,BTC-31MAY19-8000-C,96.9,0.076,0.4,2,1557774298651,20295335,150
2019-05-13 19:43:44.634,10.0,buy,7914.27,BTC-31MAY19-8000-C,100.15,0.0825,10.0,0,1557776624634,20298928,151
2019-05-13 19:58:53.562,2.5,sell,7919.57,BTC-31MAY19-8000-C,100.99,0.0835,2.5,0,1557777533562,20301524,152
2019-05-13 20:18:09.513,0.1,buy,7885.3,BTC-31MAY19-8000-C,105.5,0.0855,0.1,0,1557778689513,20305574,153
2019-05-13 21:24:14.588,0.4,sell,7965.59,BTC-31MAY19-8000-C,100.48,0.0855,0.4,1,1557782654588,20316291,154
2019-05-13 21:54:40.259,0.4,sell,8092.56,BTC-31MAY19-8000-C,104.28,0.096,0.4,0,1557784480259,20330406,155
2019-05-13 22:09:15.260,1.6,sell,8096.64,BTC-31MAY19-8000-C,104.03,0.096,1.6,1,1557785355260,20333457,157
2019-05-13 22:09:15.260,0.4,sell,8096.64,BTC-31MAY19-8000-C,104.03,0.096,0.4,1,1557785355260,20333456,156
2019-05-13 22:11:42.100,1.6,sell,8107.34,BTC-31MAY19-8000-C,104.48,0.09699999999999999,1.6,0,1557785502100,20333789,158
2019-05-13 22:22:49.839,0.7000000000000001,buy,8076.49,BTC-31MAY19-8000-C,110.07,0.1,0.7000000000000001,0,1557786169839,20336158,159
2019-05-13 22:22:49.842,1.3,sell,8076.49,BTC-31MAY19-8000-C,110.07,0.1,1.3,1,1557786169842,20336159,160
2019-05-13 22:31:08.377,1.0,buy,8067.93,BTC-31MAY19-8000-C,110.65,0.1,1.0,1,1557786668377,20337951,161
2019-05-13 23:17:49.314,0.6,sell,7726.99,BTC-31MAY19-8000-C,103.66,0.075,0.6,2,1557789469314,20360018,163
2019-05-13 23:17:49.314,0.4,sell,7726.99,BTC-31MAY19-8000-C,104.23,0.0755,0.4,2,1557789469314,20360017,162
2019-05-14 01:37:50.257,0.3,sell,8049.75,BTC-31MAY19-8000-C,111.7,0.0995,0.3,0,1557797870257,20391029,164
2019-05-14 02:57:39.684,0.4,sell,7905.48,BTC-31MAY19-8000-C,99.28,0.0805,0.4,2,1557802659684,20404327,165
2019-05-14 02:57:52.018,0.4,sell,7907.38,BTC-31MAY19-8000-C,97.42,0.079,0.4,2,1557802672018,20404371,166
2019-05-14 07:35:17.898,0.4,buy,8186.78,BTC-31MAY19-8000-C,113.21,0.10800000000000001,0.4,0,1557819317898,20449375,167
2019-05-14 07:35:17.898,0.3,buy,8186.78,BTC-31MAY19-8000-C,113.21,0.10800000000000001,0.3,1,1557819317898,20449376,168
2019-05-14 07:48:12.180,0.5,sell,8232.89,BTC-31MAY19-8000-C,112.4,0.11,0.5,0,1557820092180,20454668,169
2019-05-14 09:06:41.895,1.0,sell,8086.28,BTC-31MAY19-8000-C,102.6,0.09300000000000001,1.0,2,1557824801895,20484131,170
2019-05-14 09:06:41.897,2.7,buy,8086.28,BTC-31MAY19-8000-C,102.6,0.09300000000000001,2.7,3,1557824801897,20484132,171
2019-05-14 12:13:54.043,1.0,buy,8151.8,BTC-31MAY19-8000-C,109.14,0.102,1.0,0,1557836034043,20511509,172
2019-05-14 12:25:00.267,0.4,sell,8204.64,BTC-31MAY19-8000-C,113.83,0.109,0.4,0,1557836700267,20513749,173
2019-05-14 13:10:33.052,0.2,sell,8132.83,BTC-31MAY19-8000-C,108.2,0.1,0.2,2,1557839433052,20520599,174
2019-05-14 14:24:02.055,0.2,buy,8088.27,BTC-31MAY19-8000-C,111.44,0.1,0.2,3,1557843842055,20527851,175
2019-05-14 17:16:06.262,1.0,sell,8024.92,BTC-31MAY19-8000-C,100.14,0.0865,1.0,2,1557854166262,20563374,176
2019-05-14 19:13:24.251,0.4,sell,7737.57,BTC-31MAY19-8000-C,95.55,0.0665,0.4,2,1557861204251,20593365,177
2019-05-14 19:13:24.254,1.3,buy,7737.57,BTC-31MAY19-8000-C,95.55,0.0665,1.3,3,1557861204254,20593366,178
2019-05-15 09:02:29.039,15.0,buy,7909.76,BTC-31MAY19-8000-C,108.22,0.085,15.0,0,1557910949039,20684846,179
2019-05-15 09:06:41.560,15.0,buy,7931.36,BTC-31MAY19-8000-C,110.99,0.0885,15.0,0,1557911201560,20685122,180
2019-05-15 09:07:34.291,19.5,sell,7928.31,BTC-31MAY19-8000-C,109.99,0.0875,19.5,2,1557911254291,20685159,181
2019-05-15 09:07:34.393,5.5,sell,7928.31,BTC-31MAY19-8000-C,109.99,0.0875,5.5,3,1557911254393,20685160,182
2019-05-15 09:07:34.818,5.0,sell,7928.31,BTC-31MAY19-8000-C,109.99,0.0875,5.0,3,1557911254818,20685161,183
2019-05-15 09:12:58.341,15.0,sell,7935.52,BTC-31MAY19-8000-C,109.52,0.0875,15.0,3,1557911578341,20685561,184
2019-05-15 09:43:28.159,15.0,sell,8012.0,BTC-31MAY19-8000-C,110.42,0.0925,15.0,0,1557913408159,20688105,185
2019-05-15 09:46:50.027,1.0,sell,8051.74,BTC-31MAY19-8000-C,104.64,0.09,1.0,2,1557913610027,20688953,186
2019-05-15 09:49:11.554,1.0,sell,8053.89,BTC-31MAY19-8000-C,111.77,0.096,1.0,0,1557913751554,20689605,187
2019-05-15 09:49:11.950,1.0,sell,8053.89,BTC-31MAY19-8000-C,111.77,0.096,1.0,1,1557913751950,20689606,188
2019-05-15 09:49:12.308,1.0,sell,8053.98,BTC-31MAY19-8000-C,111.77,0.096,1.0,1,1557913752308,20689608,189
2019-05-15 09:51:01.020,10.0,sell,8072.29,BTC-31MAY19-8000-C,111.1,0.0965,10.0,0,1557913861020,20690413,190
2019-05-15 09:51:55.942,7.0,sell,8067.09,BTC-31MAY19-8000-C,110.86,0.096,7.0,2,1557913915942,20690512,191
2019-05-15 09:53:57.122,1.0,sell,8071.34,BTC-31MAY19-8000-C,109.35,0.095,1.0,2,1557914037122,20690769,192
2019-05-15 09:54:44.927,6.7,buy,8069.14,BTC-31MAY19-8000-C,111.94,0.09699999999999999,6.7,0,1557914084927,20690848,193
2019-05-15 09:54:47.535,3.3000000000000003,sell,8068.81,BTC-31MAY19-8000-C,112.57,0.0975,3.3000000000000003,0,1557914087535,20690849,194
2019-05-15 09:55:26.200,10.0,sell,8062.16,BTC-31MAY19-8000-C,111.82,0.0965,10.0,2,1557914126200,20690876,195
2019-05-15 09:55:36.337,9.0,sell,8061.76,BTC-31MAY19-8000-C,110.03,0.095,9.0,2,1557914136337,20690899,196
2019-05-15 11:56:06.530,10.0,sell,7955.75,BTC-31MAY19-8000-C,114.58,0.0925,10.0,2,1557921366530,20704368,197
2019-05-15 11:57:37.127,0.3,sell,7963.09,BTC-31MAY19-8000-C,114.09,0.0925,0.3,3,1557921457127,20704790,198
2019-05-15 11:57:38.179,0.3,sell,7958.63,BTC-31MAY19-8000-C,114.39,0.0925,0.3,3,1557921458179,20704837,199
2019-05-15 11:57:40.833,0.6,sell,7952.13,BTC-31MAY19-8000-C,114.83,0.0925,0.6,3,1557921460833,20704848,200
2019-05-15 11:57:42.368,3.8,sell,7950.18,BTC-31MAY19-8000-C,114.97,0.0925,3.8,3,1557921462368,20704849,201
2019-05-15 12:07:24.659,10.5,sell,7930.51,BTC-31MAY19-8000-C,115.71,0.092,10.5,2,1557922044659,20706186,202
2019-05-15 12:07:33.439,4.5,sell,7934.05,BTC-31MAY19-8000-C,115.48,0.092,4.5,3,1557922053439,20706243,203
2019-05-15 12:08:14.918,3.3000000000000003,sell,7918.86,BTC-31MAY19-8000-C,115.89,0.0915,3.3000000000000003,2,1557922094918,20706444,204
2019-05-15 12:08:15.623,11.7,sell,7919.11,BTC-31MAY19-8000-C,115.88,0.0915,11.7,3,1557922095623,20706451,205
2019-05-15 12:28:13.820,4.0,sell,7977.62,BTC-31MAY19-8000-C,110.15,0.09,4.0,2,1557923293820,20709048,206
2019-05-15 12:43:39.477,10.0,sell,7965.11,BTC-31MAY19-8000-C,111.04,0.09,10.0,3,1557924219477,20710344,207
2019-05-15 12:43:54.657,10.0,sell,7957.34,BTC-31MAY19-8000-C,111.57,0.09,10.0,3,1557924234657,20710398,208
2019-05-15 12:44:00.427,10.0,sell,7960.66,BTC-31MAY19-8000-C,111.35,0.09,10.0,3,1557924240427,20710416,209
2019-05-15 14:57:36.067,1.0,buy,7942.28,BTC-31MAY19-8000-C,114.75,0.0915,1.0,0,1557932256067,20726932,210
2019-05-15 16:54:11.459,0.4,sell,8003.83,BTC-31MAY19-8000-C,98.02,0.081,0.4,2,1557939251459,20742148,211
2019-05-15 16:54:11.467,0.6,buy,8003.83,BTC-31MAY19-8000-C,98.02,0.081,0.6,3,1557939251467,20742149,212
2019-05-15 18:48:00.855,0.4,sell,8186.71,BTC-31MAY19-8000-C,94.82,0.08900000000000001,0.4,0,1557946080855,20752607,213
2019-05-15 18:48:00.855,1.6,sell,8186.71,BTC-31MAY19-8000-C,94.2,0.0885,1.6,2,1557946080855,20752608,214
2019-05-15 18:53:07.796,1.0,sell,8181.38,BTC-31MAY19-8000-C,95.23,0.08900000000000001,1.0,0,1557946387796,20755064,215
2019-05-15 19:44:44.855,1.0,buy,8184.23,BTC-31MAY19-8000-C,96.37,0.09,1.0,0,1557949484855,20769094,216
2019-05-15 19:45:14.741,1.0,buy,8179.12,BTC-31MAY19-8000-C,98.0,0.091,1.0,0,1557949514741,20769134,217
2019-05-15 19:47:46.975,1.0,buy,8161.6,BTC-31MAY19-8000-C,99.31,0.091,1.0,1,1557949666975,20769318,218
2019-05-15 19:49:06.802,1.0,buy,8179.08,BTC-31MAY19-8000-C,99.25,0.092,1.0,0,1557949746802,20769445,219
2019-05-15 19:58:28.393,1.0,buy,8210.44,BTC-31MAY19-8000-C,98.16,0.09300000000000001,1.0,0,1557950308393,20770313,220
2019-05-15 20:01:22.820,1.0,buy,8212.86,BTC-31MAY19-8000-C,99.23,0.094,1.0,0,1557950482820,20770518,221
2019-05-16 02:08:17.423,15.0,sell,8294.14,BTC-31MAY19-8000-C,107.75,0.105,15.0,0,1557972497423,20830796,222
2019-05-16 02:08:56.348,15.0,sell,8266.13,BTC-31MAY19-8000-C,109.27,0.1045,15.0,2,1557972536348,20831104,223
2019-05-16 04:15:18.151,0.7000000000000001,buy,8167.51,BTC-31MAY19-8000-C,110.06,0.099,0.7000000000000001,2,1557980118151,20842535,224
2019-05-16 04:43:03.117,0.2,sell,7961.43,BTC-31MAY19-8000-C,94.57,0.0745,0.2,2,1557981783117,20855323,226
2019-05-16 04:43:03.117,0.4,sell,7961.43,BTC-31MAY19-8000-C,96.42,0.076,0.4,2,1557981783117,20855322,225
2019-05-16 05:06:33.863,1.0,sell,8009.23,BTC-31MAY19-8000-C,97.41,0.0795,1.0,0,1557983193863,20865454,227
2019-05-16 05:36:21.764,0.1,sell,7963.11,BTC-31MAY19-8000-C,97.04,0.0765,0.1,2,1557984981764,20870684,228
2019-05-16 10:15:04.589,1.0,buy,7818.44,BTC-31MAY19-8000-C,99.59,0.07,1.0,2,1558001704589,20900818,229
2019-05-16 10:20:13.052,1.0,buy,7805.93,BTC-31MAY19-8000-C,112.85,0.08,1.0,0,1558002013052,20905372,230
2019-05-16 10:38:13.803,3.0,sell,7901.64,BTC-31MAY19-8000-C,101.4,0.076,3.0,2,1558003093803,20910111,231
2019-05-16 15:35:04.614,0.3,buy,8020.83,BTC-31MAY19-8000-C,103.67,0.084,0.3,0,1558020904614,20944613,232
2019-05-16 15:39:10.153,0.2,buy,8037.32,BTC-31MAY19-8000-C,102.48,0.084,0.2,1,1558021150153,20945147,233
2019-05-16 17:37:55.042,1.9,sell,7913.11,BTC-31MAY19-8000-C,101.61,0.076,1.9,2,1558028275042,20958413,235
2019-05-16 17:37:55.042,2.1,sell,7913.11,BTC-31MAY19-8000-C,103.49,0.0775,2.1,2,1558028275042,20958412,234
2019-05-16 17:57:15.019,1.0,sell,7923.56,BTC-31MAY19-8000-C,99.04,0.0745,1.0,2,1558029435019,20960554,236
2019-05-16 20:52:10.749,2.0,sell,7805.9,BTC-31MAY19-8000-C,101.96,0.07,2.0,2,1558039930749,20978090,237
2019-05-16 21:44:04.584,0.2,sell,7888.19,BTC-31MAY19-8000-C,99.55,0.0725,0.2,0,1558043044584,20988958,238
2019-05-16 21:44:13.420,0.3,buy,7890.87,BTC-31MAY19-8000-C,99.99,0.073,0.3,0,1558043053420,20988979,239
2019-05-16 21:45:23.100,0.5,sell,7905.45,BTC-31MAY19-8000-C,99.6,0.0735,0.5,0,1558043123100,20989080,240
2019-05-16 21:46:42.398,1.5,sell,7905.88,BTC-31MAY19-8000-C,99.57,0.0735,1.5,1,1558043202398,20989117,241
2019-05-16 21:46:51.781,0.5,buy,7907.08,BTC-31MAY19-8000-C,100.12,0.07400000000000001,0.5,0,1558043211781,20989130,242
2019-05-16 21:47:10.074,0.2,buy,7908.2,BTC-31MAY19-8000-C,100.04,0.07400000000000001,0.2,1,1558043230074,20989134,243
2019-05-16 21:47:46.078,0.3,sell,7909.62,BTC-31MAY19-8000-C,99.94,0.07400000000000001,0.3,1,1558043266078,20989137,244
2019-05-16 21:50:32.026,0.2,sell,7929.63,BTC-31MAY19-8000-C,99.79,0.075,0.2,0,1558043432026,20989494,245
2019-05-16 21:50:59.518,0.2,buy,7940.36,BTC-31MAY19-8000-C,100.29,0.076,0.2,0,1558043459518,20989741,246
2019-05-16 21:51:39.679,0.2,sell,7942.63,BTC-31MAY19-8000-C,100.13,0.076,0.2,1,1558043499679,20989823,247
2019-05-16 21:53:58.846,0.2,sell,7950.24,BTC-31MAY19-8000-C,100.22,0.0765,0.2,0,1558043638846,20990362,248
2019-05-16 23:58:38.480,5.0,buy,7881.23,BTC-31MAY19-8000-C,100.36,0.0725,5.0,2,1558051118480,21002196,249
2019-05-17 00:21:16.645,3.0,sell,7899.31,BTC-31MAY19-8000-C,99.14,0.0725,3.0,3,1558052476645,21003630,250
2019-05-17 03:32:44.839,1.1,sell,7330.66,BTC-31MAY19-8000-C,93.41,0.0395,1.1,2,1558063964839,21076053,252
2019-05-17 03:32:44.839,1.0,sell,7330.66,BTC-31MAY19-8000-C,96.13,0.0415,1.0,2,1558063964839,21076052,251
2019-05-17 05:10:00.308,0.4,sell,7271.24,BTC-31MAY19-8000-C,94.3,0.0375,0.4,2,1558069800308,21109564,253
2019-05-17 05:59:23.784,5.0,sell,7119.85,BTC-31MAY19-8000-C,105.13,0.039,5.0,0,1558072763784,21116983,254
2019-05-17 07:22:38.284,0.2,buy,7300.51,BTC-31MAY19-8000-C,103.23,0.045,0.2,0,1558077758284,21126797,255
2019-05-17 08:11:05.734,0.2,buy,7247.2,BTC-31MAY19-8000-C,101.68,0.0415,0.2,2,1558080665734,21131466,256
2019-05-17 08:48:22.369,0.1,buy,7282.11,BTC-31MAY19-8000-C,100.43,0.042,0.1,0,1558082902369,21134936,257
2019-05-17 09:57:59.052,0.4,sell,7283.76,BTC-31MAY19-8000-C,100.5,0.042,0.4,1,1558087079052,21139730,258
2019-05-17 09:57:59.054,0.6,buy,7283.76,BTC-31MAY19-8000-C,100.5,0.042,0.6,1,1558087079054,21139731,259
2019-05-17 12:02:15.215,0.5,sell,7145.73,BTC-31MAY19-8000-C,101.75,0.037000000000000005,0.5,2,1558094535215,21156860,260
2019-05-17 13:39:32.077,3.0,buy,7137.58,BTC-31MAY19-8000-C,104.62,0.0385,3.0,0,1558100372077,21177543,261
2019-05-17 13:55:32.373,2.0,buy,7150.5,BTC-31MAY19-8000-C,110.31,0.043,2.0,0,1558101332373,21178737,262
2019-05-17 14:14:03.463,10.0,buy,7218.49,BTC-31MAY19-8000-C,110.56,0.046,10.0,0,1558102443463,21182132,263
2019-05-17 17:41:19.282,5.0,sell,7077.45,BTC-31MAY19-8000-C,102.82,0.0345,5.0,3,1558114879282,21208307,265
2019-05-17 17:41:19.282,16.0,sell,7077.45,BTC-31MAY19-8000-C,102.82,0.0345,16.0,2,1558114879282,21208306,264
2019-05-17 17:42:14.597,10.0,buy,7083.19,BTC-31MAY19-8000-C,102.5,0.0345,10.0,3,1558114934597,21208495,266
2019-05-17 18:16:58.680,1.0,sell,7086.98,BTC-31MAY19-8000-C,101.64,0.034,1.0,2,1558117018680,21216763,267
2019-05-17 18:18:15.278,5.0,sell,7095.45,BTC-31MAY19-8000-C,101.17,0.034,5.0,3,1558117095278,21216847,269
2019-05-17 18:18:15.278,10.0,sell,7095.45,BTC-31MAY19-8000-C,101.17,0.034,10.0,3,1558117095278,21216846,268
2019-05-17 18:41:46.771,1.2,sell,7064.04,BTC-31MAY19-8000-C,101.49,0.033,1.2,2,1558118506771,21218354,270
2019-05-17 18:41:46.771,198.8,sell,7064.04,BTC-31MAY19-8000-C,101.49,0.033,198.8,3,1558118506771,21218355,271
2019-05-17 19:47:54.486,1.0,buy,7101.86,BTC-31MAY19-8000-C,101.04,0.034,1.0,0,1558122474486,21224597,272
2019-05-17 20:40:07.583,25.0,buy,7086.95,BTC-31MAY19-8000-C,103.51,0.035,25.0,0,1558125607583,21229856,273
2019-05-17 21:14:07.773,1.0,sell,7220.17,BTC-31MAY19-8000-C,106.02,0.042,1.0,0,1558127647773,21233730,274
2019-05-17 21:26:11.604,0.5,buy,7171.62,BTC-31MAY19-8000-C,106.78,0.0405,0.5,2,1558128371604,21235215,275
2019-05-18 00:03:02.228,1.0,buy,7405.11,BTC-31MAY19-8000-C,100.17,0.0455,1.0,0,1558137782228,21250354,276
2019-05-18 04:35:14.461,14.0,buy,7337.03,BTC-31MAY19-8000-C,107.2,0.047,14.0,0,1558154114461,21267426,277
2019-05-18 04:35:57.737,2.0,buy,7335.36,BTC-31MAY19-8000-C,108.69,0.048,2.0,0,1558154157737,21267429,278
2019-05-18 04:37:33.140,2.0,buy,7333.71,BTC-31MAY19-8000-C,108.8,0.048,2.0,1,1558154253140,21267507,279
2019-05-18 09:25:59.267,16.0,sell,7258.21,BTC-31MAY19-8000-C,109.36,0.0445,16.0,2,1558171559267,21287073,280
2019-05-18 09:26:04.364,1.0,sell,7253.5,BTC-31MAY19-8000-C,109.65,0.0445,1.0,3,1558171564364,21287088,281
2019-05-18 09:26:05.815,1.0,sell,7253.5,BTC-31MAY19-8000-C,109.65,0.0445,1.0,3,1558171565815,21287113,282
2019-05-18 09:26:32.725,2.0,sell,7242.02,BTC-31MAY19-8000-C,110.35,0.0445,2.0,3,1558171592725,21287243,283
2019-05-18 09:29:12.819,2.0,sell,7230.51,BTC-31MAY19-8000-C,111.06,0.0445,2.0,3,1558171752819,21287664,284
2019-05-18 09:29:14.998,2.0,sell,7231.15,BTC-31MAY19-8000-C,111.02,0.0445,2.0,3,1558171754998,21287670,285
2019-05-18 09:30:25.685,1.0,sell,7231.56,BTC-31MAY19-8000-C,111.0,0.0445,1.0,3,1558171825685,21288539,286
2019-05-18 12:17:41.691,1.0,buy,7340.66,BTC-31MAY19-8000-C,109.71,0.048,1.0,0,1558181861691,21297531,287
2019-05-18 18:28:41.224,1.0,sell,7260.82,BTC-31MAY19-8000-C,106.47,0.0415,1.0,2,1558204121224,21312157,288
2019-05-18 18:28:47.590,2.2,sell,7245.19,BTC-31MAY19-8000-C,107.43,0.0415,2.2,3,1558204127590,21312377,289
2019-05-18 18:28:48.660,9.3,sell,7247.79,BTC-31MAY19-8000-C,107.27,0.0415,9.3,3,1558204128660,21312398,290
2019-05-18 18:29:01.537,1.0,sell,7223.77,BTC-31MAY19-8000-C,108.01,0.040999999999999995,1.0,2,1558204141537,21312592,291
2019-05-18 21:53:23.773,16.0,sell,7338.4,BTC-31MAY19-8000-C,101.52,0.040999999999999995,16.0,3,1558216403773,21319449,293
2019-05-18 21:53:23.773,1.0,sell,7338.4,BTC-31MAY19-8000-C,101.52,0.040999999999999995,1.0,3,1558216403773,21319448,292
2019-05-19 01:29:04.396,2.0,buy,7552.46,BTC-31MAY19-8000-C,101.05,0.05,2.0,0,1558229344396,21333933,294
2019-05-19 01:30:03.712,8.0,buy,7569.06,BTC-31MAY19-8000-C,99.93,0.05,8.0,1,1558229403712,21334223,295
2019-05-19 03:32:37.985,0.4,buy,7896.85,BTC-31MAY19-8000-C,104.23,0.07,0.4,0,1558236757985,21360604,296
2019-05-19 04:58:17.936,0.8,buy,8006.02,BTC-31MAY19-8000-C,109.72,0.08,0.8,0,1558241897936,21373025,297
2019-05-19 05:15:36.228,0.2,buy,7989.81,BTC-31MAY19-8000-C,109.69,0.079,0.2,2,1558242936228,21374717,298
2019-05-19 05:24:06.928,1.0,buy,7980.93,BTC-31MAY19-8000-C,116.63,0.0835,1.0,0,1558243446928,21375334,299
2019-05-19 07:52:52.644,0.4,buy,7999.82,BTC-31MAY19-8000-C,113.55,0.08199999999999999,0.4,2,1558252372644,21383586,300
2019-05-19 14:22:28.671,3.0,buy,7938.36,BTC-31MAY19-8000-C,102.94,0.07,3.0,2,1558275748671,21429810,301
2019-05-19 15:54:20.504,2.8000000000000003,buy,7982.42,BTC-31MAY19-8000-C,103.9,0.073,2.8000000000000003,0,1558281260504,21433065,302
2019-05-19 16:43:36.764,9.0,sell,7941.34,BTC-31MAY19-8000-C,101.03,0.0685,9.0,3,1558284216764,21436962,304
2019-05-19 16:43:36.764,1.0,sell,7941.34,BTC-31MAY19-8000-C,101.03,0.0685,1.0,2,1558284216764,21436961,303
2019-05-19 17:24:59.858,3.0,buy,7979.99,BTC-31MAY19-8000-C,101.56,0.071,3.0,0,1558286699858,21438678,305
2019-05-19 17:38:59.948,2.0,buy,8010.71,BTC-31MAY19-8000-C,99.09,0.071,2.0,1,1558287539948,21440226,306
2019-05-19 18:51:57.629,0.2,sell,7979.84,BTC-31MAY19-8000-C,97.6,0.068,0.2,2,1558291917629,21443337,307
2019-05-19 18:51:57.629,1.8,sell,7979.84,BTC-31MAY19-8000-C,94.77,0.066,1.8,2,1558291917629,21443338,308
2019-05-19 19:09:08.966,2.0,buy,8006.81,BTC-31MAY19-8000-C,98.27,0.07,2.0,0,1558292948966,21443819,309
2019-05-19 19:09:13.740,0.5,buy,8006.56,BTC-31MAY19-8000-C,98.29,0.07,0.5,1,1558292953740,21443822,310
2019-05-19 19:09:47.092,1.1,buy,8005.17,BTC-31MAY19-8000-C,100.53,0.0715,1.1,0,1558292987092,21443839,311
2019-05-19 19:29:17.435,1.0,buy,8073.62,BTC-31MAY19-8000-C,94.85,0.0715,1.0,1,1558294157435,21445558,312
2019-05-19 19:29:19.189,1.0,buy,8074.46,BTC-31MAY19-8000-C,94.78,0.0715,1.0,1,1558294159189,21445619,313
2019-05-19 19:29:21.684,0.1,buy,8076.57,BTC-31MAY19-8000-C,94.6,0.0715,0.1,1,1558294161684,21445685,314
2019-05-19 20:45:23.080,13.0,buy,8019.53,BTC-31MAY19-8000-C,100.34,0.07200000000000001,13.0,0,1558298723080,21455056,315
2019-05-19 21:53:17.622,2.0,buy,8082.78,BTC-31MAY19-8000-C,107.37,0.0805,2.0,0,1558302797622,21458774,316
2019-05-19 22:45:57.685,3.1,sell,8223.32,BTC-31MAY19-8000-C,97.33,0.08199999999999999,3.1,0,1558305957685,21467358,317
2019-05-19 22:46:17.665,5.9,sell,8222.29,BTC-31MAY19-8000-C,95.96,0.081,5.9,2,1558305977665,21467428,318
2019-05-20 00:01:40.955,6.0,sell,8176.91,BTC-31MAY19-8000-C,99.57,0.0805,6.0,2,1558310500955,21486760,319
2019-05-20 00:32:26.487,2.0,buy,8032.17,BTC-31MAY19-8000-C,97.11,0.07,2.0,2,1558312346487,21496673,320
2019-05-20 00:32:43.185,1.0,buy,8042.32,BTC-31MAY19-8000-C,99.12,0.07200000000000001,1.0,0,1558312363185,21496738,321
2019-05-20 03:22:29.679,19.6,buy,7986.04,BTC-31MAY19-8000-C,101.49,0.07,19.6,2,1558322549679,21517892,322
2019-05-20 03:22:29.706,5.4,buy,7986.04,BTC-31MAY19-8000-C,101.49,0.07,5.4,3,1558322549706,21517893,323
2019-05-20 03:49:32.598,1.0,buy,8089.31,BTC-31MAY19-8000-C,105.09,0.0785,1.0,0,1558324172598,21521464,324
2019-05-20 04:15:09.201,0.5,sell,8109.06,BTC-31MAY19-8000-C,104.91,0.0795,0.5,0,1558325709201,21525194,325
2019-05-20 04:21:53.205,0.4,sell,8050.3,BTC-31MAY19-8000-C,104.92,0.076,0.4,2,1558326113205,21526184,326
2019-05-20 04:25:50.397,1.1,buy,8047.93,BTC-31MAY19-8000-C,105.14,0.076,1.1,3,1558326350397,21526649,327
2019-05-20 08:09:16.195,1.0,sell,7882.94,BTC-31MAY19-8000-C,97.13,0.0605,1.0,2,1558339756195,21546272,328
2019-05-20 08:09:16.198,1.0,buy,7882.94,BTC-31MAY19-8000-C,97.13,0.0605,1.0,3,1558339756198,21546273,329
2019-05-20 08:09:41.207,2.0,buy,7877.67,BTC-31MAY19-8000-C,96.83,0.06,2.0,2,1558339781207,21546328,330
2019-05-20 08:09:59.210,1.0,sell,7875.2,BTC-31MAY19-8000-C,97.03,0.06,1.0,3,1558339799210,21546358,331
2019-05-20 08:14:45.313,5.0,sell,7874.69,BTC-31MAY19-8000-C,95.64,0.059000000000000004,5.0,2,1558340085313,21546799,332
2019-05-20 08:51:38.979,0.1,sell,7811.23,BTC-31MAY19-8000-C,105.11,0.062,0.1,0,1558342298979,21550540,333
2019-05-20 09:53:29.128,1.0,buy,7923.88,BTC-31MAY19-8000-C,107.17,0.0695,1.0,0,1558346009128,21558827,334
2019-05-20 12:53:17.869,0.4,sell,7741.29,BTC-31MAY19-8000-C,106.25,0.0585,0.4,2,1558356797869,21572358,335
2019-05-20 12:55:39.808,0.2,sell,7680.66,BTC-31MAY19-8000-C,106.47,0.0555,0.2,2,1558356939808,21574915,336
2019-05-20 13:09:49.164,0.1,sell,7593.87,BTC-31MAY19-8000-C,98.84,0.046,0.1,2,1558357789164,21582238,337
2019-05-20 13:13:42.824,2.0,buy,7664.04,BTC-31MAY19-8000-C,107.04,0.055,2.0,0,1558358022824,21584210,338
2019-05-20 13:13:43.865,4.0,sell,7664.34,BTC-31MAY19-8000-C,107.75,0.0555,4.0,0,1558358023865,21584216,339
2019-05-20 16:18:57.034,0.1,buy,7879.04,BTC-31MAY19-8000-C,112.92,0.07,0.1,0,1558369137034,21600733,340
2019-05-20 17:58:41.944,1.0,sell,7777.18,BTC-31MAY19-8000-C,103.04,0.0575,1.0,2,1558375121944,21607001,341
2019-05-20 18:46:53.268,0.3,buy,7736.26,BTC-31MAY19-8000-C,107.13,0.057999999999999996,0.3,0,1558378013268,21610289,342
2019-05-20 18:57:41.430,0.2,buy,7744.71,BTC-31MAY19-8000-C,103.55,0.055999999999999994,0.2,2,1558378661430,21611571,343
2019-05-20 18:57:47.417,0.2,buy,7746.02,BTC-31MAY19-8000-C,104.19,0.0565,0.2,0,1558378667417,21611572,344
2019-05-20 18:58:06.767,0.2,buy,7735.33,BTC-31MAY19-8000-C,104.28,0.055999999999999994,0.2,2,1558378686767,21611655,345
2019-05-20 19:10:32.796,1.2,sell,7786.11,BTC-31MAY19-8000-C,102.58,0.0575,1.2,0,1558379432796,21612602,346
2019-05-20 19:12:54.585,0.1,sell,7784.2,BTC-31MAY19-8000-C,102.74,0.0575,0.1,1,1558379574585,21612660,347
2019-05-20 19:33:39.539,0.2,buy,7812.71,BTC-31MAY19-8000-C,104.24,0.06,0.2,0,1558380819539,21614585,348
2019-05-20 21:02:55.093,1.0,buy,8074.66,BTC-31MAY19-8000-C,106.2,0.076,1.0,0,1558386175093,21627018,349
2019-05-20 22:39:23.175,2.0,sell,8015.14,BTC-31MAY19-8000-C,104.31,0.071,2.0,2,1558391963175,21642409,350
2019-05-20 23:32:01.296,0.5,buy,7989.52,BTC-31MAY19-8000-C,107.47,0.0715,0.5,0,1558395121296,21651095,351
2019-05-21 01:00:20.492,2.4,sell,7942.37,BTC-31MAY19-8000-C,100.62,0.064,2.4,2,1558400420492,21657215,352
2019-05-21 04:05:46.537,0.3,sell,7896.56,BTC-31MAY19-8000-C,97.63,0.059000000000000004,0.3,2,1558411546537,21668026,353
2019-05-21 07:09:59.442,0.1,sell,7953.8,BTC-31MAY19-8000-C,96.37,0.061,0.1,0,1558422599442,21675148,354
2019-05-21 07:10:25.108,0.4,sell,7947.55,BTC-31MAY19-8000-C,96.15,0.0605,0.4,2,1558422625108,21675179,355
2019-05-21 11:37:34.155,0.1,sell,7820.2,BTC-31MAY19-8000-C,101.0,0.055999999999999994,0.1,2,1558438654155,21686143,356
2019-05-21 16:23:45.438,4.0,sell,7929.17,BTC-31MAY19-8000-C,91.96,0.0555,4.0,2,1558455825438,21707375,357
2019-05-21 16:23:45.438,2.0,sell,7929.17,BTC-31MAY19-8000-C,91.96,0.0555,2.0,3,1558455825438,21707376,358
2019-05-21 16:23:51.019,1.0,sell,7929.28,BTC-31MAY19-8000-C,91.95,0.0555,1.0,3,1558455831019,21707380,359
2019-05-21 16:25:12.835,5.0,sell,7925.42,BTC-31MAY19-8000-C,91.52,0.055,5.0,2,1558455912835,21707405,360
2019-05-21 16:33:19.549,4.0,buy,7926.21,BTC-31MAY19-8000-C,95.33,0.0575,4.0,0,1558456399549,21707784,361
2019-05-21 16:37:07.405,10.7,sell,7923.91,BTC-31MAY19-8000-C,92.46,0.0555,10.7,2,1558456627405,21707898,362
2019-05-21 16:37:07.405,5.0,sell,7923.91,BTC-31MAY19-8000-C,92.46,0.0555,5.0,3,1558456627405,21707899,363
2019-05-21 16:56:11.769,4.0,buy,7920.28,BTC-31MAY19-8000-C,93.61,0.056,4.0,0,1558457771769,21708804,364
2019-05-21 17:05:02.693,1.8,buy,7928.3,BTC-31MAY19-8000-C,95.26,0.0575,1.8,0,1558458302693,21709135,365
2019-05-21 17:05:59.917,2.2,buy,7927.97,BTC-31MAY19-8000-C,95.29,0.0575,2.2,1,1558458359917,21709186,366
2019-05-21 17:11:09.357,0.2,buy,7946.67,BTC-31MAY19-8000-C,96.75,0.0595,0.2,0,1558458669357,21709421,367
2019-05-21 19:04:48.888,0.7000000000000001,sell,8013.41,BTC-31MAY19-8000-C,91.12,0.0595,0.7000000000000001,1,1558465488888,21718474,369
2019-05-21 19:04:48.888,3.3000000000000003,sell,8013.41,BTC-31MAY19-8000-C,91.12,0.0595,3.3000000000000003,1,1558465488888,21718473,368
2019-05-21 19:12:47.101,6.0,buy,8031.48,BTC-31MAY19-8000-C,96.48,0.064,6.0,0,1558465967101,21718762,370
2019-05-21 19:55:10.850,6.0,buy,8019.95,BTC-31MAY19-8000-C,96.92,0.0635,6.0,2,1558468510850,21720267,371
2019-05-21 20:06:41.340,2.0,sell,8076.89,BTC-31MAY19-8000-C,91.62,0.0635,2.0,3,1558469201340,21721543,372
2019-05-21 20:30:24.543,4.0,sell,8048.2,BTC-31MAY19-8000-C,96.76,0.065,4.0,0,1558470624543,21722691,373
2019-05-21 20:53:06.652,2.0,sell,8088.73,BTC-31MAY19-8000-C,96.14,0.067,2.0,0,1558471986652,21725023,374
2019-05-21 21:45:50.506,1.1,buy,8053.74,BTC-31MAY19-8000-C,97.3,0.0655,1.1,2,1558475150506,21727987,375
2019-05-21 23:40:36.645,0.5,sell,7990.66,BTC-31MAY19-8000-C,90.22,0.057,0.5,2,1558482036645,21736342,376
2019-05-22 02:18:01.682,3.1,buy,7941.5,BTC-31MAY19-8000-C,89.73,0.0535,3.1,2,1558491481682,21741710,377
2019-05-22 02:18:10.752,5.1000000000000005,buy,7939.59,BTC-31MAY19-8000-C,89.9,0.0535,5.1000000000000005,3,1558491490752,21741727,378
2019-05-22 02:18:19.880,2.1,buy,7938.9,BTC-31MAY19-8000-C,89.96,0.0535,2.1,3,1558491499880,21741732,379
2019-05-22 04:08:36.197,0.2,sell,7892.34,BTC-31MAY19-8000-C,92.92,0.0525,0.2,2,1558498116197,21745677,380
2019-05-22 04:09:17.310,0.8,sell,7900.63,BTC-31MAY19-8000-C,87.44,0.0495,0.8,2,1558498157310,21745731,381
2019-05-22 04:17:41.754,0.8,buy,7938.41,BTC-31MAY19-8000-C,88.83,0.0525,0.8,0,1558498661754,21746444,382
2019-05-22 04:23:30.705,6.0,sell,7930.29,BTC-31MAY19-8000-C,96.71,0.057,6.0,0,1558499010705,21746615,383
2019-05-22 04:24:44.113,19.0,sell,7930.68,BTC-31MAY19-8000-C,96.68,0.057,19.0,1,1558499084113,21746649,384
2019-05-22 05:12:39.091,1.2,sell,7939.5,BTC-31MAY19-8000-C,94.47,0.055999999999999994,1.2,2,1558501959091,21747876,385
2019-05-22 07:22:42.186,2.9,sell,7916.28,BTC-31MAY19-8000-C,97.04,0.055999999999999994,2.9,3,1558509762186,21750815,386
2019-05-22 07:22:42.192,2.0,sell,7916.28,BTC-31MAY19-8000-C,97.04,0.055999999999999994,2.0,3,1558509762192,21750816,387
2019-05-22 07:41:39.734,18.0,sell,7909.82,BTC-31MAY19-8000-C,97.7,0.055999999999999994,18.0,3,1558510899734,21751353,388
2019-05-22 07:41:39.782,0.9,sell,7909.82,BTC-31MAY19-8000-C,97.7,0.055999999999999994,0.9,3,1558510899782,21751354,389
2019-05-22 08:35:34.222,10.0,sell,7940.2,BTC-31MAY19-8000-C,99.94,0.059000000000000004,10.0,0,1558514134222,21752734,390
2019-05-22 08:36:02.395,0.3,sell,7945.28,BTC-31MAY19-8000-C,100.28,0.0595,0.3,0,1558514162395,21752741,391
2019-05-22 09:03:50.908,0.1,buy,7929.09,BTC-31MAY19-8000-C,91.46,0.053,0.1,2,1558515830908,21753253,392
2019-05-22 12:07:03.647,0.2,buy,7845.96,BTC-31MAY19-8000-C,95.54,0.0505,0.2,2,1558526823647,21769340,393
2019-05-22 13:09:11.125,0.3,buy,7822.03,BTC-31MAY19-8000-C,95.44,0.049,0.3,2,1558530551125,21772651,394
2019-05-22 13:46:43.326,1.0,buy,7860.59,BTC-31MAY19-8000-C,95.44,0.051,1.0,0,1558532803326,21774389,395
2019-05-22 19:03:48.317,0.5,sell,7922.37,BTC-31MAY19-8000-C,88.56,0.0495,0.5,2,1558551828317,21795939,396
2019-05-22 20:19:21.372,4.0,buy,7847.46,BTC-31MAY19-8000-C,94.84,0.049,4.0,3,1558556361372,21804250,398
2019-05-22 20:19:21.372,4.5,buy,7847.46,BTC-31MAY19-8000-C,94.84,0.049,4.5,2,1558556361372,21804249,397
2019-05-22 20:27:28.495,2.2,buy,7783.86,BTC-31MAY19-8000-C,89.73,0.0425,2.2,2,1558556848495,21811827,399
2019-05-22 21:00:23.456,5.0,buy,7827.21,BTC-31MAY19-8000-C,94.33,0.0475,5.0,0,1558558823456,21819018,400
2019-05-22 21:41:31.521,1.2,sell,7734.46,BTC-31MAY19-8000-C,88.38,0.039,1.2,2,1558561291521,21823538,401
2019-05-22 22:06:11.800,5.0,buy,7529.22,BTC-31MAY19-8000-C,95.57,0.0335,5.0,2,1558562771800,21832936,402
2019-05-22 23:40:56.368,0.1,sell,7692.55,BTC-31MAY19-8000-C,92.33,0.039,0.1,0,1558568456368,21847782,403
2019-05-22 23:52:31.272,1.2,buy,7631.14,BTC-31MAY19-8000-C,90.56,0.035,1.2,2,1558569151272,21849824,404
2019-05-23 05:53:32.155,0.4,buy,7618.44,BTC-31MAY19-8000-C,97.36,0.0375,0.4,0,1558590812155,21870717,405
2019-05-23 08:26:53.677,0.1,sell,7586.07,BTC-31MAY19-8000-C,97.13,0.0355,0.1,2,1558600013677,21879599,406
2019-05-23 08:33:40.939,0.1,sell,7578.62,BTC-31MAY19-8000-C,96.87,0.035,0.1,2,1558600420939,21880023,407
2019-05-23 09:23:03.037,1.0,sell,7513.12,BTC-31MAY19-8000-C,93.26,0.03,1.0,2,1558603383037,21887312,408
2019-05-23 13:09:25.286,3.0,buy,7670.5,BTC-31MAY19-8000-C,86.87,0.033,3.0,0,1558616965286,21899003,409
2019-05-23 13:30:34.463,1.0,sell,7658.46,BTC-31MAY19-8000-C,86.18,0.032,1.0,2,1558618234463,21900993,410
2019-05-23 14:34:49.889,0.1,buy,7734.14,BTC-31MAY19-8000-C,94.09,0.04,0.1,0,1558622089889,21906741,411
2019-05-23 14:35:00.321,1.0,buy,7732.36,BTC-31MAY19-8000-C,94.25,0.04,1.0,1,1558622100321,21906744,412
2019-05-23 16:59:06.905,3.0,buy,7829.04,BTC-31MAY19-8000-C,93.96,0.0445,3.0,0,1558630746905,21919525,413
2019-05-23 16:59:23.328,9.0,buy,7829.25,BTC-31MAY19-8000-C,93.94,0.0445,9.0,1,1558630763328,21919526,414
2019-05-23 21:54:50.903,7.0,sell,7949.94,BTC-31MAY19-8000-C,91.35,0.049,7.0,0,1558648490903,21939811,415
2019-05-23 23:31:52.155,1.5,buy,7916.34,BTC-31MAY19-8000-C,86.32,0.044000000000000004,1.5,2,1558654312155,21948818,416
2019-05-24 03:39:00.439,0.1,buy,7866.79,BTC-31MAY19-8000-C,94.05,0.045,0.1,0,1558669140439,21960985,417
2019-05-24 06:33:33.683,1.0,buy,7861.89,BTC-31MAY19-8000-C,86.31,0.04,1.0,2,1558679613683,21965131,418
2019-05-24 07:05:13.357,8.5,buy,7898.72,BTC-31MAY19-8000-C,95.43,0.047,8.5,1,1558681513357,21966643,421
2019-05-24 07:05:13.357,6.0,buy,7898.72,BTC-31MAY19-8000-C,95.43,0.047,6.0,1,1558681513357,21966642,420
2019-05-24 07:05:13.357,0.5,buy,7898.72,BTC-31MAY19-8000-C,95.43,0.047,0.5,0,1558681513357,21966641,419
2019-05-24 07:45:33.109,4.8,sell,7861.23,BTC-31MAY19-8000-C,86.68,0.04,4.8,2,1558683933109,21968525,422
2019-05-24 07:59:57.279,1.0,buy,7881.51,BTC-31MAY19-8000-C,87.45,0.0415,1.0,0,1558684797279,21968964,423
2019-05-24 08:01:09.335,0.5,sell,7883.22,BTC-31MAY19-8000-C,86.38,0.040999999999999995,0.5,2,1558684869335,21969002,424
2019-05-24 08:05:41.650,4.9,buy,7896.38,BTC-31MAY19-8000-C,86.89,0.042,4.9,0,1558685141650,21969410,425
2019-05-24 08:07:50.441,0.1,buy,7902.54,BTC-31MAY19-8000-C,89.91,0.044000000000000004,0.1,0,1558685270441,21969513,426
2019-05-24 08:13:22.797,0.1,buy,7929.16,BTC-31MAY19-8000-C,86.3,0.0435,0.1,2,1558685602797,21970167,427
2019-05-24 08:13:35.950,2.0,buy,7933.61,BTC-31MAY19-8000-C,86.76,0.044000000000000004,2.0,0,1558685615950,21970173,428
2019-05-24 08:17:07.352,1.0,buy,7929.79,BTC-31MAY19-8000-C,86.26,0.0435,1.0,2,1558685827352,21970276,429
2019-05-24 08:18:13.080,0.1,sell,7921.26,BTC-31MAY19-8000-C,85.32,0.0425,0.1,2,1558685893080,21970385,430
2019-05-24 08:19:39.551,2.0,buy,7953.69,BTC-31MAY19-8000-C,86.51,0.045,2.0,0,1558685979551,21970761,431
2019-05-24 08:20:06.407,6.0,buy,7970.86,BTC-31MAY19-8000-C,86.51,0.046,6.0,0,1558686006407,21971003,432
2019-05-24 08:20:47.195,1.9,buy,7976.05,BTC-31MAY19-8000-C,85.96,0.046,1.9,1,1558686047195,21971297,433
2019-05-24 08:35:07.877,2.4,buy,8026.17,BTC-31MAY19-8000-C,92.42,0.0525,2.4,0,1558686907877,21974002,434
2019-05-24 09:02:09.978,0.3,buy,7983.33,BTC-31MAY19-8000-C,92.63,0.05,0.3,3,1558688529978,21976030,436
2019-05-24 09:02:09.978,0.2,buy,7983.33,BTC-31MAY19-8000-C,92.63,0.05,0.2,2,1558688529978,21976029,435
2019-05-24 09:09:10.203,0.5,sell,7970.17,BTC-31MAY19-8000-C,95.88,0.051,0.5,0,1558688950203,21976291,437
2019-05-24 09:09:55.303,0.5,sell,7964.59,BTC-31MAY19-8000-C,91.93,0.0485,0.5,2,1558688995303,21976297,438
2019-05-24 09:14:15.860,1.5,sell,7977.61,BTC-31MAY19-8000-C,86.93,0.0465,1.5,2,1558689255860,21976446,439
2019-05-24 09:28:51.999,2.0,buy,7972.88,BTC-31MAY19-8000-C,87.5,0.0465,2.0,3,1558690131999,21976977,440
2019-05-24 09:38:44.224,0.6,sell,7957.9,BTC-31MAY19-8000-C,95.5,0.05,0.6,0,1558690724224,21977476,441
2019-05-24 09:58:38.585,1.0,buy,7972.72,BTC-31MAY19-8000-C,90.38,0.048,1.0,2,1558691918585,21978031,442
2019-05-24 10:00:09.778,1.0,sell,7974.39,BTC-31MAY19-8000-C,86.57,0.046,1.0,2,1558692009778,21978097,443
2019-05-24 10:06:27.013,0.1,buy,7992.28,BTC-31MAY19-8000-C,88.32,0.048,0.1,0,1558692387013,21978349,444
2019-05-24 10:13:53.651,3.0,buy,8025.41,BTC-31MAY19-8000-C,88.39,0.05,3.0,0,1558692833651,21978967,445
2019-05-24 10:17:22.240,0.7000000000000001,buy,8029.36,BTC-31MAY19-8000-C,87.97,0.05,0.7000000000000001,1,1558693042240,21979103,446
2019-05-24 10:22:46.920,1.0,sell,8006.79,BTC-31MAY19-8000-C,89.56,0.0495,1.0,2,1558693366920,21979333,447
2019-05-24 10:57:01.219,1.0,buy,8008.07,BTC-31MAY19-8000-C,86.83,0.048,1.0,2,1558695421219,21981010,448
2019-05-24 11:04:30.010,0.6,sell,7993.61,BTC-31MAY19-8000-C,86.6,0.047,0.6,2,1558695870010,21981461,449
2019-05-24 11:24:06.177,0.2,buy,8048.72,BTC-31MAY19-8000-C,86.09,0.05,0.2,0,1558697046177,21982876,450
2019-05-24 11:32:51.189,1.0,buy,8044.23,BTC-31MAY19-8000-C,87.56,0.0505,1.0,0,1558697571189,21984601,451
2019-05-24 12:01:38.750,0.1,sell,8019.18,BTC-31MAY19-8000-C,85.89,0.048,0.1,2,1558699298750,21985978,452
2019-05-24 12:58:10.987,0.1,buy,8044.51,BTC-31MAY19-8000-C,91.6,0.0525,0.1,0,1558702690987,21987830,453
2019-05-24 13:16:28.402,3.5,sell,8011.82,BTC-31MAY19-8000-C,87.03,0.048,3.5,2,1558703788402,21988482,454
2019-05-24 13:41:47.790,6.5,buy,8002.06,BTC-31MAY19-8000-C,88.22,0.048,6.5,3,1558705307790,21989662,455
2019-05-24 14:01:29.616,0.1,buy,7991.12,BTC-31MAY19-8000-C,94.12,0.0505,0.1,0,1558706489616,21990528,456
2019-05-24 15:26:15.253,0.5,sell,8129.28,BTC-31MAY19-8000-C,86.11,0.0545,0.5,0,1558711575253,21998378,457
2019-05-24 15:51:05.096,0.4,sell,8124.27,BTC-31MAY19-8000-C,85.89,0.054000000000000006,0.4,2,1558713065096,21999683,458
2019-05-24 16:09:16.500,6.5,buy,8162.75,BTC-31MAY19-8000-C,86.93,0.057,6.5,0,1558714156500,22001415,459
2019-05-24 16:10:19.199,0.2,buy,8174.62,BTC-31MAY19-8000-C,91.17,0.06,0.2,0,1558714219199,22001792,460
2019-05-24 18:32:10.206,0.1,buy,8059.37,BTC-31MAY19-8000-C,95.26,0.0545,0.1,2,1558722730206,22011072,461
2019-05-24 19:12:22.402,0.2,sell,8013.29,BTC-31MAY19-8000-C,93.19,0.0505,0.2,2,1558725142402,22013278,462
2019-05-24 19:13:11.280,0.5,sell,8022.5,BTC-31MAY19-8000-C,93.1,0.051,0.5,0,1558725191280,22013383,463
2019-05-24 19:13:13.863,0.3,sell,8023.63,BTC-31MAY19-8000-C,92.97,0.051,0.3,1,1558725193863,22013385,464
2019-05-24 23:23:01.610,1.0,buy,7985.24,BTC-31MAY19-8000-C,95.72,0.0495,1.0,2,1558740181610,22027226,465
2019-05-25 06:59:43.361,0.2,buy,7968.19,BTC-31MAY19-8000-C,93.33,0.046,0.2,2,1558767583361,22041063,466
2019-05-25 07:01:30.883,0.2,buy,7969.28,BTC-31MAY19-8000-C,93.21,0.046,0.2,3,1558767690883,22041105,467
2019-05-25 08:22:06.301,1.0,sell,7988.85,BTC-31MAY19-8000-C,85.52,0.043,1.0,2,1558772526301,22042807,468
2019-05-25 10:14:50.111,0.4,buy,8115.61,BTC-31MAY19-8000-C,93.4,0.0545,0.4,0,1558779290111,22048035,469
2019-05-25 10:14:50.111,0.1,buy,8115.61,BTC-31MAY19-8000-C,95.41,0.0555,0.1,0,1558779290111,22048036,470
2019-05-25 13:26:02.404,0.1,buy,8065.55,BTC-31MAY19-8000-C,94.76,0.0515,0.1,2,1558790762404,22056375,471
2019-05-25 16:24:21.658,0.1,sell,8033.34,BTC-31MAY19-8000-C,89.67,0.0465,0.1,2,1558801461658,22063247,472
2019-05-25 16:52:19.588,0.7000000000000001,buy,8040.41,BTC-31MAY19-8000-C,94.02,0.049,0.7000000000000001,0,1558803139588,22064040,473
2019-05-25 16:56:14.292,0.1,sell,8041.72,BTC-31MAY19-8000-C,85.77,0.045,0.1,2,1558803374292,22064065,474
2019-05-25 22:15:34.481,0.1,buy,8069.86,BTC-31MAY19-8000-C,89.07,0.0475,0.1,0,1558822534481,22075502,475
2019-05-25 23:11:29.800,0.1,buy,8077.3,BTC-31MAY19-8000-C,89.45,0.048,0.1,0,1558825889800,22076621,476
2019-05-26 00:13:30.276,4.0,sell,8072.82,BTC-31MAY19-8000-C,85.16,0.0455,4.0,2,1558829610276,22078258,477
2019-05-26 00:45:55.789,0.1,buy,8078.57,BTC-31MAY19-8000-C,94.04,0.05,0.1,0,1558831555789,22078907,478
2019-05-26 00:55:51.411,0.1,buy,8059.51,BTC-31MAY19-8000-C,94.5,0.049,0.1,2,1558832151411,22079076,479
2019-05-26 02:23:31.216,0.1,sell,8062.56,BTC-31MAY19-8000-C,87.26,0.0455,0.1,2,1558837411216,22080613,480
2019-05-26 08:49:21.062,0.4,buy,8004.71,BTC-31MAY19-8000-C,85.39,0.04,0.4,2,1558860561062,22092640,481
2019-05-26 09:00:13.608,0.4,buy,8017.76,BTC-31MAY19-8000-C,83.75,0.04,0.4,3,1558861213608,22092774,482
2019-05-26 09:01:47.729,0.4,buy,8018.37,BTC-31MAY19-8000-C,83.68,0.04,0.4,3,1558861307729,22092792,483
2019-05-26 12:10:39.596,0.1,sell,7924.27,BTC-31MAY19-8000-C,79.39,0.032,0.1,2,1558872639596,22101419,484
2019-05-26 12:31:43.002,4.0,sell,7957.84,BTC-31MAY19-8000-C,79.7,0.034,4.0,0,1558873903002,22102114,485
2019-05-26 13:07:06.249,4.4,sell,7938.39,BTC-31MAY19-8000-C,80.16,0.033,4.4,2,1558876026249,22102869,486
2019-05-26 13:30:57.968,0.1,buy,7963.66,BTC-31MAY19-8000-C,78.2,0.0335,0.1,0,1558877457968,22103541,487
2019-05-26 13:56:00.326,0.1,buy,8000.68,BTC-31MAY19-8000-C,82.32,0.0375,0.1,0,1558878960326,22104940,488
2019-05-26 16:43:45.073,0.1,sell,7992.67,BTC-31MAY19-8000-C,84.41,0.0375,0.1,1,1558889025073,22109741,489
2019-05-26 17:16:16.718,0.1,buy,8001.28,BTC-31MAY19-8000-C,85.7,0.0385,0.1,0,1558890976718,22110365,490
2019-05-26 19:08:24.219,0.1,buy,8060.25,BTC-31MAY19-8000-C,81.59,0.04,0.1,0,1558897704219,22113269,491
2019-05-26 19:11:23.022,1.0,buy,8065.92,BTC-31MAY19-8000-C,80.79,0.04,1.0,1,1558897883022,22113515,492
2019-05-26 19:27:54.603,0.1,buy,8158.78,BTC-31MAY19-8000-C,84.08,0.0475,0.1,0,1558898874603,22117359,493
2019-05-26 19:28:49.490,1.0,buy,8209.76,BTC-31MAY19-8000-C,87.59,0.0525,1.0,0,1558898929490,22120251,494
2019-05-26 19:28:49.490,2.8000000000000003,buy,8209.76,BTC-31MAY19-8000-C,87.59,0.0525,2.8000000000000003,1,1558898929490,22120252,495
2019-05-26 19:30:35.853,0.4,buy,8268.21,BTC-31MAY19-8000-C,87.29,0.0565,0.4,0,1558899035853,22122960,496
2019-05-26 19:30:36.927,0.4,buy,8268.67,BTC-31MAY19-8000-C,87.21,0.0565,0.4,1,1558899036927,22123105,497
2019-05-26 19:30:36.931,1.4,buy,8268.67,BTC-31MAY19-8000-C,87.21,0.0565,1.4,1,1558899036931,22123106,498
2019-05-26 19:35:48.223,0.4,buy,8436.44,BTC-31MAY19-8000-C,89.73,0.07,0.4,0,1558899348223,22134442,499
2019-05-26 19:35:49.564,0.4,buy,8436.96,BTC-31MAY19-8000-C,89.62,0.07,0.4,1,1558899349564,22134567,500
2019-05-26 19:35:50.723,0.4,buy,8438.25,BTC-31MAY19-8000-C,89.36,0.07,0.4,1,1558899350723,22134605,501
2019-05-26 19:35:56.456,0.4,buy,8445.66,BTC-31MAY19-8000-C,87.81,0.07,0.4,1,1558899356456,22134915,502
2019-05-26 19:35:58.640,0.4,buy,8444.17,BTC-31MAY19-8000-C,88.13,0.07,0.4,1,1558899358640,22134996,503
2019-05-26 19:35:58.687,0.4,buy,8444.17,BTC-31MAY19-8000-C,88.13,0.07,0.4,1,1558899358687,22135002,504
2019-05-26 19:36:01.454,0.4,buy,8452.51,BTC-31MAY19-8000-C,86.36,0.07,0.4,1,1558899361454,22135162,505
2019-05-26 19:36:02.091,0.4,buy,8452.51,BTC-31MAY19-8000-C,86.36,0.07,0.4,1,1558899362091,22135219,506
2019-05-26 19:36:02.619,0.4,buy,8452.5,BTC-31MAY19-8000-C,86.36,0.07,0.4,1,1558899362619,22135243,507
2019-05-26 19:36:02.951,0.4,buy,8452.5,BTC-31MAY19-8000-C,86.36,0.07,0.4,1,1558899362951,22135251,508
2019-05-26 19:38:07.525,0.4,buy,8515.7,BTC-31MAY19-8000-C,100.31,0.08,0.4,0,1558899487525,22140098,509
2019-05-26 19:38:10.282,0.1,buy,8516.1,BTC-31MAY19-8000-C,100.23,0.08,0.1,1,1558899490282,22140326,510
2019-05-26 19:38:11.798,0.4,buy,8521.02,BTC-31MAY19-8000-C,99.2,0.08,0.4,1,1558899491798,22140383,511
2019-05-26 19:38:22.153,0.1,buy,8551.85,BTC-31MAY19-8000-C,92.44,0.08,0.1,1,1558899502153,22140884,512
2019-05-26 19:38:23.003,0.1,buy,8551.85,BTC-31MAY19-8000-C,92.44,0.08,0.1,1,1558899503003,22140976,513
2019-05-26 19:38:23.906,0.1,buy,8552.68,BTC-31MAY19-8000-C,92.25,0.08,0.1,1,1558899503906,22141156,514
2019-05-26 19:38:25.752,0.1,buy,8550.54,BTC-31MAY19-8000-C,92.74,0.08,0.1,1,1558899505752,22141228,515
2019-05-26 19:38:33.137,0.1,buy,8545.36,BTC-31MAY19-8000-C,93.92,0.08,0.1,1,1558899513137,22141611,516
2019-05-26 19:38:34.692,0.1,buy,8550.13,BTC-31MAY19-8000-C,92.84,0.08,0.1,1,1558899514692,22141684,517
2019-05-26 19:38:48.910,0.1,buy,8552.28,BTC-31MAY19-8000-C,92.35,0.08,0.1,1,1558899528910,22142183,518
2019-05-26 19:54:20.729,0.2,buy,8521.09,BTC-31MAY19-8000-C,99.3,0.08,0.2,1,1558900460729,22156568,519
2019-05-26 20:01:54.423,0.2,buy,8666.77,BTC-31MAY19-8000-C,94.98,0.09,0.2,0,1558900914423,22165543,520
2019-05-26 20:01:54.423,0.4,buy,8666.77,BTC-31MAY19-8000-C,94.98,0.09,0.4,1,1558900914423,22165544,521
2019-05-26 20:06:13.875,0.1,buy,8716.22,BTC-31MAY19-8000-C,113.6,0.1,0.1,0,1558901173875,22170855,522
2019-05-26 20:18:23.312,1.0,buy,8647.01,BTC-31MAY19-8000-C,152.52,0.109,1.0,0,1558901903312,22182790,523
2019-05-26 20:20:26.704,0.1,sell,8661.3,BTC-31MAY19-8000-C,88.53,0.0875,0.1,2,1558902026704,22183705,524
2019-05-26 20:21:41.562,0.1,sell,8655.88,BTC-31MAY19-8000-C,93.18,0.0885,0.1,0,1558902101562,22184058,525
2019-05-26 20:32:24.642,0.1,buy,8665.8,BTC-31MAY19-8000-C,90.66,0.0885,0.1,1,1558902744642,22188587,526
2019-05-26 20:59:29.110,0.4,sell,8597.42,BTC-31MAY19-8000-C,102.91,0.087,0.4,2,1558904369110,22196641,527
2019-05-26 21:00:56.911,0.1,sell,8585.35,BTC-31MAY19-8000-C,105.58,0.087,0.1,3,1558904456911,22197172,528
2019-05-26 22:16:33.604,0.2,buy,8759.91,BTC-31MAY19-8000-C,104.02,0.1,0.2,0,1558908993604,22215626,529
2019-05-26 22:22:55.405,0.1,buy,8720.07,BTC-31MAY19-8000-C,130.1,0.1055,0.1,0,1558909375405,22218400,530
2019-05-26 23:35:21.993,1.0,buy,8759.89,BTC-31MAY19-8000-C,135.38,0.11,1.0,0,1558913721993,22229961,531
2019-05-26 23:36:35.958,0.5,buy,8763.54,BTC-31MAY19-8000-C,138.97,0.1115,0.5,0,1558913795958,22230552,532
2019-05-27 00:20:40.004,0.2,buy,8886.4,BTC-31MAY19-8000-C,107.84,0.111,0.2,2,1558916440004,22241582,533
2019-05-27 00:33:30.724,1.0,buy,8866.12,BTC-31MAY19-8000-C,134.86,0.1175,1.0,0,1558917210724,22247739,534
2019-05-27 00:56:06.928,0.1,sell,8881.01,BTC-31MAY19-8000-C,106.08,0.11,0.1,2,1558918566928,22252317,535
2019-05-27 01:30:49.685,1.9,buy,8841.16,BTC-31MAY19-8000-C,108.98,0.1075,1.9,2,1558920649685,22259658,536
2019-05-27 01:35:52.292,0.1,buy,8843.44,BTC-31MAY19-8000-C,108.38,0.1075,0.1,3,1558920952292,22260041,537
2019-05-27 02:11:55.592,0.2,buy,8797.01,BTC-31MAY19-8000-C,120.93,0.1075,0.2,3,1558923115592,22262849,538
2019-05-27 02:11:55.592,0.3,buy,8797.01,BTC-31MAY19-8000-C,137.89,0.113,0.3,0,1558923115592,22262850,539
2019-05-27 02:12:58.952,0.5,buy,8804.62,BTC-31MAY19-8000-C,137.72,0.1135,0.5,0,1558923178952,22263050,540
2019-05-27 03:55:41.552,0.2,buy,8761.86,BTC-31MAY19-8000-C,136.36,0.1095,0.2,2,1558929341552,22272192,541
2019-05-27 03:56:16.924,0.1,buy,8761.07,BTC-31MAY19-8000-C,166.83,0.12,0.1,0,1558929376924,22272193,542
2019-05-27 04:50:25.221,2.0,sell,8732.27,BTC-31MAY19-8000-C,130.06,0.105,2.0,2,1558932625221,22275313,543
2019-05-27 07:48:02.836,5.0,buy,8779.13,BTC-31MAY19-8000-C,114.06,0.10300000000000001,5.0,2,1558943282836,22279827,544
2019-05-27 08:20:58.365,0.1,sell,8733.83,BTC-31MAY19-8000-C,116.27,0.1,0.1,2,1558945258365,22281387,545
2019-05-27 08:48:21.365,1.0,sell,8750.67,BTC-31MAY19-8000-C,125.25,0.10400000000000001,1.0,0,1558946901365,22282058,546
2019-05-27 09:04:08.354,0.4,buy,8737.47,BTC-31MAY19-8000-C,125.46,0.10300000000000001,0.4,2,1558947848354,22282491,547
2019-05-27 09:04:10.120,0.4,sell,8737.47,BTC-31MAY19-8000-C,125.46,0.10300000000000001,0.4,3,1558947850120,22282493,548
2019-05-27 09:04:10.196,0.2,sell,8737.47,BTC-31MAY19-8000-C,125.46,0.10300000000000001,0.2,3,1558947850196,22282495,549
2019-05-27 09:04:19.220,0.4,buy,8737.13,BTC-31MAY19-8000-C,123.95,0.1025,0.4,2,1558947859220,22282497,550
2019-05-27 09:04:21.005,0.4,sell,8737.13,BTC-31MAY19-8000-C,125.54,0.10300000000000001,0.4,0,1558947861005,22282499,551
2019-05-27 09:04:21.095,0.2,sell,8737.13,BTC-31MAY19-8000-C,125.54,0.10300000000000001,0.2,1,1558947861095,22282501,552
2019-05-27 09:05:24.203,0.3,sell,8741.05,BTC-31MAY19-8000-C,124.6,0.10300000000000001,0.3,1,1558947924203,22282546,553
2019-05-27 09:05:35.154,0.3,sell,8746.15,BTC-31MAY19-8000-C,123.36,0.10300000000000001,0.3,1,1558947935154,22282569,554
2019-05-27 09:11:42.927,0.4,buy,8756.89,BTC-31MAY19-8000-C,127.19,0.105,0.4,0,1558948302927,22282767,555
2019-05-27 10:49:03.636,9.9,sell,8742.67,BTC-31MAY19-8000-C,115.49,0.1,9.9,2,1558954143636,22286603,556
2019-05-27 10:49:32.795,0.4,sell,8742.7,BTC-31MAY19-8000-C,113.81,0.0995,0.4,2,1558954172795,22286604,557
2019-05-27 10:49:32.795,4.6000000000000005,sell,8742.7,BTC-31MAY19-8000-C,112.1,0.099,4.6000000000000005,2,1558954172795,22286605,558
2019-05-27 10:55:53.647,3.0,sell,8751.37,BTC-31MAY19-8000-C,114.93,0.1005,3.0,0,1558954553647,22286777,559
2019-05-27 10:56:33.552,5.0,sell,8748.53,BTC-31MAY19-8000-C,115.7,0.1005,5.0,1,1558954593552,22286825,560
2019-05-27 10:57:41.569,5.0,sell,8749.16,BTC-31MAY19-8000-C,117.23,0.10099999999999999,5.0,0,1558954661569,22286847,561
2019-05-27 10:58:11.952,5.0,sell,8750.2,BTC-31MAY19-8000-C,116.95,0.10099999999999999,5.0,1,1558954691952,22286902,562
2019-05-27 10:59:43.945,7.5,buy,8750.08,BTC-31MAY19-8000-C,117.0,0.10099999999999999,7.5,1,1558954783945,22286915,563
2019-05-27 11:04:08.641,5.0,sell,8736.04,BTC-31MAY19-8000-C,115.72,0.0995,5.0,2,1558955048641,22287062,564
2019-05-27 11:47:43.491,5.0,buy,8721.44,BTC-31MAY19-8000-C,115.01,0.098,5.0,2,1558957663491,22289742,565
2019-05-27 11:47:52.168,5.0,sell,8721.6,BTC-31MAY19-8000-C,114.97,0.098,5.0,3,1558957672168,22289743,566
2019-05-27 11:49:46.888,1.0,sell,8719.45,BTC-31MAY19-8000-C,113.88,0.0975,1.0,2,1558957786888,22289820,567
2019-05-27 12:04:34.364,5.0,sell,8795.07,BTC-31MAY19-8000-C,124.4,0.1065,5.0,0,1558958674364,22292753,568
2019-05-27 12:07:17.952,5.0,sell,8801.05,BTC-31MAY19-8000-C,124.54,0.107,5.0,0,1558958837952,22293708,569
2019-05-27 12:08:44.337,1.4,sell,8812.17,BTC-31MAY19-8000-C,123.31,0.1075,1.4,1,1558958924337,22294011,571
2019-05-27 12:08:44.337,0.6,sell,8812.17,BTC-31MAY19-8000-C,123.31,0.1075,0.6,0,1558958924337,22294010,570
2019-05-27 12:08:56.693,0.6,buy,8807.81,BTC-31MAY19-8000-C,122.76,0.107,0.6,2,1558958936693,22294067,572
2019-05-27 12:09:17.388,2.0,sell,8804.17,BTC-31MAY19-8000-C,101.92,0.10099999999999999,2.0,2,1558958957388,22294147,573
2019-05-27 12:09:39.398,0.6,sell,8808.18,BTC-31MAY19-8000-C,117.42,0.1055,0.6,0,1558958979398,22294205,574
2019-05-27 12:09:40.772,5.0,buy,8808.18,BTC-31MAY19-8000-C,117.42,0.1055,5.0,1,1558958980772,22294210,575
2019-05-27 12:09:56.550,0.6,sell,8803.83,BTC-31MAY19-8000-C,111.48,0.1035,0.6,2,1558958996550,22294222,576
2019-05-27 12:10:18.123,2.5,sell,8804.45,BTC-31MAY19-8000-C,121.95,0.1065,2.5,0,1558959018123,22294243,577
2019-05-27 12:10:32.889,2.5,sell,8803.35,BTC-31MAY19-8000-C,120.53,0.106,2.5,2,1558959032889,22294287,578
2019-05-27 12:10:46.715,1.2,sell,8802.24,BTC-31MAY19-8000-C,119.09,0.1055,1.2,2,1558959046715,22294311,579
2019-05-27 12:37:36.186,0.6,sell,8812.54,BTC-31MAY19-8000-C,126.97,0.1085,0.6,0,1558960656186,22297333,580
2019-05-27 12:37:43.676,0.4,sell,8810.33,BTC-31MAY19-8000-C,127.55,0.1085,0.4,1,1558960663676,22297335,581
2019-05-27 12:37:44.735,0.6,sell,8811.08,BTC-31MAY19-8000-C,127.35,0.1085,0.6,1,1558960664735,22297337,582
2019-05-27 12:37:56.595,0.4,sell,8808.49,BTC-31MAY19-8000-C,128.03,0.1085,0.4,1,1558960676595,22297344,583
2019-05-27 12:38:41.293,1.0,sell,8816.97,BTC-31MAY19-8000-C,125.8,0.1085,1.0,1,1558960721293,22297383,584
2019-05-27 12:39:22.886,0.4,sell,8812.82,BTC-31MAY19-8000-C,126.9,0.1085,0.4,1,1558960762886,22297417,585
2019-05-27 12:58:08.846,0.5,sell,8815.27,BTC-31MAY19-8000-C,115.91,0.1055,0.5,2,1558961888846,22299218,586
2019-05-27 13:06:27.409,0.6,sell,8839.35,BTC-31MAY19-8000-C,119.91,0.1085,0.6,0,1558962387409,22300338,587
2019-05-27 13:19:42.166,1.0,sell,8814.22,BTC-31MAY19-8000-C,114.63,0.105,1.0,2,1558963182166,22301463,588
2019-05-27 13:58:39.488,5.0,sell,8813.54,BTC-31MAY19-8000-C,118.87,0.106,5.0,0,1558965519488,22304307,589
2019-05-27 14:29:04.926,5.0,sell,8796.19,BTC-31MAY19-8000-C,116.97,0.10400000000000001,5.0,2,1558967344926,22306334,590
2019-05-27 14:30:54.094,2.4,sell,8797.12,BTC-31MAY19-8000-C,116.73,0.10400000000000001,2.4,3,1558967454094,22306379,591
2019-05-27 14:31:36.514,5.0,sell,8796.12,BTC-31MAY19-8000-C,117.02,0.10400000000000001,5.0,3,1558967496514,22306396,592
2019-05-27 14:32:57.216,5.0,sell,8791.57,BTC-31MAY19-8000-C,116.54,0.1035,5.0,2,1558967577216,22306530,593
2019-05-27 14:37:00.843,1.0,sell,8797.56,BTC-31MAY19-8000-C,109.29,0.102,1.0,2,1558967820843,22306603,594
2019-05-27 14:37:23.278,1.0,sell,8802.04,BTC-31MAY19-8000-C,107.9,0.102,1.0,3,1558967843278,22306641,595
2019-05-27 14:37:25.557,1.0,sell,8801.89,BTC-31MAY19-8000-C,107.94,0.102,1.0,3,1558967845557,22306649,596
2019-05-27 14:37:38.548,1.0,sell,8802.95,BTC-31MAY19-8000-C,107.62,0.102,1.0,3,1558967858548,22306667,597
2019-05-27 14:41:11.144,2.0,sell,8818.67,BTC-31MAY19-8000-C,117.85,0.106,2.0,0,1558968071144,22307158,598
2019-05-27 15:00:31.494,1.0,buy,8792.24,BTC-31MAY19-8000-C,111.16,0.102,1.0,2,1558969231494,22308542,599
2019-05-27 16:25:17.708,0.4,sell,8875.57,BTC-31MAY19-8000-C,114.85,0.1095,0.4,0,1558974317708,22320678,600
2019-05-27 16:33:24.270,0.2,sell,8907.3,BTC-31MAY19-8000-C,120.62,0.1135,0.2,0,1558974804270,22321337,601
2019-05-27 16:39:18.663,0.1,sell,8899.34,BTC-31MAY19-8000-C,123.18,0.1135,0.1,1,1558975158663,22322686,602
2019-05-27 16:43:30.073,0.8,sell,8679.35,BTC-31MAY19-8000-C,117.55,0.0945,0.8,2,1558975410073,22326709,603
2019-05-27 16:55:29.533,0.2,sell,8721.75,BTC-31MAY19-8000-C,113.03,0.0965,0.2,0,1558976129533,22335259,604
2019-05-27 18:37:21.891,0.5,buy,8756.97,BTC-31MAY19-8000-C,107.3,0.0975,0.5,0,1558982241891,22346788,605
2019-05-27 18:37:29.194,0.5,buy,8757.29,BTC-31MAY19-8000-C,107.2,0.0975,0.5,1,1558982249194,22346790,606
2019-05-27 18:41:33.418,0.1,sell,8752.73,BTC-31MAY19-8000-C,106.78,0.09699999999999999,0.1,2,1558982493418,22346874,607
2019-05-27 18:44:42.911,0.1,buy,8757.71,BTC-31MAY19-8000-C,128.82,0.1035,0.1,0,1558982682911,22346920,608
2019-05-27 18:45:56.116,0.1,sell,8761.04,BTC-31MAY19-8000-C,108.03,0.098,0.1,2,1558982756116,22346947,609
2019-05-27 19:27:14.694,0.2,sell,8800.59,BTC-31MAY19-8000-C,113.35,0.1025,0.2,0,1558985234694,22352033,610
2019-05-27 20:02:01.071,0.2,sell,8825.72,BTC-31MAY19-8000-C,113.54,0.1045,0.2,0,1558987321071,22353541,611
2019-05-28 02:02:48.958,0.1,sell,8789.05,BTC-31MAY19-8000-C,107.48,0.099,0.1,2,1559008968958,22372091,612
2019-05-28 08:27:12.077,0.4,buy,8721.65,BTC-31MAY19-8000-C,118.81,0.095,0.4,2,1559032032077,22391186,613
2019-05-28 08:27:46.795,0.4,buy,8722.55,BTC-31MAY19-8000-C,122.51,0.096,0.4,0,1559032066795,22391199,614
2019-05-28 13:02:34.502,1.0,sell,8730.51,BTC-31MAY19-8000-C,96.75,0.09,1.0,2,1559048554502,22403856,615
2019-05-28 13:30:27.960,8.0,buy,8554.71,BTC-31MAY19-8000-C,101.9,0.076,8.0,2,1559050227960,22410938,616
2019-05-28 15:38:40.856,8.0,buy,8696.08,BTC-31MAY19-8000-C,127.65,0.0935,8.0,0,1559057920856,22421642,617
2019-05-28 16:27:57.492,5.0,sell,8652.47,BTC-31MAY19-8000-C,118.31,0.0875,5.0,2,1559060877492,22425850,618
2019-05-28 16:31:40.426,1.0,sell,8670.01,BTC-31MAY19-8000-C,112.18,0.0875,1.0,3,1559061100426,22426097,619
2019-05-28 17:40:57.187,0.4,sell,8779.13,BTC-31MAY19-8000-C,112.05,0.0965,0.4,0,1559065257187,22432561,620
2019-05-28 18:43:06.025,0.4,buy,8763.42,BTC-31MAY19-8000-C,124.23,0.0975,0.4,0,1559068986025,22437397,621
2019-05-28 18:43:06.025,0.1,buy,8763.42,BTC-31MAY19-8000-C,212.6,0.12,0.1,0,1559068986025,22437398,622
2019-05-28 18:43:06.025,0.7000000000000001,buy,8763.42,BTC-31MAY19-8000-C,239.16,0.1275,0.7000000000000001,0,1559068986025,22437399,623
2019-05-28 20:00:01.070,0.6,buy,8697.09,BTC-31MAY19-8000-C,106.91,0.08800000000000001,0.6,2,1559073601070,22445272,624
2019-05-28 20:00:30.318,2.4,buy,8707.84,BTC-31MAY19-8000-C,102.16,0.08800000000000001,2.4,3,1559073630318,22445403,625
2019-05-29 01:43:25.725,0.2,sell,8684.79,BTC-31MAY19-8000-C,96.27,0.084,0.2,2,1559094205725,22456493,626
2019-05-29 05:51:19.218,0.6,sell,8459.93,BTC-31MAY19-8000-C,112.17,0.067,0.6,2,1559109079218,22478179,627
2019-05-29 05:51:20.379,0.1,sell,8459.9,BTC-31MAY19-8000-C,112.18,0.067,0.1,3,1559109080379,22478194,628
2019-05-29 10:18:00.776,3.0,buy,8641.59,BTC-31MAY19-8000-C,126.47,0.084,3.0,0,1559125080776,22499005,629
2019-05-29 13:41:14.020,0.1,buy,8718.8,BTC-31MAY19-8000-C,100.85,0.086,0.1,0,1559137274020,22513336,630
2019-05-29 13:59:15.746,0.4,sell,8744.89,BTC-31MAY19-8000-C,113.41,0.09,0.4,0,1559138355746,22516276,631
2019-05-29 14:00:19.785,0.6,buy,8736.75,BTC-31MAY19-8000-C,107.81,0.0885,0.6,2,1559138419785,22516439,632
2019-05-29 15:39:27.360,0.4,buy,8717.6,BTC-31MAY19-8000-C,125.5,0.08900000000000001,0.4,0,1559144367360,22523135,633
2019-05-29 15:39:30.265,0.3,sell,8717.48,BTC-31MAY19-8000-C,125.56,0.08900000000000001,0.3,1,1559144370265,22523140,634
2019-05-30 05:35:56.614,2.0,sell,8746.74,BTC-31MAY19-8000-C,177.81,0.0945,2.0,0,1559194556614,22583302,635
2019-05-30 06:31:29.392,0.1,sell,8732.52,BTC-31MAY19-8000-C,121.24,0.0865,0.1,2,1559197889392,22585834,636
2019-05-30 09:08:07.585,0.1,buy,8710.08,BTC-31MAY19-8000-C,0.0,0.0435,0.1,2,1559207287585,22591354,637
2019-05-30 11:47:34.383,0.1,buy,8724.87,BTC-31MAY19-8000-C,180.66,0.09,0.1,0,1559216854383,22598967,638
2019-05-30 15:47:24.473,7.0,buy,8876.16,BTC-31MAY19-8000-C,147.74,0.1,7.0,0,1559231244473,22613497,639
2019-05-30 16:02:12.949,0.4,sell,9002.94,BTC-31MAY19-8000-C,0.0,0.109,0.4,0,1559232132949,22622405,640
2019-05-30 16:02:12.949,2.6,sell,9002.94,BTC-31MAY19-8000-C,0.0,0.106,2.6,2,1559232132949,22622406,641
2019-05-30 16:07:24.525,0.4,buy,9017.63,BTC-31MAY19-8000-C,219.25,0.11699999999999999,0.4,0,1559232444525,22626875,642
2019-05-30 16:12:24.446,0.1,sell,8925.47,BTC-31MAY19-8000-C,0.0,0.0985,0.1,2,1559232744446,22630218,643
2019-05-30 16:18:28.334,0.2,sell,8723.08,BTC-31MAY19-8000-C,166.91,0.0865,0.2,2,1559233108334,22642354,644
2019-05-30 17:43:04.660,1.2,sell,8630.42,BTC-31MAY19-8000-C,175.42,0.078,1.2,2,1559238184660,22668693,645
2019-05-30 21:23:52.171,0.5,sell,8213.7,BTC-31MAY19-8000-C,109.87,0.0315,0.5,2,1559251432171,22710683,646
2019-05-30 21:33:28.267,1.1,buy,8115.63,BTC-31MAY19-8000-C,135.32,0.0265,1.1,2,1559252008267,22726780,647
2019-05-30 22:07:34.864,0.4,buy,8257.77,BTC-31MAY19-8000-C,134.16,0.0375,0.4,0,1559254054864,22740686,648
2019-05-30 22:08:08.034,0.4,sell,8262.73,BTC-31MAY19-8000-C,139.62,0.0385,0.4,0,1559254088034,22740997,649
2019-05-30 22:09:28.582,0.2,buy,8253.1,BTC-31MAY19-8000-C,147.6,0.0385,0.2,1,1559254168582,22741498,650
2019-05-30 23:15:34.211,1.4,buy,8211.46,BTC-31MAY19-8000-C,174.88,0.037000000000000005,1.4,2,1559258134211,22749947,651
2019-05-31 00:24:43.878,0.5,buy,8309.59,BTC-31MAY19-8000-C,0.0,0.036,0.5,2,1559262283878,22755256,652
