date_utc,amount,direction,indexPrice,instrument,iv,price,quantity,tickDirection,timeStamp,tradeId,tradeSeq
2019-05-26 22:40:24.602,16.0,sell,8650.61,BTC-28JUN19-8500-P,81.86,0.07400000000000001,16.0,1,1558910424602,22223420,1
2019-05-26 23:25:42.109,5.0,buy,8715.98,BTC-28JUN19-8500-P,85.22,0.0745,5.0,0,1558913142109,22228448,2
2019-05-26 23:27:16.984,5.0,buy,8734.11,BTC-28JUN19-8500-P,85.7,0.07400000000000001,5.0,2,1558913236984,22228761,3
2019-05-26 23:34:38.972,4.0,sell,8753.34,BTC-28JUN19-8500-P,85.75,0.0735,4.0,3,1558913678972,22229826,5
2019-05-26 23:34:38.972,6.0,sell,8753.34,BTC-28JUN19-8500-P,85.75,0.0735,6.0,2,1558913678972,22229825,4
2019-05-27 00:24:33.029,5.0,sell,8927.82,BTC-28JUN19-8500-P,97.84,0.0795,5.0,0,1558916673029,22243888,6
2019-05-27 00:55:27.723,2.0,buy,8874.52,BTC-28JUN19-8500-P,98.56,0.0835,2.0,0,1558918527723,22252160,7
2019-05-27 01:29:51.727,2.0,buy,8827.5,BTC-28JUN19-8500-P,98.68,0.0865,2.0,0,1558920591727,22259573,8
2019-05-27 01:36:46.163,3.0,sell,8843.9,BTC-28JUN19-8500-P,94.72,0.081,3.0,2,1558921006163,22260109,9
2019-05-27 02:29:59.537,0.5,sell,8771.14,BTC-28JUN19-8500-P,88.51,0.077,0.5,2,1558924199537,22266159,10
2019-05-27 10:38:41.546,3.0,sell,8735.61,BTC-28JUN19-8500-P,92.35,0.0815,3.0,0,1558953521546,22286447,11
2019-05-27 12:01:05.045,6.0,sell,8739.53,BTC-28JUN19-8500-P,96.82,0.085,6.0,0,1558958465045,22290678,12
2019-05-27 12:13:57.572,3.3000000000000003,sell,8832.86,BTC-28JUN19-8500-P,91.53,0.075,3.3000000000000003,3,1558959237572,22295276,15
2019-05-27 12:13:57.572,5.0,sell,8832.86,BTC-28JUN19-8500-P,91.53,0.075,5.0,3,1558959237572,22295275,14
2019-05-27 12:13:57.572,11.7,sell,8832.86,BTC-28JUN19-8500-P,91.53,0.075,11.7,2,1558959237572,22295274,13
2019-05-27 12:56:03.548,3.0,buy,8796.34,BTC-28JUN19-8500-P,100.53,0.0875,3.0,0,1558961763548,22298906,16
2019-05-27 13:36:09.359,0.5,sell,8813.62,BTC-28JUN19-8500-P,99.2,0.085,0.5,2,1558964169359,22302895,17
2019-05-27 15:38:51.255,3.5,sell,8879.7,BTC-28JUN19-8500-P,92.69,0.0735,3.5,2,1558971531255,22314362,18
2019-05-27 15:40:15.478,1.0,buy,8882.12,BTC-28JUN19-8500-P,95.92,0.077,1.0,0,1558971615478,22314586,19
2019-05-27 15:44:33.781,1.5,sell,8901.5,BTC-28JUN19-8500-P,91.8,0.0715,1.5,2,1558971873781,22315744,20
2019-05-27 16:34:09.577,1.0,buy,8909.34,BTC-28JUN19-8500-P,95.97,0.076,1.0,0,1558974849577,22321435,21
2019-05-27 23:10:38.947,0.5,sell,8809.93,BTC-28JUN19-8500-P,94.42,0.08,0.5,0,1558998638947,22361950,22
2019-05-27 23:21:21.685,3.0,sell,8836.69,BTC-28JUN19-8500-P,95.09,0.079,3.0,2,1558999281685,22363722,23
2019-05-27 23:22:22.036,3.0,sell,8825.11,BTC-28JUN19-8500-P,95.46,0.08,3.0,0,1558999342036,22363920,24
2019-05-27 23:23:43.866,1.0,sell,8824.01,BTC-28JUN19-8500-P,91.25,0.0755,1.0,2,1558999423866,22364073,25
2019-05-28 08:13:17.303,0.4,buy,8731.42,BTC-28JUN19-8500-P,95.53,0.0845,0.4,0,1559031197303,22390717,26
2019-05-28 13:35:28.015,0.5,buy,8624.84,BTC-28JUN19-8500-P,97.22,0.093,0.5,0,1559050528015,22414977,27
2019-05-28 15:14:52.158,0.2,buy,8695.53,BTC-28JUN19-8500-P,96.74,0.0895,0.2,2,1559056492158,22420838,28
2019-05-28 18:39:13.124,1.0,sell,8756.66,BTC-28JUN19-8500-P,90.44,0.078,1.0,2,1559068753124,22437278,29
2019-05-28 19:22:55.235,10.8,buy,8708.14,BTC-28JUN19-8500-P,91.7,0.08199999999999999,10.8,0,1559071375235,22439383,30
2019-05-28 19:22:59.381,0.9,buy,8694.15,BTC-28JUN19-8500-P,91.15,0.08199999999999999,0.9,1,1559071379381,22439507,31
2019-05-28 19:23:04.706,2.5,buy,8685.15,BTC-28JUN19-8500-P,90.68,0.08199999999999999,2.5,1,1559071384706,22439732,32
2019-05-28 19:23:09.248,5.0,buy,8672.73,BTC-28JUN19-8500-P,90.05,0.08199999999999999,5.0,1,1559071389248,22439899,33
2019-05-28 19:23:12.209,0.3,buy,8665.93,BTC-28JUN19-8500-P,89.9,0.08199999999999999,0.3,1,1559071392209,22439988,34
2019-05-28 19:23:12.478,0.4,buy,8665.93,BTC-28JUN19-8500-P,89.76,0.08199999999999999,0.4,1,1559071392478,22439991,35
2019-05-28 19:23:13.528,2.1,buy,8663.55,BTC-28JUN19-8500-P,89.78,0.08199999999999999,2.1,1,1559071393528,22440066,36
2019-05-28 19:23:13.886,3.0,buy,8663.55,BTC-28JUN19-8500-P,89.78,0.08199999999999999,3.0,1,1559071393886,22440084,37
2019-05-29 04:29:03.843,1.0,buy,8577.49,BTC-28JUN19-8500-P,91.1,0.09,1.0,0,1559104143843,22465304,38
2019-05-29 04:29:58.224,1.0,buy,8587.66,BTC-28JUN19-8500-P,94.03,0.0925,1.0,0,1559104198224,22465475,39
2019-05-29 04:48:09.342,5.0,sell,8577.69,BTC-28JUN19-8500-P,89.12,0.08800000000000001,5.0,2,1559105289342,22470089,40
2019-05-29 04:48:28.652,1.0,sell,8579.16,BTC-28JUN19-8500-P,89.19,0.08800000000000001,1.0,3,1559105308652,22470099,41
2019-05-29 05:42:45.039,0.1,buy,8470.26,BTC-28JUN19-8500-P,93.8,0.101,0.1,0,1559108565039,22476949,42
2019-05-29 06:00:57.654,0.1,buy,8452.25,BTC-28JUN19-8500-P,93.53,0.1025,0.1,0,1559109657654,22480425,43
2019-05-29 06:33:31.827,0.1,buy,8530.57,BTC-28JUN19-8500-P,93.56,0.0985,0.1,2,1559111611827,22482626,44
2019-05-29 06:44:35.252,0.5,sell,8506.24,BTC-28JUN19-8500-P,89.27,0.095,0.5,2,1559112275252,22483815,45
2019-05-29 10:58:17.032,0.1,sell,8662.56,BTC-28JUN19-8500-P,87.79,0.0835,0.1,2,1559127497032,22502686,46
2019-05-29 10:58:17.032,0.1,sell,8662.56,BTC-28JUN19-8500-P,87.33,0.083,0.1,2,1559127497032,22502687,47
2019-05-29 13:29:52.102,5.0,sell,8727.43,BTC-28JUN19-8500-P,88.96,0.081,5.0,2,1559136592102,22510509,48
2019-05-29 13:30:17.103,1.0,sell,8722.71,BTC-28JUN19-8500-P,88.15,0.0805,1.0,2,1559136617103,22510661,49
2019-05-29 13:31:34.043,2.0,buy,8725.2,BTC-28JUN19-8500-P,88.18,0.0805,2.0,3,1559136694043,22510811,50
2019-05-29 13:32:42.600,1.0,sell,8740.95,BTC-28JUN19-8500-P,88.29,0.0795,1.0,2,1559136762600,22511367,51
2019-05-29 13:33:08.496,1.0,buy,8739.18,BTC-28JUN19-8500-P,90.37,0.08199999999999999,1.0,0,1559136788496,22511478,52
2019-05-29 13:33:14.572,1.0,sell,8738.68,BTC-28JUN19-8500-P,88.44,0.08,1.0,2,1559136794572,22511489,53
2019-05-29 13:44:52.308,4.0,buy,8707.99,BTC-28JUN19-8500-P,88.61,0.08199999999999999,4.0,0,1559137492308,22513909,54
2019-05-29 14:13:20.660,4.0,buy,8724.06,BTC-28JUN19-8500-P,90.39,0.08199999999999999,4.0,1,1559139200660,22518056,55
2019-05-29 14:22:11.381,4.0,buy,8721.19,BTC-28JUN19-8500-P,90.45,0.08199999999999999,4.0,1,1559139731381,22518579,56
2019-05-29 14:42:31.318,1.0,buy,8708.72,BTC-28JUN19-8500-P,90.16,0.0825,1.0,0,1559140951318,22519779,57
2019-05-29 14:48:54.294,1.0,buy,8703.85,BTC-28JUN19-8500-P,91.59,0.0845,1.0,0,1559141334294,22520503,58
2019-05-30 01:31:24.681,1.0,sell,8693.79,BTC-28JUN19-8500-P,88.76,0.081,1.0,2,1559179884681,22555894,59
2019-05-30 01:42:00.656,5.0,buy,8645.63,BTC-28JUN19-8500-P,90.33,0.0855,5.0,0,1559180520656,22558197,60
2019-05-30 10:11:13.496,1.5,sell,8741.68,BTC-28JUN19-8500-P,91.27,0.0785,1.5,2,1559211073496,22594166,61
2019-05-30 10:23:24.943,3.5,sell,8741.38,BTC-28JUN19-8500-P,91.0,0.0785,3.5,3,1559211804943,22595011,62
2019-05-30 11:20:06.662,1.0,sell,8728.75,BTC-28JUN19-8500-P,86.73,0.075,1.0,2,1559215206662,22598073,63
2019-05-30 12:01:41.145,3.0,buy,8709.88,BTC-28JUN19-8500-P,88.08,0.078,3.0,0,1559217701145,22599426,64
2019-05-30 14:05:36.764,4.0,buy,8715.7,BTC-28JUN19-8500-P,91.27,0.081,4.0,0,1559225136764,22604583,65
2019-05-30 16:05:02.473,2.0,sell,9065.95,BTC-28JUN19-8500-P,87.54,0.06,2.0,2,1559232302473,22625308,66
2019-05-30 16:14:44.563,5.0,buy,8918.0,BTC-28JUN19-8500-P,91.6,0.0715,5.0,0,1559232884563,22631865,67
2019-05-30 16:14:44.666,5.0,sell,8918.0,BTC-28JUN19-8500-P,91.6,0.0715,5.0,1,1559232884666,22631866,68
2019-05-30 16:16:08.922,0.6,buy,8751.99,BTC-28JUN19-8500-P,91.93,0.081,0.6,0,1559232968922,22634762,69
2019-05-30 16:22:41.154,5.0,buy,8711.54,BTC-28JUN19-8500-P,91.33,0.0825,5.0,0,1559233361154,22647378,70
2019-05-30 16:23:17.925,5.0,buy,8707.48,BTC-28JUN19-8500-P,91.49,0.083,5.0,0,1559233397925,22647616,71
2019-05-30 16:24:22.539,5.0,buy,8682.97,BTC-28JUN19-8500-P,91.08,0.084,5.0,0,1559233462539,22648170,72
2019-05-30 16:24:26.903,5.0,buy,8690.1,BTC-28JUN19-8500-P,91.39,0.084,5.0,1,1559233466903,22648235,73
2019-05-30 16:24:56.635,5.0,buy,8702.22,BTC-28JUN19-8500-P,91.81,0.084,5.0,1,1559233496635,22648576,74
2019-05-30 16:25:30.097,4.0,buy,8711.08,BTC-28JUN19-8500-P,92.24,0.084,4.0,1,1559233530097,22648723,75
2019-05-30 16:39:20.407,5.0,sell,8710.61,BTC-28JUN19-8500-P,90.51,0.08199999999999999,5.0,2,1559234360407,22653029,76
2019-05-30 18:52:53.117,0.1,sell,8641.62,BTC-28JUN19-8500-P,86.64,0.08199999999999999,0.1,3,1559242373117,22673515,77
2019-05-30 19:01:48.491,3.0,sell,8658.93,BTC-28JUN19-8500-P,87.34,0.08199999999999999,3.0,3,1559242908491,22673936,78
2019-05-30 19:02:39.583,1.9,sell,8653.77,BTC-28JUN19-8500-P,86.91,0.08199999999999999,1.9,3,1559242959583,22674046,79
2019-05-30 21:36:52.278,10.0,sell,8197.78,BTC-28JUN19-8500-P,94.1,0.121,10.0,0,1559252212278,22728441,80
2019-05-30 22:07:39.725,2.0,buy,8258.68,BTC-28JUN19-8500-P,94.92,0.118,2.0,2,1559254059725,22740745,81
2019-05-31 00:40:48.321,0.1,sell,8314.03,BTC-28JUN19-8500-P,87.68,0.1055,0.1,2,1559263248321,22755703,82
2019-05-31 00:40:48.324,0.9,buy,8314.03,BTC-28JUN19-8500-P,87.68,0.1055,0.9,3,1559263248324,22755704,83
2019-05-31 04:33:14.854,0.1,buy,8193.4,BTC-28JUN19-8500-P,88.26,0.1155,0.1,0,1559277194854,22768246,84
2019-05-31 09:12:07.668,11.0,buy,8300.34,BTC-28JUN19-8500-P,89.09,0.109,11.0,2,1559293927668,22786536,85
2019-05-31 12:46:08.614,5.0,sell,8298.62,BTC-28JUN19-8500-P,87.25,0.105,5.0,2,1559306768614,22797391,86
2019-05-31 13:02:24.645,6.0,sell,8351.16,BTC-28JUN19-8500-P,89.19,0.103,6.0,2,1559307744645,22798688,87
2019-05-31 15:48:54.729,5.0,buy,8311.45,BTC-28JUN19-8500-P,84.63,0.102,5.0,2,1559317734729,22814302,88
2019-05-31 20:56:09.249,2.0,sell,8510.75,BTC-28JUN19-8500-P,82.58,0.083,2.0,2,1559336169249,22841658,89
2019-05-31 23:28:08.590,0.1,sell,8552.41,BTC-28JUN19-8500-P,83.66,0.0815,0.1,2,1559345288590,22850781,90
2019-06-01 16:03:24.093,0.1,buy,8538.55,BTC-28JUN19-8500-P,86.99,0.085,0.1,0,1559405004093,22889559,91
2019-06-02 00:22:16.380,1.0,sell,8566.91,BTC-28JUN19-8500-P,82.41,0.079,1.0,2,1559434936380,22906592,92
2019-06-02 07:36:08.321,5.0,sell,8661.87,BTC-28JUN19-8500-P,86.83,0.0775,5.0,2,1559460968321,22917112,93
2019-06-02 07:36:19.062,10.0,sell,8672.43,BTC-28JUN19-8500-P,86.8,0.077,10.0,2,1559460979062,22917247,94
2019-06-02 07:36:19.062,8.0,sell,8672.43,BTC-28JUN19-8500-P,86.8,0.077,8.0,3,1559460979062,22917248,95
2019-06-02 07:39:36.423,3.0,sell,8713.74,BTC-28JUN19-8500-P,87.33,0.075,3.0,2,1559461176423,22918790,96
2019-06-02 07:39:42.682,4.4,sell,8713.97,BTC-28JUN19-8500-P,87.53,0.075,4.4,3,1559461182682,22919125,97
2019-06-02 07:39:42.807,1.0,sell,8713.97,BTC-28JUN19-8500-P,87.53,0.075,1.0,3,1559461182807,22919130,99
2019-06-02 07:39:42.807,2.6,sell,8713.97,BTC-28JUN19-8500-P,87.53,0.075,2.6,3,1559461182807,22919129,98
2019-06-02 07:59:57.757,0.4,sell,8710.17,BTC-28JUN19-8500-P,83.97,0.071,0.4,2,1559462397757,22922717,100
2019-06-02 08:02:12.288,7.5,sell,8719.02,BTC-28JUN19-8500-P,83.76,0.0705,7.5,2,1559462532288,22922946,101
2019-06-02 08:16:40.801,5.0,buy,8699.1,BTC-28JUN19-8500-P,88.19,0.076,5.0,1,1559463400801,22923723,103
2019-06-02 08:16:40.801,5.0,buy,8699.1,BTC-28JUN19-8500-P,88.19,0.076,5.0,0,1559463400801,22923722,102
2019-06-02 08:17:54.944,7.5,buy,8699.4,BTC-28JUN19-8500-P,88.03,0.076,7.5,1,1559463474944,22923769,104
2019-06-02 08:17:54.944,2.5,buy,8699.4,BTC-28JUN19-8500-P,88.03,0.076,2.5,1,1559463474944,22923770,105
2019-06-02 08:17:57.481,2.5,buy,8700.3,BTC-28JUN19-8500-P,88.09,0.076,2.5,1,1559463477481,22923771,106
2019-06-02 08:17:57.565,2.5,sell,8700.3,BTC-28JUN19-8500-P,88.09,0.076,2.5,1,1559463477565,22923772,107
2019-06-02 08:18:33.183,4.0,buy,8698.13,BTC-28JUN19-8500-P,88.31,0.0765,4.0,0,1559463513183,22923797,108
2019-06-02 08:20:54.431,5.0,sell,8700.49,BTC-28JUN19-8500-P,85.21,0.073,5.0,2,1559463654431,22923896,109
2019-06-02 08:26:53.911,7.5,sell,8711.27,BTC-28JUN19-8500-P,84.33,0.0715,7.5,2,1559464013911,22924064,110
2019-06-02 08:28:56.727,10.0,buy,8716.53,BTC-28JUN19-8500-P,84.96,0.07200000000000001,10.0,0,1559464136727,22924227,111
2019-06-02 08:29:44.706,2.5,buy,8726.26,BTC-28JUN19-8500-P,88.47,0.075,2.5,1,1559464184706,22924401,113
2019-06-02 08:29:44.706,7.5,buy,8726.26,BTC-28JUN19-8500-P,88.47,0.075,7.5,0,1559464184706,22924400,112
2019-06-02 08:30:05.236,8.0,buy,8727.89,BTC-28JUN19-8500-P,88.98,0.0755,8.0,0,1559464205236,22924470,114
2019-06-02 08:36:43.633,4.0,sell,8747.55,BTC-28JUN19-8500-P,87.92,0.073,4.0,2,1559464603633,22925439,115
2019-06-02 08:37:32.940,5.0,buy,8758.57,BTC-28JUN19-8500-P,88.86,0.0735,5.0,0,1559464652940,22925807,116
2019-06-02 08:49:52.795,4.8,buy,8726.26,BTC-28JUN19-8500-P,89.07,0.0755,4.8,0,1559465392795,22926614,118
2019-06-02 08:49:52.795,0.2,buy,8726.26,BTC-28JUN19-8500-P,88.1,0.0745,0.2,0,1559465392795,22926613,117
2019-06-02 08:51:33.282,10.0,buy,8726.95,BTC-28JUN19-8500-P,88.95,0.0755,10.0,1,1559465493282,22926643,119
2019-06-02 09:01:05.138,3.8,buy,8740.22,BTC-28JUN19-8500-P,89.55,0.0755,3.8,1,1559466065138,22926861,121
2019-06-02 09:01:05.138,0.2,buy,8740.22,BTC-28JUN19-8500-P,89.55,0.0755,0.2,1,1559466065138,22926860,120
2019-06-02 09:39:31.061,1.0,buy,8722.62,BTC-28JUN19-8500-P,89.38,0.0765,1.0,0,1559468371061,22927963,122
2019-06-02 09:43:52.312,2.8000000000000003,sell,8721.92,BTC-28JUN19-8500-P,89.5,0.0765,2.8000000000000003,1,1559468632312,22927992,123
2019-06-02 09:46:12.348,1.1,sell,8724.02,BTC-28JUN19-8500-P,89.71,0.0765,1.1,1,1559468772348,22928028,124
2019-06-02 11:20:10.523,1.0,sell,8744.31,BTC-28JUN19-8500-P,87.84,0.073,1.0,2,1559474410523,22930135,125
2019-06-02 11:59:22.830,2.0,buy,8743.03,BTC-28JUN19-8500-P,90.37,0.076,2.0,0,1559476762830,22930950,126
2019-06-02 12:01:31.858,1.0,buy,8756.37,BTC-28JUN19-8500-P,90.64,0.0755,1.0,2,1559476891858,22931252,127
2019-06-02 12:02:16.452,7.5,sell,8804.79,BTC-28JUN19-8500-P,90.97,0.073,7.5,2,1559476936452,22932266,128
2019-06-02 12:02:26.636,2.5,sell,8807.25,BTC-28JUN19-8500-P,91.17,0.073,2.5,3,1559476946636,22932621,129
2019-06-02 12:04:00.004,4.0,sell,8831.03,BTC-28JUN19-8500-P,90.39,0.071,4.0,2,1559477040004,22933483,130
2019-06-02 12:05:27.700,4.0,buy,8806.28,BTC-28JUN19-8500-P,90.59,0.0725,4.0,0,1559477127700,22933789,131
2019-06-02 12:32:44.698,1.0,buy,8805.04,BTC-28JUN19-8500-P,91.12,0.0735,1.0,0,1559478764698,22935981,132
2019-06-02 12:47:40.277,2.0,sell,8827.14,BTC-28JUN19-8500-P,89.79,0.071,2.0,2,1559479660277,22936762,133
2019-06-02 13:08:40.408,0.2,sell,8731.39,BTC-28JUN19-8500-P,85.33,0.0715,0.2,0,1559480920408,22940814,134
2019-06-02 13:48:41.594,0.2,buy,8708.77,BTC-28JUN19-8500-P,88.55,0.0765,0.2,0,1559483321594,22946145,135
2019-06-02 17:39:09.305,3.0,buy,8689.36,BTC-28JUN19-8500-P,89.06,0.077,3.0,1,1559497149305,22953695,137
2019-06-02 17:39:09.305,5.0,buy,8689.36,BTC-28JUN19-8500-P,89.06,0.077,5.0,0,1559497149305,22953694,136
2019-06-02 21:44:40.816,3.0,sell,8706.62,BTC-28JUN19-8500-P,83.77,0.071,3.0,2,1559511880816,22960883,138
2019-06-02 22:42:09.547,10.0,sell,8738.11,BTC-28JUN19-8500-P,85.5,0.0705,10.0,2,1559515329547,22963427,139
2019-06-03 04:18:00.891,10.0,sell,8687.56,BTC-28JUN19-8500-P,82.8,0.07,10.0,2,1559535480891,22978572,140
2019-06-03 10:43:57.005,6.2,buy,8509.42,BTC-28JUN19-8500-P,88.15,0.086,6.2,0,1559558637005,23018223,142
2019-06-03 10:43:57.005,0.2,buy,8509.42,BTC-28JUN19-8500-P,87.67,0.0855,0.2,0,1559558637005,23018222,141
2019-06-03 13:56:59.436,0.2,buy,8441.44,BTC-28JUN19-8500-P,82.15,0.085,0.2,2,1559570219436,23030804,143
2019-06-03 13:57:25.080,1.8,buy,8454.79,BTC-28JUN19-8500-P,83.18,0.085,1.8,3,1559570245080,23031072,144
2019-06-03 13:57:49.633,1.2,sell,8452.89,BTC-28JUN19-8500-P,87.11,0.08900000000000001,1.2,0,1559570269633,23031168,145
2019-06-03 18:23:30.066,0.2,buy,8500.76,BTC-28JUN19-8500-P,85.61,0.0835,0.2,2,1559586210066,23061474,146
2019-06-03 18:23:33.346,0.2,buy,8501.6,BTC-28JUN19-8500-P,85.24,0.083,0.2,2,1559586213346,23061478,147
2019-06-04 00:06:46.270,0.2,buy,7868.65,BTC-28JUN19-8500-P,86.81,0.132,0.2,0,1559606806270,23123766,148
2019-06-04 00:09:56.639,5.0,buy,7756.82,BTC-28JUN19-8500-P,89.06,0.1455,5.0,0,1559606996639,23129645,149
2019-06-04 00:27:48.352,0.1,sell,7959.67,BTC-28JUN19-8500-P,81.42,0.1195,0.1,2,1559608068352,23138688,150
2019-06-04 04:12:23.336,1.5,buy,7870.46,BTC-28JUN19-8500-P,89.96,0.13699999999999998,1.5,0,1559621543336,23162715,151
2019-06-04 06:38:49.382,0.2,sell,7822.29,BTC-28JUN19-8500-P,87.98,0.14,0.2,0,1559630329382,23175849,152
2019-06-04 06:38:57.150,6.8,sell,7835.65,BTC-28JUN19-8500-P,90.92,0.141,6.8,0,1559630337150,23175907,153
2019-06-04 12:17:17.294,0.2,sell,7924.18,BTC-28JUN19-8500-P,83.85,0.127,0.2,2,1559650637294,23204292,154
2019-06-04 17:43:23.498,0.2,sell,7611.49,BTC-28JUN19-8500-P,76.35,0.1515,0.2,0,1559670203498,23250445,155
2019-06-04 18:02:17.245,0.5,buy,7618.5,BTC-28JUN19-8500-P,90.07,0.162,0.5,0,1559671337245,23262742,156
2019-06-04 18:02:17.245,5.0,buy,7618.5,BTC-28JUN19-8500-P,91.63,0.1635,5.0,0,1559671337245,23262743,157
2019-06-04 18:02:17.245,4.5,buy,7618.5,BTC-28JUN19-8500-P,98.89,0.1705,4.5,0,1559671337245,23262744,158
2019-06-04 18:41:31.674,5.0,sell,7709.01,BTC-28JUN19-8500-P,86.41,0.15,5.0,2,1559673691674,23268511,159
2019-06-04 19:03:08.679,0.1,sell,7670.56,BTC-28JUN19-8500-P,83.77,0.1515,0.1,0,1559674988679,23270859,160
2019-06-04 19:35:00.001,15.0,sell,7592.63,BTC-28JUN19-8500-P,96.08,0.171,15.0,0,1559676900001,23284907,161
2019-06-04 21:59:46.638,0.1,buy,7486.1,BTC-28JUN19-8500-P,85.75,0.17300000000000001,0.1,0,1559685586638,23304083,162
2019-06-06 09:02:40.972,0.2,buy,7805.77,BTC-28JUN19-8500-P,76.44,0.1295,0.2,2,1559811760972,23447669,163
2019-06-06 23:07:28.272,6.4,sell,7759.98,BTC-28JUN19-8500-P,72.88,0.132,6.4,0,1559862448272,23537346,164
2019-06-07 12:00:08.572,2.0,sell,7917.25,BTC-28JUN19-8500-P,70.7,0.111,2.0,2,1559908808572,23586027,165
2019-06-07 13:53:49.026,0.2,sell,7984.42,BTC-28JUN19-8500-P,76.21,0.1105,0.2,2,1559915629026,23589469,166
2019-06-07 15:52:15.276,1.5,sell,7943.2,BTC-28JUN19-8500-P,71.98,0.11,1.5,2,1559922735276,23592578,167
2019-06-07 15:52:40.236,0.1,sell,7943.31,BTC-28JUN19-8500-P,71.99,0.11,0.1,3,1559922760236,23592579,168
2019-06-07 15:55:35.869,1.6,buy,7944.28,BTC-28JUN19-8500-P,78.85,0.11599999999999999,1.6,0,1559922935869,23592643,169
2019-06-07 18:19:44.746,1.0,sell,8100.2,BTC-28JUN19-8500-P,71.89,0.0965,1.0,2,1559931584746,23605776,170
2019-06-07 19:13:51.394,1.0,buy,8069.21,BTC-28JUN19-8500-P,72.99,0.1,1.0,0,1559934831394,23608317,171
2019-06-08 06:11:54.243,0.4,buy,7960.32,BTC-28JUN19-8500-P,71.79,0.11,0.4,0,1559974314243,23645545,172
2019-06-08 06:11:54.379,0.4,buy,7960.64,BTC-28JUN19-8500-P,71.79,0.11,0.4,1,1559974314379,23645548,173
2019-06-08 06:12:06.792,0.4,buy,7960.96,BTC-28JUN19-8500-P,71.79,0.11,0.4,1,1559974326792,23645551,174
2019-06-08 06:12:07.214,0.3,buy,7960.96,BTC-28JUN19-8500-P,71.79,0.11,0.3,1,1559974327214,23645553,175
2019-06-09 21:37:21.031,4.0,buy,7655.44,BTC-28JUN19-8500-P,72.09,0.141,4.0,0,1560116241031,23751864,176
2019-06-09 22:09:00.272,5.0,buy,7555.47,BTC-28JUN19-8500-P,82.9,0.1605,5.0,0,1560118140272,23758909,177
2019-06-09 22:09:12.207,5.0,buy,7554.88,BTC-28JUN19-8500-P,86.01,0.163,5.0,0,1560118152207,23758923,178
2019-06-09 22:09:29.640,5.0,buy,7557.17,BTC-28JUN19-8500-P,87.83,0.16399999999999998,5.0,0,1560118169640,23759145,179
2019-06-09 22:12:15.712,10.0,buy,7552.07,BTC-28JUN19-8500-P,86.73,0.1645,10.0,0,1560118335712,23760885,180
2019-06-10 11:28:05.748,0.4,sell,7807.78,BTC-28JUN19-8500-P,77.29,0.1265,0.4,2,1560166085748,23822456,181
2019-06-10 11:28:25.990,0.6,sell,7797.95,BTC-28JUN19-8500-P,75.99,0.1265,0.6,3,1560166105990,23822952,182
2019-06-10 12:23:30.083,7.6,buy,7973.1,BTC-28JUN19-8500-P,75.9,0.111,7.6,2,1560169410083,23845621,183
2019-06-10 13:01:26.995,2.0,sell,7988.43,BTC-28JUN19-8500-P,72.16,0.107,2.0,2,1560171686995,23850616,184
2019-06-10 14:23:24.667,0.4,buy,7941.73,BTC-28JUN19-8500-P,72.4,0.109,0.4,0,1560176604667,23857076,185
2019-06-10 14:23:29.314,4.6000000000000005,buy,7941.52,BTC-28JUN19-8500-P,72.32,0.109,4.6000000000000005,1,1560176609314,23857091,186
2019-06-10 19:51:40.361,0.3,sell,8003.64,BTC-28JUN19-8500-P,73.4,0.1025,0.3,2,1560196300361,23874355,187
2019-06-11 05:01:13.476,2.0,buy,7945.92,BTC-28JUN19-8500-P,76.11,0.109,2.0,0,1560229273476,23893680,188
2019-06-11 16:15:15.614,0.2,buy,7747.72,BTC-28JUN19-8500-P,72.32,0.128,0.2,0,1560269715614,23937346,189
2019-06-12 03:48:38.516,5.0,sell,7981.65,BTC-28JUN19-8500-P,69.2,0.1,5.0,2,1560311318516,23981720,190
2019-06-12 03:48:38.519,5.0,buy,7981.65,BTC-28JUN19-8500-P,69.2,0.1,5.0,3,1560311318519,23981721,191
2019-06-12 12:20:49.072,2.0,sell,8034.55,BTC-28JUN19-8500-P,69.28,0.094,2.0,2,1560342049072,24002531,192
2019-06-12 13:52:51.404,5.0,sell,8019.58,BTC-28JUN19-8500-P,70.23,0.0965,5.0,0,1560347571404,24005621,193
2019-06-12 15:10:33.746,11.9,sell,8093.63,BTC-28JUN19-8500-P,71.46,0.0895,11.9,2,1560352233746,24013026,194
2019-06-12 15:10:34.118,3.0,sell,8093.63,BTC-28JUN19-8500-P,71.46,0.0895,3.0,3,1560352234118,24013106,195
2019-06-12 15:10:34.820,3.1,sell,8095.08,BTC-28JUN19-8500-P,71.68,0.0895,3.1,3,1560352234820,24013176,196
2019-06-12 15:10:35.488,1.5,sell,8103.38,BTC-28JUN19-8500-P,70.21,0.08800000000000001,1.5,2,1560352235488,24013299,197
2019-06-12 15:11:21.476,6.0,sell,8152.46,BTC-28JUN19-8500-P,75.29,0.08800000000000001,6.0,3,1560352281476,24015593,198
2019-06-12 15:11:24.648,12.5,sell,8168.39,BTC-28JUN19-8500-P,76.4,0.08800000000000001,12.5,3,1560352284648,24015839,199
2019-06-12 15:16:12.450,3.0,sell,8274.23,BTC-28JUN19-8500-P,70.84,0.07400000000000001,3.0,2,1560352572450,24021456,200
2019-06-13 10:18:34.100,0.2,buy,8097.81,BTC-28JUN19-8500-P,73.16,0.08900000000000001,0.2,0,1560421114100,24061216,201
2019-06-13 13:42:56.349,0.4,buy,8158.3,BTC-28JUN19-8500-P,74.82,0.0845,0.4,2,1560433376349,24074985,202
2019-06-13 13:43:25.163,0.4,buy,8160.44,BTC-28JUN19-8500-P,71.85,0.08199999999999999,0.4,2,1560433405163,24075003,203
2019-06-13 13:43:27.011,0.4,buy,8160.44,BTC-28JUN19-8500-P,71.85,0.08199999999999999,0.4,3,1560433407011,24075005,204
2019-06-13 13:43:27.279,0.3,buy,8160.44,BTC-28JUN19-8500-P,71.86,0.08199999999999999,0.3,3,1560433407279,24075007,205
2019-06-13 13:43:46.946,0.4,sell,8160.43,BTC-28JUN19-8500-P,72.65,0.0825,0.4,0,1560433426946,24075010,206
2019-06-13 13:43:46.990,0.4,buy,8160.43,BTC-28JUN19-8500-P,72.65,0.0825,0.4,1,1560433426990,24075012,207
2019-06-13 13:44:47.911,5.0,sell,8162.79,BTC-28JUN19-8500-P,72.25,0.08199999999999999,5.0,2,1560433487911,24075021,208
2019-06-13 13:45:07.888,0.1,buy,8162.42,BTC-28JUN19-8500-P,72.22,0.08199999999999999,0.1,3,1560433507888,24075029,209
2019-06-13 18:41:11.992,5.0,sell,8229.22,BTC-28JUN19-8500-P,71.11,0.076,5.0,2,1560451271992,24087263,210
2019-06-13 18:51:50.312,0.1,sell,8255.66,BTC-28JUN19-8500-P,73.39,0.075,0.1,2,1560451910312,24088401,211
2019-06-13 21:20:35.338,2.0,sell,8290.13,BTC-28JUN19-8500-P,70.13,0.07,2.0,2,1560460835338,24095803,212
2019-06-13 21:57:20.217,2.0,sell,8330.18,BTC-28JUN19-8500-P,70.82,0.0675,2.0,2,1560463040217,24099027,213
2019-06-13 22:03:39.763,7.5,buy,8288.96,BTC-28JUN19-8500-P,70.64,0.0705,7.5,0,1560463419763,24099847,214
2019-06-13 22:03:45.009,7.5,buy,8289.74,BTC-28JUN19-8500-P,70.72,0.0705,7.5,1,1560463425009,24099848,215
2019-06-13 22:03:46.831,1.0,buy,8289.74,BTC-28JUN19-8500-P,70.68,0.0705,1.0,1,1560463426831,24099853,216
2019-06-14 07:51:04.146,0.4,sell,8241.88,BTC-28JUN19-8500-P,69.93,0.0735,0.4,0,1560498664146,24117911,217
2019-06-14 07:51:04.148,4.6000000000000005,buy,8241.88,BTC-28JUN19-8500-P,63.42,0.0685,4.6000000000000005,2,1560498664148,24117912,218
2019-06-14 12:17:18.424,0.5,buy,8296.19,BTC-28JUN19-8500-P,67.15,0.0665,0.5,2,1560514638424,24129741,219
2019-06-14 12:18:12.955,0.5,buy,8290.41,BTC-28JUN19-8500-P,66.93,0.0665,0.5,3,1560514692955,24129790,220
2019-06-14 12:37:56.362,1.0,sell,8360.56,BTC-28JUN19-8500-P,69.49,0.063,1.0,2,1560515876362,24133086,221
2019-06-14 13:56:07.746,2.0,sell,8414.63,BTC-28JUN19-8500-P,71.42,0.0605,2.0,2,1560520567746,24141746,222
2019-06-14 14:00:42.212,1.0,sell,8426.79,BTC-28JUN19-8500-P,70.68,0.059000000000000004,1.0,2,1560520842212,24142317,223
2019-06-14 14:28:42.796,5.0,buy,8388.69,BTC-28JUN19-8500-P,72.85,0.0635,5.0,0,1560522522796,24144351,224
2019-06-14 14:28:42.796,15.0,buy,8388.69,BTC-28JUN19-8500-P,72.85,0.0635,15.0,1,1560522522796,24144352,225
2019-06-14 15:31:58.453,0.5,sell,8465.82,BTC-28JUN19-8500-P,72.54,0.057999999999999996,0.5,2,1560526318453,24147239,226
2019-06-14 15:42:49.230,1.0,sell,8447.87,BTC-28JUN19-8500-P,68.43,0.0565,1.0,2,1560526969230,24148111,227
2019-06-14 16:36:16.143,1.0,sell,8408.27,BTC-28JUN19-8500-P,67.94,0.0585,1.0,0,1560530176143,24150416,228
2019-06-14 16:37:24.593,0.7000000000000001,sell,8398.88,BTC-28JUN19-8500-P,68.18,0.0595,0.7000000000000001,0,1560530244593,24150553,229
2019-06-14 16:42:21.206,0.1,buy,8387.05,BTC-28JUN19-8500-P,70.42,0.062,0.1,0,1560530541206,24150917,230
2019-06-14 20:14:56.373,0.5,buy,8425.81,BTC-28JUN19-8500-P,71.09,0.06,0.5,2,1560543296373,24158740,231
2019-06-14 20:44:53.412,0.5,sell,8466.71,BTC-28JUN19-8500-P,70.4,0.057,0.5,2,1560545093412,24160022,232
2019-06-14 21:39:41.222,0.5,sell,8626.67,BTC-28JUN19-8500-P,74.43,0.05,0.5,2,1560548381222,24174261,233
2019-06-14 22:16:17.431,1.0,sell,8662.51,BTC-28JUN19-8500-P,74.39,0.0475,1.0,2,1560550577431,24178597,234
2019-06-15 00:19:23.627,7.4,sell,8674.54,BTC-28JUN19-8500-P,72.91,0.0455,7.4,2,1560557963627,24187855,235
2019-06-15 00:19:45.842,7.3,sell,8674.3,BTC-28JUN19-8500-P,71.39,0.0445,7.3,2,1560557985842,24187867,236
2019-06-15 00:19:53.006,5.0,sell,8679.05,BTC-28JUN19-8500-P,71.69,0.0445,5.0,3,1560557993006,24187885,237
2019-06-15 00:20:21.460,0.3,sell,8673.98,BTC-28JUN19-8500-P,70.94,0.044,0.3,2,1560558021460,24187983,238
2019-06-15 04:42:36.673,0.1,sell,8641.99,BTC-28JUN19-8500-P,70.36,0.0445,0.1,0,1560573756673,24194713,239
2019-06-15 04:45:00.494,1.0,sell,8641.5,BTC-28JUN19-8500-P,70.85,0.045,1.0,0,1560573900494,24194800,240
2019-06-15 04:53:05.371,1.3,buy,8643.79,BTC-28JUN19-8500-P,73.36,0.0465,1.3,0,1560574385371,24194885,241
2019-06-15 06:54:05.568,0.5,sell,8763.72,BTC-28JUN19-8500-P,73.83,0.04,0.5,2,1560581645568,24199654,242
2019-06-15 08:12:22.191,0.5,sell,8712.22,BTC-28JUN19-8500-P,69.96,0.04,0.5,3,1560586342191,24205275,243
2019-06-15 08:12:22.191,2.0,sell,8712.22,BTC-28JUN19-8500-P,69.96,0.04,2.0,3,1560586342191,24205276,244
2019-06-15 13:41:59.384,1.0,sell,8646.86,BTC-28JUN19-8500-P,70.17,0.043,1.0,0,1560606119384,24212840,245
2019-06-15 15:04:34.555,0.4,buy,8712.06,BTC-28JUN19-8500-P,71.14,0.04,0.4,2,1560611074555,24216257,246
2019-06-15 15:09:27.443,0.2,buy,8703.2,BTC-28JUN19-8500-P,70.54,0.04,0.2,3,1560611367443,24216377,247
2019-06-15 15:11:33.961,0.2,buy,8708.84,BTC-28JUN19-8500-P,70.85,0.04,0.2,3,1560611493961,24216455,248
2019-06-15 15:11:59.027,5.0,sell,8714.53,BTC-28JUN19-8500-P,70.61,0.0395,5.0,2,1560611519027,24216476,249
2019-06-15 15:11:59.027,0.2,sell,8714.53,BTC-28JUN19-8500-P,70.61,0.0395,0.2,3,1560611519027,24216477,250
2019-06-15 15:23:59.868,1.0,sell,8747.56,BTC-28JUN19-8500-P,70.84,0.038,1.0,2,1560612239868,24217348,251
2019-06-15 15:30:08.720,0.4,sell,8750.29,BTC-28JUN19-8500-P,73.93,0.04,0.4,0,1560612608720,24217899,252
2019-06-15 15:30:20.473,0.4,sell,8751.18,BTC-28JUN19-8500-P,73.98,0.04,0.4,1,1560612620473,24217924,253
2019-06-15 15:31:52.501,24.0,sell,8767.77,BTC-28JUN19-8500-P,75.21,0.04,24.0,1,1560612712501,24218321,254
2019-06-15 15:32:05.722,2.0,sell,8772.25,BTC-28JUN19-8500-P,75.47,0.04,2.0,1,1560612725722,24218461,255
2019-06-15 15:33:04.966,1.0,sell,8771.47,BTC-28JUN19-8500-P,74.93,0.04,1.0,1,1560612784966,24218660,256
2019-06-15 15:34:19.898,0.4,sell,8771.07,BTC-28JUN19-8500-P,75.19,0.04,0.4,1,1560612859898,24218794,257
2019-06-15 15:34:26.634,0.4,sell,8776.44,BTC-28JUN19-8500-P,75.39,0.04,0.4,1,1560612866634,24218911,258
2019-06-15 15:34:26.817,0.4,sell,8776.44,BTC-28JUN19-8500-P,75.39,0.04,0.4,1,1560612866817,24218915,259
2019-06-15 15:34:26.942,0.4,sell,8776.44,BTC-28JUN19-8500-P,75.39,0.04,0.4,1,1560612866942,24218923,260
2019-06-15 15:34:28.117,0.4,sell,8778.24,BTC-28JUN19-8500-P,75.58,0.04,0.4,1,1560612868117,24218935,261
2019-06-15 15:35:41.621,0.4,sell,8793.86,BTC-28JUN19-8500-P,76.47,0.04,0.4,1,1560612941621,24219314,262
2019-06-15 15:35:44.026,2.0,sell,8794.1,BTC-28JUN19-8500-P,76.66,0.04,2.0,1,1560612944026,24219390,263
2019-06-15 15:35:45.847,0.4,sell,8795.71,BTC-28JUN19-8500-P,76.84,0.04,0.4,1,1560612945847,24219410,264
2019-06-15 15:35:46.384,0.4,sell,8795.71,BTC-28JUN19-8500-P,76.84,0.04,0.4,1,1560612946384,24219440,265
2019-06-15 15:35:47.970,17.0,sell,8796.76,BTC-28JUN19-8500-P,76.96,0.04,17.0,1,1560612947970,24219466,266
2019-06-15 15:35:54.325,0.4,sell,8809.05,BTC-28JUN19-8500-P,76.42,0.039,0.4,2,1560612954325,24219558,267
2019-06-15 15:35:54.470,0.4,sell,8809.22,BTC-28JUN19-8500-P,76.42,0.039,0.4,3,1560612954470,24219560,268
2019-06-15 15:36:05.490,0.4,sell,8814.45,BTC-28JUN19-8500-P,76.72,0.039,0.4,3,1560612965490,24219761,269
2019-06-15 15:36:05.603,0.4,sell,8814.45,BTC-28JUN19-8500-P,76.72,0.039,0.4,3,1560612965603,24219763,270
2019-06-15 15:36:05.800,0.4,sell,8814.45,BTC-28JUN19-8500-P,76.72,0.039,0.4,3,1560612965800,24219764,271
2019-06-15 15:36:06.027,0.4,sell,8814.45,BTC-28JUN19-8500-P,76.72,0.039,0.4,3,1560612966027,24219776,272
2019-06-15 15:36:13.047,5.0,sell,8805.13,BTC-28JUN19-8500-P,75.95,0.039,5.0,3,1560612973047,24219928,273
2019-06-15 15:38:25.081,0.1,sell,8797.15,BTC-28JUN19-8500-P,75.45,0.039,0.1,3,1560613105081,24220508,274
2019-06-15 15:38:55.254,0.1,sell,8787.19,BTC-28JUN19-8500-P,74.68,0.039,0.1,3,1560613135254,24220629,275
2019-06-15 15:41:07.572,0.1,sell,8815.32,BTC-28JUN19-8500-P,76.9,0.039,0.1,3,1560613267572,24221167,276
2019-06-15 15:47:06.326,5.0,sell,8815.82,BTC-28JUN19-8500-P,77.52,0.0395,5.0,0,1560613626326,24221823,277
2019-06-15 15:49:04.988,30.0,sell,8788.8,BTC-28JUN19-8500-P,75.82,0.0395,30.0,1,1560613744988,24222531,278
2019-06-15 15:49:49.434,1.0,buy,8772.17,BTC-28JUN19-8500-P,75.33,0.04,1.0,0,1560613789434,24222718,279
2019-06-15 15:50:52.623,6.3,buy,8777.41,BTC-28JUN19-8500-P,78.04,0.0415,6.3,0,1560613852623,24222936,280
2019-06-15 16:40:08.410,1.0,sell,8837.38,BTC-28JUN19-8500-P,71.12,0.034,1.0,2,1560616808410,24229958,281
2019-06-15 17:39:08.948,4.6000000000000005,buy,8805.05,BTC-28JUN19-8500-P,77.7,0.04,4.6000000000000005,1,1560620348948,24236548,283
2019-06-15 17:39:08.948,0.4,buy,8805.05,BTC-28JUN19-8500-P,77.7,0.04,0.4,0,1560620348948,24236547,282
2019-06-15 17:43:54.739,0.1,sell,8805.61,BTC-28JUN19-8500-P,72.98,0.0365,0.1,2,1560620634739,24236884,284
2019-06-15 17:54:37.712,5.0,buy,8820.3,BTC-28JUN19-8500-P,77.54,0.039,5.0,0,1560621277712,24237291,285
2019-06-15 18:35:29.815,0.4,buy,8846.98,BTC-28JUN19-8500-P,73.77,0.035,0.4,2,1560623729815,24239885,286
2019-06-15 18:36:55.190,2.0,buy,8839.51,BTC-28JUN19-8500-P,73.12,0.035,2.0,3,1560623815190,24239949,287
2019-06-15 18:36:57.596,0.4,buy,8839.63,BTC-28JUN19-8500-P,73.15,0.035,0.4,3,1560623817596,24239951,288
2019-06-15 18:36:57.947,0.2,buy,8839.63,BTC-28JUN19-8500-P,73.15,0.035,0.2,3,1560623817947,24239956,289
2019-06-15 19:44:37.020,1.0,buy,8865.38,BTC-28JUN19-8500-P,77.85,0.037000000000000005,1.0,0,1560627877020,24242996,290
2019-06-16 01:23:37.016,0.1,sell,8930.91,BTC-28JUN19-8500-P,75.07,0.0315,0.1,2,1560648217016,24260296,291
2019-06-16 01:53:52.730,0.1,sell,9010.76,BTC-28JUN19-8500-P,77.18,0.03,0.1,2,1560650032730,24270043,292
2019-06-16 01:55:44.242,0.1,buy,8981.17,BTC-28JUN19-8500-P,75.91,0.03,0.1,3,1560650144242,24270383,293
2019-06-16 02:27:52.217,0.6,sell,8981.34,BTC-28JUN19-8500-P,73.47,0.027999999999999997,0.6,2,1560652072217,24272921,294
2019-06-16 02:27:52.217,0.6,sell,8981.34,BTC-28JUN19-8500-P,72.69,0.0275,0.6,2,1560652072217,24272922,295
2019-06-16 02:33:34.828,0.2,sell,8985.82,BTC-28JUN19-8500-P,73.46,0.027999999999999997,0.2,0,1560652414828,24273114,296
2019-06-16 02:34:16.297,0.1,sell,8985.06,BTC-28JUN19-8500-P,73.47,0.027999999999999997,0.1,1,1560652456297,24273123,297
2019-06-16 02:36:02.445,0.3,buy,8985.22,BTC-28JUN19-8500-P,73.84,0.027999999999999997,0.3,1,1560652562445,24273180,298
2019-06-16 02:51:07.357,0.2,buy,8985.83,BTC-28JUN19-8500-P,74.46,0.0285,0.2,0,1560653467357,24274077,299
2019-06-16 06:16:30.376,0.6,sell,9251.88,BTC-28JUN19-8500-P,81.67,0.0225,0.6,2,1560665790376,24306373,300
2019-06-16 06:48:43.204,2.0,sell,9300.05,BTC-28JUN19-8500-P,79.69,0.0205,2.0,2,1560667723204,24309903,301
2019-06-16 08:04:02.170,4.0,sell,9358.2,BTC-28JUN19-8500-P,84.06,0.021,4.0,1,1560672242170,24315782,303
2019-06-16 08:04:02.170,1.0,sell,9358.2,BTC-28JUN19-8500-P,84.06,0.021,1.0,0,1560672242170,24315781,302
2019-06-16 09:11:03.976,1.0,sell,9145.72,BTC-28JUN19-8500-P,84.85,0.0275,1.0,0,1560676263976,24339477,304
2019-06-16 09:20:14.591,3.0,sell,9112.98,BTC-28JUN19-8500-P,81.58,0.0265,3.0,2,1560676814591,24340619,305
2019-06-16 11:38:38.327,0.6,sell,9078.78,BTC-28JUN19-8500-P,78.92,0.0255,0.6,2,1560685118327,24354017,306
2019-06-16 14:02:56.585,2.0,sell,9257.66,BTC-28JUN19-8500-P,84.51,0.023,2.0,2,1560693776585,24369284,307
2019-06-16 15:37:31.949,1.5,sell,9216.24,BTC-28JUN19-8500-P,80.66,0.022000000000000002,1.5,2,1560699451949,24379647,308
2019-06-16 15:59:14.374,1.0,sell,9241.49,BTC-28JUN19-8500-P,81.33,0.022000000000000002,1.0,3,1560700754374,24381852,309
2019-06-16 16:58:55.117,5.0,sell,9199.89,BTC-28JUN19-8500-P,77.63,0.0205,5.0,2,1560704335117,24385618,310
2019-06-16 17:23:04.991,1.0,sell,9118.31,BTC-28JUN19-8500-P,76.59,0.0225,1.0,0,1560705784991,24387725,311
2019-06-16 20:30:53.007,0.2,buy,8888.14,BTC-28JUN19-8500-P,83.68,0.034,0.2,0,1560717053007,24423884,312
2019-06-17 00:24:56.242,0.2,sell,9123.55,BTC-28JUN19-8500-P,86.64,0.027999999999999997,0.2,2,1560731096242,24440769,313
2019-06-17 05:36:44.656,0.3,sell,9216.53,BTC-28JUN19-8500-P,85.66,0.025,0.3,2,1560749804656,24465017,314
2019-06-17 13:53:16.293,0.4,sell,9285.09,BTC-28JUN19-8500-P,92.7,0.0255,0.4,0,1560779596293,24502887,315
2019-06-17 20:06:21.461,2.0,sell,9365.19,BTC-28JUN19-8500-P,91.84,0.022000000000000002,2.0,2,1560801981461,24553509,316
2019-06-17 21:29:40.679,6.0,buy,9274.13,BTC-28JUN19-8500-P,95.7,0.0265,6.0,1,1560806980679,24568307,318
2019-06-17 21:29:40.679,24.0,buy,9274.13,BTC-28JUN19-8500-P,95.7,0.0265,24.0,0,1560806980679,24568306,317
2019-06-17 22:45:22.552,0.2,buy,9348.92,BTC-28JUN19-8500-P,92.78,0.0225,0.2,2,1560811522552,24575686,319
2019-06-18 00:27:40.423,5.0,sell,9297.28,BTC-28JUN19-8500-P,93.83,0.0245,5.0,0,1560817660423,24602545,320
2019-06-18 00:27:40.423,10.0,sell,9297.28,BTC-28JUN19-8500-P,91.92,0.0235,10.0,2,1560817660423,24602546,321
2019-06-18 00:30:25.518,4.9,sell,9314.79,BTC-28JUN19-8500-P,92.33,0.023,4.9,2,1560817825518,24602854,322
2019-06-18 00:31:40.072,2.0,buy,9310.23,BTC-28JUN19-8500-P,92.92,0.0235,2.0,0,1560817900072,24602929,323
2019-06-18 00:32:10.104,2.0,buy,9306.77,BTC-28JUN19-8500-P,92.59,0.0235,2.0,1,1560817930104,24602948,324
2019-06-18 00:46:04.245,15.0,buy,9295.85,BTC-28JUN19-8500-P,93.01,0.024,15.0,0,1560818764245,24603928,325
2019-06-18 01:49:25.123,0.3,sell,9326.56,BTC-28JUN19-8500-P,91.09,0.022000000000000002,0.3,2,1560822565123,24609210,326
2019-06-18 02:16:10.753,2.0,buy,9295.63,BTC-28JUN19-8500-P,94.71,0.0245,2.0,0,1560824170753,24609941,327
2019-06-18 05:12:30.625,0.2,buy,9208.69,BTC-28JUN19-8500-P,91.07,0.025,0.2,0,1560834750625,24617929,328
2019-06-18 07:21:43.421,0.1,buy,9136.3,BTC-28JUN19-8500-P,95.65,0.03,0.1,0,1560842503421,24628100,329
2019-06-18 07:22:00.916,0.9,sell,9130.85,BTC-28JUN19-8500-P,97.26,0.031,0.9,0,1560842520916,24628186,330
2019-06-18 08:47:52.934,10.0,sell,9151.81,BTC-28JUN19-8500-P,91.92,0.027000000000000003,10.0,2,1560847672934,24636449,331
2019-06-18 08:56:39.838,3.0,sell,9172.71,BTC-28JUN19-8500-P,92.16,0.0265,3.0,2,1560848199838,24637040,332
2019-06-18 09:44:57.986,1.0,sell,9229.16,BTC-28JUN19-8500-P,95.22,0.0265,1.0,3,1560851097986,24639965,333
2019-06-18 15:31:25.289,0.1,buy,8985.52,BTC-28JUN19-8500-P,95.05,0.0335,0.1,0,1560871885289,24660939,334
2019-06-18 15:33:10.052,1.0,buy,8988.9,BTC-28JUN19-8500-P,95.78,0.0335,1.0,1,1560871990052,24662650,335
2019-06-18 15:37:55.517,24.0,buy,9023.54,BTC-28JUN19-8500-P,95.51,0.0325,24.0,2,1560872275517,24664136,336
2019-06-18 15:37:55.517,7.5,buy,9023.54,BTC-28JUN19-8500-P,95.51,0.0325,7.5,3,1560872275517,24664137,337
2019-06-18 15:38:00.838,3.0,sell,9024.47,BTC-28JUN19-8500-P,95.55,0.0325,3.0,3,1560872280838,24664139,338
2019-06-18 15:38:05.826,5.0,sell,9026.29,BTC-28JUN19-8500-P,95.59,0.0325,5.0,3,1560872285826,24664170,339
2019-06-18 15:38:10.705,5.5,sell,9027.9,BTC-28JUN19-8500-P,95.77,0.0325,5.5,3,1560872290705,24664216,340
2019-06-18 15:38:36.935,5.0,sell,9053.77,BTC-28JUN19-8500-P,97.55,0.0325,5.0,3,1560872316935,24664421,341
2019-06-18 15:40:16.153,1.0,sell,9055.13,BTC-28JUN19-8500-P,91.48,0.028999999999999998,1.0,2,1560872416153,24664728,342
2019-06-18 16:53:28.059,0.2,buy,9005.54,BTC-28JUN19-8500-P,97.46,0.034,0.2,0,1560876808059,24669770,343
2019-06-18 16:54:02.750,0.3,sell,9009.69,BTC-28JUN19-8500-P,90.73,0.03,0.3,2,1560876842750,24669800,344
2019-06-18 17:03:03.002,0.3,buy,9023.6,BTC-28JUN19-8500-P,91.93,0.03,0.3,3,1560877383002,24671966,345
2019-06-18 19:41:34.059,0.2,sell,9111.49,BTC-28JUN19-8500-P,91.5,0.027000000000000003,0.2,2,1560886894059,24685618,346
2019-06-18 21:34:11.122,0.3,sell,9100.8,BTC-28JUN19-8500-P,91.56,0.0275,0.3,0,1560893651122,24692447,347
2019-06-18 22:28:51.576,2.0,sell,9022.16,BTC-28JUN19-8500-P,91.29,0.03,2.0,0,1560896931576,24700385,348
2019-06-18 22:29:04.334,1.0,sell,9019.38,BTC-28JUN19-8500-P,91.1,0.03,1.0,1,1560896944334,24700401,349
2019-06-18 22:59:01.144,2.0,sell,9004.22,BTC-28JUN19-8500-P,88.77,0.028999999999999998,2.0,2,1560898741144,24702543,350
2019-06-18 23:10:36.931,1.0,sell,8993.67,BTC-28JUN19-8500-P,88.89,0.0295,1.0,0,1560899436931,24703097,351
2019-06-19 04:22:36.227,1.0,sell,9190.99,BTC-28JUN19-8500-P,90.55,0.023,1.0,2,1560918156227,24717952,352
2019-06-19 04:26:24.415,15.0,sell,9179.42,BTC-28JUN19-8500-P,90.65,0.0235,15.0,0,1560918384415,24718068,353
2019-06-19 04:32:43.853,15.0,sell,9182.2,BTC-28JUN19-8500-P,89.9,0.023,15.0,2,1560918763853,24718177,354
2019-06-19 06:24:06.083,0.3,sell,9177.13,BTC-28JUN19-8500-P,88.06,0.022000000000000002,0.3,2,1560925446083,24720891,355
2019-06-19 07:09:15.114,0.1,buy,9138.77,BTC-28JUN19-8500-P,88.84,0.0235,0.1,0,1560928155114,24721789,356
2019-06-19 07:14:13.825,15.0,sell,9137.13,BTC-28JUN19-8500-P,88.83,0.0235,15.0,1,1560928453825,24721996,357
2019-06-19 07:15:43.926,10.0,sell,9148.29,BTC-28JUN19-8500-P,89.6,0.0235,10.0,1,1560928543926,24722071,358
2019-06-19 08:17:12.466,0.1,sell,9171.4,BTC-28JUN19-8500-P,88.08,0.022000000000000002,0.1,2,1560932232466,24723843,359
2019-06-19 08:36:05.012,0.2,sell,9168.37,BTC-28JUN19-8500-P,87.82,0.022000000000000002,0.2,3,1560933365012,24724257,360
2019-06-19 09:18:43.268,0.2,buy,9150.35,BTC-28JUN19-8500-P,88.76,0.023,0.2,0,1560935923268,24725138,361
2019-06-19 09:18:57.462,0.2,buy,9144.74,BTC-28JUN19-8500-P,89.44,0.0235,0.2,0,1560935937462,24725242,362
2019-06-19 09:22:22.922,1.0,sell,9151.93,BTC-28JUN19-8500-P,89.03,0.023,1.0,2,1560936142922,24725372,363
2019-06-19 09:30:54.125,15.0,sell,9135.33,BTC-28JUN19-8500-P,88.82,0.0235,15.0,0,1560936654125,24725788,364
2019-06-19 10:13:31.639,0.4,sell,9098.86,BTC-28JUN19-8500-P,89.08,0.0245,0.4,0,1560939211639,24728970,365
2019-06-19 13:15:28.573,0.1,buy,9057.41,BTC-28JUN19-8500-P,88.0,0.025,0.1,1,1560950128573,24736262,367
2019-06-19 13:15:28.573,0.5,buy,9057.41,BTC-28JUN19-8500-P,88.0,0.025,0.5,0,1560950128573,24736261,366
2019-06-19 15:44:14.629,0.1,buy,9075.09,BTC-28JUN19-8500-P,93.4,0.027000000000000003,0.1,0,1560959054629,24747884,368
2019-06-19 16:01:49.199,0.1,sell,9099.86,BTC-28JUN19-8500-P,89.34,0.024,0.1,2,1560960109199,24748943,369
2019-06-19 16:26:50.611,0.2,buy,9100.28,BTC-28JUN19-8500-P,88.45,0.0235,0.2,2,1560961610611,24750039,370
2019-06-20 02:03:52.777,6.1000000000000005,sell,9284.41,BTC-28JUN19-8500-P,89.29,0.0175,6.1000000000000005,2,1560996232777,24781339,371
2019-06-20 03:36:54.002,0.1,sell,9335.7,BTC-28JUN19-8500-P,86.77,0.015,0.1,2,1561001814002,24784793,372
2019-06-20 03:48:48.846,0.1,sell,9353.58,BTC-28JUN19-8500-P,87.01,0.0145,0.1,2,1561002528846,24786088,373
2019-06-20 03:48:49.004,9.9,buy,9353.58,BTC-28JUN19-8500-P,87.01,0.0145,9.9,3,1561002529004,24786089,374
2019-06-20 04:47:01.388,24.0,sell,9299.74,BTC-28JUN19-8500-P,86.04,0.0155,24.0,0,1561006021388,24788812,375
2019-06-20 04:47:01.388,26.0,sell,9299.74,BTC-28JUN19-8500-P,86.04,0.0155,26.0,1,1561006021388,24788813,376
2019-06-20 07:12:05.381,6.0,sell,9310.25,BTC-28JUN19-8500-P,87.39,0.0155,6.0,1,1561014725381,24792052,377
2019-06-20 10:46:07.824,2.0,sell,9253.19,BTC-28JUN19-8500-P,85.44,0.016,2.0,0,1561027567824,24803615,378
2019-06-20 11:16:28.855,0.1,buy,9238.02,BTC-28JUN19-8500-P,84.96,0.016,0.1,1,1561029388855,24804436,379
2019-06-20 13:07:01.537,1.0,buy,9288.81,BTC-28JUN19-8500-P,87.08,0.0155,1.0,2,1561036021537,24808327,380
2019-06-20 14:05:47.779,0.1,sell,9323.09,BTC-28JUN19-8500-P,85.5,0.013999999999999999,0.1,2,1561039547779,24812576,381
2019-06-20 14:45:03.759,0.1,sell,9347.97,BTC-28JUN19-8500-P,85.69,0.0135,0.1,2,1561041903759,24815316,382
2019-06-20 14:45:03.759,1.9,sell,9347.97,BTC-28JUN19-8500-P,85.69,0.0135,1.9,3,1561041903759,24815317,383
2019-06-20 15:00:45.514,0.2,buy,9368.62,BTC-28JUN19-8500-P,86.0,0.013000000000000001,0.2,2,1561042845514,24817621,384
2019-06-20 15:56:06.468,0.5,sell,9424.31,BTC-28JUN19-8500-P,89.11,0.013000000000000001,0.5,3,1561046166468,24823617,385
2019-06-20 15:56:29.302,0.1,sell,9418.25,BTC-28JUN19-8500-P,87.02,0.0125,0.1,2,1561046189302,24823799,386
