date_utc,amount,direction,indexPrice,instrument,iv,price,quantity,tickDirection,timeStamp,tradeId,tradeSeq
2019-03-21 14:39:09.988,30.0,sell,136.36,ETH-28JUN19-190-C,86.4,0.07,30.0,1,1553179149988,86290,1
2019-03-21 15:29:38.426,2.0,buy,134.7,ETH-28JUN19-190-C,87.11,0.068,2.0,2,1553182178426,92156,2
2019-03-21 21:36:44.618,6.0,buy,135.46,ETH-28JUN19-190-C,78.7,0.054000000000000006,6.0,2,1553204204618,95263,3
2019-03-22 10:17:21.184,10.0,sell,135.6,ETH-28JUN19-190-C,76.33,0.05,10.0,2,1553249841184,99313,4
2019-03-22 21:52:05.830,1.0,sell,136.07,ETH-28JUN19-190-C,72.81,0.044,1.0,2,1553291525830,105187,5
2019-03-25 04:13:55.314,30.0,buy,135.54,ETH-28JUN19-190-C,74.49,0.046,30.0,0,1553487235314,130227,6
2019-03-25 21:48:14.812,1.0,sell,132.02,ETH-28JUN19-190-C,73.71,0.04,1.0,2,1553550494812,147929,7
2019-03-26 06:24:08.731,1.0,sell,132.93,ETH-28JUN19-190-C,72.43,0.039,1.0,2,1553581448731,151688,8
2019-03-26 16:06:15.300,120.0,sell,132.91,ETH-28JUN19-190-C,70.01,0.035,120.0,2,1553616375300,157540,9
2019-03-26 16:08:15.098,89.0,sell,132.92,ETH-28JUN19-190-C,69.96,0.035,89.0,3,1553616495098,157544,10
2019-03-26 16:26:28.581,120.0,sell,132.75,ETH-28JUN19-190-C,69.44,0.034,120.0,2,1553617588581,158032,11
2019-03-26 16:51:54.964,90.0,sell,132.48,ETH-28JUN19-190-C,69.6,0.034,90.0,3,1553619114964,158262,12
2019-03-26 19:39:16.877,87.0,sell,133.07,ETH-28JUN19-190-C,68.51,0.033,87.0,2,1553629156877,159876,13
2019-03-26 20:46:33.507,136.0,sell,133.42,ETH-28JUN19-190-C,67.51,0.032,136.0,2,1553633193507,160640,14
2019-03-27 13:56:36.711,10.0,buy,137.79,ETH-28JUN19-190-C,68.24,0.039,10.0,0,1553694996711,174832,15
2019-03-28 14:57:10.091,1.0,sell,137.89,ETH-28JUN19-190-C,65.83,0.035,1.0,2,1553785030091,186158,16
2019-03-29 08:08:48.846,1.0,buy,137.89,ETH-28JUN19-190-C,71.46,0.043,1.0,0,1553846928846,193604,17
2019-03-29 08:36:46.841,110.0,sell,138.14,ETH-28JUN19-190-C,63.87,0.032,110.0,2,1553848606841,193745,18
2019-03-29 23:45:51.981,10.0,buy,142.78,ETH-28JUN19-190-C,64.19,0.039,10.0,0,1553903151981,205685,19
2019-03-30 00:48:52.189,1.0,buy,145.29,ETH-28JUN19-190-C,64.49,0.043,1.0,0,1553906932189,208995,20
2019-03-30 02:44:50.032,1.0,buy,144.42,ETH-28JUN19-190-C,65.34,0.043,1.0,1,1553913890032,211089,21
2019-03-31 00:18:38.703,1.0,buy,141.98,ETH-28JUN19-190-C,68.25,0.045,1.0,0,1553991518703,222386,22
2019-04-02 18:36:04.008,293.0,buy,157.33,ETH-28JUN19-190-C,72.83,0.079,293.0,0,1554230164008,312238,23
2019-04-02 19:45:25.668,1.0,buy,159.82,ETH-28JUN19-190-C,69.0,0.077,1.0,2,1554234325668,315408,24
2019-04-03 01:10:05.739,4.0,buy,168.04,ETH-28JUN19-190-C,72.29,0.098,4.0,0,1554253805739,342469,25
2019-04-03 01:10:39.610,1.0,buy,168.01,ETH-28JUN19-190-C,72.16,0.098,1.0,1,1554253839610,342501,26
2019-04-03 02:52:12.223,376.0,buy,175.26,ETH-28JUN19-190-C,73.81,0.116,376.0,0,1554259932223,348196,27
2019-04-03 21:03:57.061,50.0,buy,178.7,ETH-28JUN19-190-C,76.52,0.134,50.0,0,1554325437061,403548,28
2019-04-03 22:08:13.417,1.0,sell,175.2,ETH-28JUN19-190-C,75.69,0.125,1.0,2,1554329293417,408686,29
2019-04-03 22:42:00.687,9.0,sell,169.28,ETH-28JUN19-190-C,81.78,0.125,9.0,3,1554331320687,412025,30
2019-04-04 04:30:44.588,25.0,buy,162.25,ETH-28JUN19-190-C,80.83,0.10300000000000001,25.0,2,1554352244588,433206,31
2019-04-04 12:54:56.890,50.0,buy,162.12,ETH-28JUN19-190-C,82.69,0.106,50.0,0,1554382496890,442552,32
2019-04-05 04:51:06.662,10.0,buy,160.35,ETH-28JUN19-190-C,80.84,0.102,10.0,2,1554439866662,465687,33
2019-04-05 09:26:28.482,18.0,buy,163.31,ETH-28JUN19-190-C,78.52,0.102,18.0,3,1554456388482,473458,34
2019-04-06 18:42:53.732,1.0,sell,168.39,ETH-28JUN19-190-C,73.98,0.101,1.0,2,1554576173732,509394,35
2019-04-06 19:54:25.865,36.0,buy,170.67,ETH-28JUN19-190-C,80.41,0.119,36.0,0,1554580465865,514030,36
2019-04-06 19:57:29.683,36.0,buy,170.54,ETH-28JUN19-190-C,80.21,0.118,36.0,2,1554580649683,514322,37
2019-04-06 19:57:41.189,36.0,buy,170.19,ETH-28JUN19-190-C,79.84,0.117,36.0,2,1554580661189,514351,38
2019-04-06 19:58:06.351,36.0,buy,169.92,ETH-28JUN19-190-C,79.77,0.117,36.0,3,1554580686351,514420,39
2019-04-06 19:58:29.348,36.0,buy,169.88,ETH-28JUN19-190-C,79.95,0.117,36.0,3,1554580709348,514503,40
2019-04-06 19:59:43.993,36.0,buy,170.22,ETH-28JUN19-190-C,80.04,0.118,36.0,0,1554580783993,514680,41
2019-04-06 20:00:29.853,36.0,buy,170.15,ETH-28JUN19-190-C,79.62,0.117,36.0,2,1554580829853,514809,42
2019-04-06 20:01:51.181,36.0,buy,170.44,ETH-28JUN19-190-C,80.66,0.118,36.0,0,1554580911181,515061,43
2019-04-07 10:48:57.060,5.0,buy,168.28,ETH-28JUN19-190-C,78.42,0.111,5.0,2,1554634137060,543184,44
2019-04-08 02:59:42.956,36.0,sell,182.66,ETH-28JUN19-190-C,82.38,0.16,36.0,0,1554692382956,602897,45
2019-04-08 09:01:42.376,36.0,buy,180.66,ETH-28JUN19-190-C,73.97,0.136,36.0,2,1554714102376,621297,46
